4334 6242
885 455 967 521 90
1579 475 1643 521 ΙΝ
1684 476 1906 522 Lunum
1947 476 1991 521 11
2034 474 2516 521 SENTENTIARUM.
2561 493 2642 503 -
2682 475 2834 521 ms'r.
2883 475 2944 537 13
2987 476 3210 531 QUAEST.
3253 476 3295 521 V

890 652 1135 707 motum
1166 667 1202 708 a
1240 648 1454 710 datore
1493 647 1842 711 formarum
1881 648 1959 709 ad
2001 648 2331 709 materiam
2366 646 2462 709 :A
2494 646 2648 729 quid
2707 646 3005 709 bonitatis
3065 654 3128 708 et
3185 646 3465 709 entitatis
3523 654 3618 709 est
3677 646 3742 707 in
3795 644 3990 709 totius

892 744 1060 823 quod
1106 754 1201 807 est
1244 764 1600 808 erroneum.
1640 747 1862 809 Forma
1912 764 2209 828 namque,
2245 764 2386 827 quae

889 850 987 904 est
1025 844 1299 907 essentia
1337 853 1400 908 et.
1433 846 1664 907 veritas
1706 845 1819 918 rei,
1854 845 2208 907 secundum
2251 845 2387 926 phi-

892 940 1242 1023 losophiam
1285 962 1357 1005 ae
1401 944 1804 1025 theologiam,
1838 944 2133 1006 educitur
2161 944 2238 1006 de
2281 961 2387 1025 po-

890 1042 1087 1103 tentia
1122 1043 1411 1112 materiae,
1432 1051 1492 1105 et
1525 1062 1649 1105 non
1680 1044 1760 1105 ab
1791 1044 2147 1106 extrinseco
2178 1043 2388 1125 aliquo

892 1138 956 1200 in
1007 1140 1211 1221 ipsam
1262 1142 1586 1203 inducitur
1628 1160 1641 1203 :
1686 1142 1855 1223 quod
1906 1160 2033 1203 non
2089 1142 2388 1203 convenit

893 1238 1031 1300 loco
1078 1246 1141 1300 et
1190 1239 1413 1313 locat0,
1463 1258 1734 1321 quorum
1787 1248 2085 1302 neutrum
2136 1241 2214 1302 de
2262 1240 2387 1303 alio

891 1336 1201 1398 educitur.
1245 1338 1388 1400 Haec
1430 1338 1745 1401 Albertus.

970 1435 1157 1497 Porro
1216 1436 1544 1498 Udalricus
1599 1437 1663 1499 in
1716 1438 1976 1499 Summa
2034 1456 2169 1509 sua,
2225 1435 2388 1499 libro

891 1539 1137 1614 quarto,
1173 1533 1441 1595 fatetur:
1466 1534 1740 1597 Platonis
1772 1535 2039 1597 intentio
2068 1542 2186 1608 est,
2219 1536 2388 1617 quod

892 1650 1083 1712 supra
1143 1632 1575 1713 probavimus,
1640 1640 1858 1714 utpote
1915 1640 2192 1694 creatam
2251 1652 2388 1695 esse

894 1729 1243 1791 materiam.
1279 1731 1577 1803 Quamvis
1620 1731 1791 1791 enim
1839 1730 1903 1791 in
1944 1730 2179 1793 Timaeo
2221 1730 2389 1792 dicat

2494 743 2748 807 entibus
2781 745 3085 819 universi,
3118 765 3154 807 a
3191 763 3444 807 summo
3473 752 3538 805 et
3575 764 3691 825 per
3721 764 3789 806 se
3825 743 3992 806 bono

2483 851 2557 905 'et
2586 863 2622 904 a
2655 844 2862 925 primo
2891 850 3036 905 ente
3068 842 3393 925 profluxit.
3427 879 3508 888 —
3538 842 3824 923 Denique
3854 842 3994 904 Pro-

2495 942 2633 1004 clus
2682 942 3062 1015 PlatonicuS,
3107 942 3216 1024 qui
3268 949 3338 1002 ut
3385 942 3655 1003 Thomas
3707 941 3772 1001 in
3827 958 3996 1002 com-

2497 1049 2712 1103 mento
2751 1059 2867 1103 suo
2910 1059 3104 1123 super
3149 1040 3384 1102 librum
3429 1041 3506 1102 de
3551 1040 3770 1102 Causis
3816 1037 3994 1101 affir-

2497 1147 2648 1210 mat,
2684 1146 2878 1201 totam
2925 1140 3204 1219 magistri
3253 1140 3351 1202 sui
3395 1138 3668 1201 Platonis
3709 1146 3996 1200 mentem

2497 1237 2561 1298 in
2595 1236 3097 1299 Elementatione
3137 1256 3251 1299 sua
3292 1236 3642 1317 theologica
3681 1234 3999 1317 expressit

2495 1344 2684 1417 atque
2743 1336 3004 1417 redegit,
3057 1336 3123 1397 in
3181 1336 3403 1398 eadem
3465 1335 3995 1406 Elementatione,

2496 1435 2884 1496 theoremate
2933 1434 3400 1515 septuagesimo
3447 1434 3748 1507 secunde,
3797 1433 3998 1495 disse-

2498 1532 2625 1593 ruit
2659 1550 2673 1594 :
2710 1532 2935 1595 Omnia
2978 1552 3119 1613 quae
3163 1532 3228 1593 in
3269 1532 3802 1614 participantibus
3845 1531 3998 1593 sub·

2494 1630 2726 1710 jectam
2759 1629 2996 1692 habent.
3029 1630 3361 1704 rationem,
3394 1650 3473 1693 ex
3505 1629 3998 1712 perfectioribus

2499 1730 2850 1811 procedunt
2898 1737 2962 1791 et
3014 1729 3412 1792 totalioribus
3463 1730 3690 1791 causis,
3741 1729 3999 1791 Partici-

894 1828 1205 1889 mundum
1247 1847 1323 1889 ex
1370 1829 1629 1890 materia
1670 1829 1750 1891 ab
1794 1827 2033 1910 opifice
2073 1828 2384 1909 generari,
2424 1831 2471 1892 B
2500 1828 2716 1909 pantia
2763 1836 2976 1889 autem
3029 1836 3209 1890 vocat
3259 1826 3580 1901 inferiora,
3620 1847 3760 1909 quae
3811 1847 3998 1909 supe-

894 1935 1104 1989 tamen
1154 1926 1357 2008 ipsam
1401 1928 1731 1989 materiam
1775 1926 1855 1989 ab
1897 1927 2134 2008 opifice
2178 1927 2389 1990 condi-

893 2033 1021 2087 tam
1070 2044 1183 2087 seu
1232 2033 1505 2087 creatam
1555 2033 1841 2101 testatur,
1876 2044 2224 2107 omnesque
2269 2025 2391 2088 for-

896 2144 1029 2186 mas
1058 2125 1117 2187 ei
1148 2124 1228 2186 ab
1268 2124 1623 2187 extrinseco
1664 2123 1872 2186 influi.
1909 2125 2113 2199 Quum
2148 2124 2387 2185 etenim

894 2222 1098 2285 forma
1126 2222 1209 2283 sit
1235 2222 1317 2283 ab
1346 2222 1492 2295 alio,
1518 2222 1570 2283 si
1605 2222 1870 2284 materia
1897 2240 2021 2284 non
2052 2229 2220 2284 esset
2251 2239 2391 2304 pro-

892 2322 1103 2395 ducta,
1136 2322 1243 2383 sed
1285 2340 1398 2383 ens
1440 2340 1555 2402 per
1590 2340 1657 2384 se
1696 2331 1759 2384 et
1798 2342 1875 2384 ex
1916 2340 2004 2395 se,
2039 2329 2206 2383 esset
2255 2340 2390 2401 per-

891 2419 1119 2482 fect-ior
1158 2420 1361 2482 forma
1396 2437 1409 2481 ε
1443 2420 1595 2501 quia
1635 2421 1804 2501 quod
1847 2427 1944 2481 est
1986 2438 2098 2481 ens
2140 2438 2254 2500 per
2297 2438 2385 2491 se,

894 2518 1295 2599 praestantius
1325 2523 1418 2579 est
1449 2536 1525 2579 eo
1555 2518 1721 2598 quod
1754 2524 1847 2579 est
1879 2536 1992 2578 ens
2022 2516 2103 2578 ab
2133 2516 2278 2578 alio.
2311 2551 2390 2561 —-

893 2618 1033 2679 Haec
1080 2615 1426 2678 Udalricus.
1479 2616 1709 2697 Sicque
1752 2615 2004 2678 videtur
2052 2614 2388 2676 dissentire

891 2716 973 2777 ab
1030 2715 1309 2787 Albert0‚
1363 2715 1581 2777 dicens
1642 2716 1969 2777 materiam
2033 2713 2387 2776 secundum

893 2815 1213 2877 Platonem
1245 2833 1384 2876 esse
1415 2822 1713 2886 creatam,
1748 2833 1938 2895 quam
1971 2811 2268 2875 Albertus
2297 2831 2390 2873 as-

894 2914 1047 2975 serit
1090 2914 1435 2975 increatam
1480 2913 1832 2974 secundum
1874 2911 2217 2974 Platonem.

971 3012 1051 3073 At
1097 3030 1248 3074 vero
1297 3012 1568 3073 Thomas
1605 3028 1618 3072 :
1654 3010 1943 3083 Quidam,
1998 3008 2228 3091 inquit,
2283 3026 2388 3090 po·
2426 3014 2468 3077 C
2499 3027 2648 3070 cens
2701 3026 2714 3069 ε

893 3118 1158 3173 suerunt
1196 3128 1386 3191 agens
1425 3118 1615 3190 atque
1662 3109 2013 3182 materiam,
2046 3109 2155 3170 sed
2198 3126 2388 3187 agens

894 3227 1021 3271 non
1083 3227 1221 3271 esse
1280 3208 1671 3289 principium
1734 3206 2033 3279 materiae,
2094 3206 2389 3287 quamvis

894 3327 1093 3369 unum
1126 3315 1371 3369 tantum
1403 3307 1484 3368 sit
1513 3325 1723 3387 agens.
1752 3306 1827 3367 Et
1856 3305 1989 3367 haec
2020 3304 2143 3366 fuit
2173 3304 2390 3384 opinio

892 3407 1273 3486 Anaxagorae
1304 3414 1365 3467 et
1394 3404 1690 3473 Platonis,
1726 3403 1848 3465 nisi
1881 3404 2049 3485 quod
2089 3402 2262 3465 Plato
2293 3422 2392 3463 su-

895 3504 1251 3586 peraddidit
1280 3503 1532 3565 tertium
1567 3502 1978 3584 principium,
1998 3501 2241 3563 scilicet
2272 3500 2393 3563 for-

895 3623 1032 3666 mas
1085 3610 1404 3683 separatas
1454 3622 1489 3664 a
1538 3602 1749 3674 rebuS,
1798 3620 1954 3683 quas
2004 3598 2394 3681 exemplaria

895 3703 1078 3778 dixit,
1111 3712 1173 3764 et
1218 3702 1459 3764 nullam
1505 3720 1724 3763 earum
1765 3719 1903 3762 esse
1948 3717 2203 3761 causam
2243 3698 2394 3759 alte-

895 3802 1051 3876 riuS,
1083 3809 1272 3883 atque
1314 3820 1428 3881 per
1463 3801 1595 3862 haec
1640 3799 1757 3860 tria
1794 3796 2035 3860 causari
2079 3796 2392 3857 mundum

895 3908 959 3961 et
999 3920 1097 3963 res
1136 3919 1213 3961 ex
1250 3898 1487 3980 quibus
1526 3898 1803 3959 mundus
1844 3902 2106 3957 constat.
2140 3930 2222 3939 —
2250 3894 2392 3955 Haec

897 4000 1166 4061 Thomas
1218 3997 1282 4058 in
1334 3996 1601 4077 Scripto.
1650 3996 1715 4056 ln
1769 3993 2003 4075 quibus
2055 3991 2395 4054 concordat

895 4098 1152 4160 Alberto
1178 4104 1279 4158 :et
1310 4103 1519 4157 tamen
1554 4094 1616 4156 in
1656 4100 2019 4155 commento
2055 4109 2169 4153 suo
2203 4108 2396 4170 super

2499 1926 2739 1987 riorum
2799 1926 3222 2008 perfectiones
3280 1926 3686 2008 participant,
3735 1932 3799 1987 et
3851 1946 3996 2007 quae

2499 2023 2564 2086 in
2596 2024 3126 2105 participantibus
3167 2024 3403 2086 habent
3443 2024 3748 2087 rationem
3782 2023 3999 2104 subje-

2497 2122 2606 2194 cti,
2642 2130 2712 2183 ut
2740 2142 2880 2203 quae
2919 2124 3062 2185 aliis
3101 2122 3536 2203 subjiciuntur
3564 2142 3638 2185 ac
3678 2122 3990 2185 substant.

2496 2222 2640 2283 Haec
2689 2222 2913 2283 asserit
2954 2242 2991 2283 a
3038 2222 3528 2303 perfectioribus
3583 2229 3644 2284 et
3694 2220 3996 2283 totaliori-

2496 2318 2616 2380 bus
2647 2338 2760 2379 seu
2792 2320 3359 2382 universalioribus
3391 2319 3601 2381 causis
3630 2320 3992 2400 procedere.

2495 2416 2622 2479 Nec
2671 2418 2938 2479 dubium
2992 2418 3145 2499 quin
3205 2418 3396 2481 etiam
3449 2418 3805 2480 secundum
3861 2417 3997 2479 Pla-

2497 2523 2734 2590 tonem,
2783 2517 2941 2578 ratio
3001 2516 3274 2596 subjecti
3333 2517 3542 2597 primo
3598 2524 3662 2577 et
3719 2516 4000 2578 maxime

2498 2621 2818 2696 competat
2867 2615 3146 2677 materiae
3197 2632 3212 2675 t
3265 2614 3504 2676 idcirco
3552 2614 3689 2695 ipsa
3739 2632 3997 2696 quoque

2495 2733 2572 2775 ex
2619 2714 2846 2795 prima,
2882 2732 3132 2776 summa
3170 2720 3232 2774 et
3273 2713 3816 2775 universalissima
3856 2731 4001 2794 pro—

2496 2813 2685 2874 ducta
2732 2818 2826 2873 est
2867 2830 3074 2873 causa.
3110 2811 3283 2885 Quod
3325 2818 3386 2873 et
3426 2810 3682 2872 Proclus
3727 2810 3790 2871 in
3839 2830 3998 2892 prae-

2496 2910 2748 2990 allegati
2788 2907 3195 2972 theorematis
3235 2916 3596 2970 commento
3635 2908 3862 2989 aperit,
3907 2909 4002 2971 di-

2770 3008 3029 3088 Propter
3078 3008 3246 3088 quod
3296 3005 3560 3068 materia
3606 3005 3868 3088 quidem
3919 3025 3998 3069 ex

2500 3124 2626 3168 uno
2667 3106 3042 3179 subsistenS,
3079 3105 3240 3168 entis
3280 3106 3630 3167 secundum
3671 3123 3738 3167 se
3768 3124 3999 3185 expers

2497 3212 2593 3267 est
2624 3203 2897 3285 speciei3
2933 3203 3212 3285 itemque
3238 3220 3252 3264 ε
3278 3202 3532 3265 Materia
3562 3202 3822 3284 quidem
3855 3203 4002 3265 sub-

2495 3303 2736 3383 jectum
2768 3302 3078 3362 exsistens
3109 3302 3506 3374 omnium,ex
3539 3301 3828 3363 omnium
3861 3320 4002 3363 cau-

2501 3420 2568 3463 sa
2628 3399 2953 3482 processit.
3013 3400 3140 3462 Hoc
3201 3400 3368 3461 idem
3427 3399 3662 3461 fatetur
3718 3418 3792 3460 ac
3854 3418 4000 3481 pro-

2500 3499 2608 3561 bat
2639 3499 3024 3560 theoremate
3055 3497 3583 3580 quinquagesimo
3615 3515 3803 3571 nono,
3837 3505 3901 3559 et
3935 3498 3998 3559 in

2501 3597 2641 3679 ejus
2673 3606 3054 3671 commento,
3091 3596 3256 3659 inter
3287 3604 3493 3659 cetera
3529 3595 3794 3677 loquens
3820 3614 3835 3657 ε
3859 3597 4004 3659 Pro-

2502 3702 2644 3778 pter
2683 3695 2802 3757 hoc
2841 3704 3199 3757 extremum
3238 3694 3483 3756 entium
3521 3701 3618 3756 est
3657 3694 4001 3775 simplicis-

2503 3794 2761 3867 simum,
2783 3793 2944 3855 sicut
2977 3802 3040 3855 et.
3071 3794 3366 3874 primum,
3388 3793 3532 3874 quia
3560 3812 3597 3855 a
3627 3793 3760 3856 solo
3791 3793 4001 3875 primo

2503 3891 2829 3975 processit.
2880 3892 2954 3954 Et
3005 3892 3212 3974 palam
3261 3893 3430 3973 quod
3483 3910 3594 3973 per
3639 3899 4000 3953 extremum

2503 3991 2748 4053 entium
2797 3991 3107 4071 intelligat
3154 3991 3426 4072 primam
3471 3990 3823 4063 materiam,
3858 4011 4002 4073 quae

2504 4090 2982 4171 simplicissima
3015 4090 3386 4172 perhibetur
3415 4108 3530 4171 per
3560 4090 3752 4152 totius
3786 4098 4001 4152 actua-

897 4194 1133 4257 librum
1193 4194 1269 4255 de
1320 4193 1538 4256 Causis
1596 4191 1780 4254 aliter
1837 4190 2071 4252 sentire
2134 4188 2392 4251 convin-
2427 4187 2697 4250 Dlitatis
2727 4187 3160 4250 exclusionem
3193 4195 3257 4249 et
3284 4187 4004 4269 privationem,quando

896 4292 1080 4355 citur.

975 4390 1415 4452 Bonaventura
1444 4388 1727 4461 demum,
1755 4387 1996 4460 Petrus,
2020 4384 2390 4457 RicharduS,

896 4489 1133 4570 aliique
1165 4494 1693 4549 commentatores
1725 4484 2145 4547 communiter
2174 4482 2395 4543 dicunt

898 4587 1064 4649 sicut
1115 4585 1180 4647 in
1224 4591 1398 4646 textu
1442 4602 1520 4645 ex
1564 4582 1775 4645 verbis
1820 4581 2088 4643 habetur
2131 4580 2393 4642 Ambro-

898 4686 997 4757 sii,
1049 4684 1217 4765 quod
1272 4681 1517 4744 scilicet
1564 4681 1733 4743 Plato
1786 4678 1999 4760 posuit.
2051 4678 2172 4739 tria
2221 4678 2392 4758 prin-

898 4784 1067 4866 cipia
1099 4784 1399 4855 increata,
1434 4788 1492 4842 et
1539 4780 1849 4841 mundum
1890 4796 2015 4839 non
2051 4796 2190 4839 esse
2221 4784 2394 4838 eeter-

898 4904 1076 4957 num‚
1122 4890 1242 4945 etc.

976 4983 1212 5043 Verum
1264 4968 1774 5057 istis'oincitur,
1826 4976 1977 5058 quia
2027 4984 2096 5037 ut
2148 4982 2394 5038 constat

897 5080 1165 5144 eruditis
1210 5078 1273 5140 in
1322 5075 1723 5159 philosophia
1763 5074 2224 5156 principiisque
2266 5072 2396 5135 Pla-

900 5179 1087 5251 toniS‚
1124 5184 1248 5240 tota
1282 5195 1491 5238 rerum
1526 5174 1856 5256 pluralitas
1887 5173 2242 5235 secundum
2272 5171 2398 5234 Pla-

900 5288 1114 5345 tonem
1154 5275 1452 5339 effective
1495 5273 1772 5337 manavit
1810 5272 1891 5334 ab
1932 5289 2080 5345 un0,
2114 5279 2178 5335 et
2217 5269 2397 5353 quid-

2503 4288 2856 4348 secundum
2909 4305 2977 4347 se
3034 4286 3327 4347 sumitur.
3381 4286 3554 4347 Istud
3611 4287 3868 4348 demum
3933 4287 4000 4349 in

2505 4386 2725 4447 multis
2769 4383 3312 4467 propositionibus
3355 4383 3503 4445 libri
3549 4383 3646 4446 sui
3696 4384 4004 4466 exprimit

2503 4485 2758 4547 Proclus
2795 4501 2808 4545 :
2844 4492 2910 4544 ut
2942 4502 3140 4564 quum
3184 4482 3405 4563 quinta
3445 4482 3876 4565 propositione
3911 4484 4005 4546 ef-

2499 4582 2670 4644 fatur
2721 4599 2735 4643 :
2790 4582 3008 4645 Omnis
3060 4581 3400 4643 multitudo
3449 4582 3726 4643 secunda
3773 4590 3871 4643 est
3917 4582 4002 4644 ab

2504 4698 2666 4758 uno;
2700 4679 3131 4762 propositione
3163 4697 3416 4761 quoque
3449 4678 3824 4741 undecima:
3853 4679 4000 4742 Om-

2502 4779 2608 4839 nia
2645 4778 2817 4839 entia
2859 4778 3209 4859 procedunt
3245 4776 3325 4839 ab
3366 4796 3491 4838 una
3532 4777 3736 4858 prima
3765 4797 3998 4849 causa:

2500 4884 2689 4957 atque
2731 4875 3018 4956 sequenti
3060 4875 3490 4956 propositione
3528 4874 3766 4937 ibidem
3803 4894 3816 4937 :
3851 4876 4000 4939 Om-

2501 4976 2682 5036 nium
2725 4973 2970 5035 entium
3016 4974 3406 5054 principium
3450 4981 3514 5035 et
3556 4992 3747 5036 causa
3789 4975 4000 5056 prima

2501 5080 2596 5135 est
2627 5072 2886 5134 bonum.
2915 5072 2987 5132 Et
3023 5070 3192 5132 istud
3221 5070 3392 5133 Plato
3423 5070 3713 5152 probavit
3743 5091 3820 5134 ex
3852 5090 4003 5135 con-

2503 5170 2918 5245 catenatione,
2939 5168 3382 5249 conjunctione
3413 5177 3476 5231 et
3504 5168 3726 5231 ordine
3753 5170 4004 5233 entium

2504 5269 2807 5332 universi.
2843 5269 3018 5331 Unde
3059 5275 3119 5330 et
3158 5267 3412 5330 Proclus
3454 5267 3840 5331 theoremate
3881 5278 4006 5332 ter-
