4334 6242
1020 541 1107 589 AN
1148 540 1370 588 Annam
1412 537 1801 587 coauoscmr
1841 537 1958 588 raa
1999 535 2239 586 sencias
2283 536 2716 597 animasum,
2757 535 2883 586 arc.
3377 517 3496 588 247

392 711 803 796 superiorum
849 733 921 776 ac
961 712 1389 796 spiritualium
1435 731 1625 795 quam
1681 710 1895 773 inferi-
1926 711 1978 773 A
2006 710 2407 773 terminatam
2461 710 2956 773 intellectualem
2999 708 3378 773 determinat
3417 708 3495 773 ad

392 827 581 874 orum
633 812 1210 894 corporaliumque,
1262 820 1540 884 naturaS,
1594 811 1679 872 ita
1729 811 1896 891 quod

391 911 537 991 ejus
582 911 861 991 cognitio
904 911 1154 974 videtur
1201 910 1473 971 maxime
1518 908 1594 970 ad
1640 926 1893 970 omnem

394 1009 713 1090 proficere
762 1010 1116 1082 veritatem,
1163 1016 1234 1069 ut
1281 1009 1516 1070 dicitur
1562 1006 1771 1088 primo
1820 1007 1896 1068 de

393 1107 626 1170 Anima
662 1125 675 1169 :
710 1109 803 1170 sic
848 1116 909 1170 et
954 1108 1155 1169 multo
1204 1107 1347 1188 plus
1399 1105 1699 1187 quaelibet
1750 1104 1897 1166 sub-

394 1206 630 1268 stant-ia
671 1205 1119 1268 intellectualis
1160 1211 1399 1266 naturae
1431 1205 1497 1265 in
1538 1223 1651 1264 sua
1690 1221 1897 1264 essen-

396 1305 485 1365 tia
534 1304 895 1366 virtualiter
952 1303 1142 1366 habet
1190 1303 1479 1365 omnium
1528 1321 1743 1364 rerum
1794 1320 1899 1362 na-

396 1411 571 1464 turas
618 1420 747 1464 non
797 1403 1003 1464 solum
1056 1401 1119 1463 in
1168 1419 1419 1481 genere,
1467 1401 1575 1462 sed
1626 1401 1778 1461 item
1832 1398 1897 1460 in

395 1501 636 1581 specie,
671 1500 1023 1562 secundum
1058 1501 1287 1580 gradus
1322 1498 1607 1578 singulos
1648 1498 1897 1558 univer-

394 1599 487 1676 si3
528 1598 957 1660 diversimode
1005 1605 1212 1658 tamen
1249 1616 1263 1661 :
1300 1616 1445 1658 nam
1494 1596 1895 1678 superiorum

396 1704 657 1758 naturas
706 1695 898 1758 habet
946 1695 1011 1758 in
1061 1713 1127 1757 se
1180 1693 1574 1776 imperfecte,
1622 1693 1787 1755 sicut
1833 1700 1896 1754 et

396 1794 775 1876 imperfecte
814 1813 919 1856 eas
960 1793 1335 1876 participat.;
1377 1791 1752 1854 inferiorum
1794 1811 1896 1853 ve-

2008 809 2218 891 ipsum
2263 809 2642 892 particulare
2684 811 2749 871 in
2792 817 3018 872 natura
3055 809 3365 872 exsistens
3393 809 3501 890 (si-

2005 928 2083 970 ve
2116 909 2273 970 illud
2316 909 2696 991 particulare
2735 910 2814 970 sit
2847 910 3108 972 omnino
3145 909 3496 991 spirituale,

2007 1007 2308 1092 quoniam
2345 1008 2482 1070 sine
2513 1008 2882 1088 hujusmodi
2917 1009 3342 1091 applicatione
3373 1025 3500 1070 non

2006 1114 2266 1188 possent
2316 1106 2592 1168 invicem
2643 1106 2766 1168 sibi
2818 1106 2990 1188 loqui
3044 1107 3251 1187 angeli
3302 1106 3501 1186 signis

2006 1224 2077 1266 ac
2129 1204 2392 1266 nutibus
2411 1222 2429 1283 3
2481 1205 2613 1266 sive
2667 1205 2750 1266 sit
2799 1205 3144 1286 corporale,
3197 1205 3500 1287 quoniam

2006 1301 2190 1363 aliter
2239 1321 2364 1364 non
2415 1309 2626 1364 essent
2668 1303 2840 1364 vices
2885 1303 2950 1364 in
2996 1303 3356 1365 successiva
3396 1320 3502 1363 an-

2006 1401 2292 1480 gelorum
2340 1401 2727 1481 cognitione)
2771 1418 2784 1461 :
2829 1401 3046 1482 sicque
3092 1402 3156 1462 in
3207 1400 3316 1462 illa
3363 1419 3502 1482 spe-

2007 1497 2101 1559 cie
2136 1498 2228 1559 sic
2260 1498 2696 1572 determinata,
2731 1498 3050 1578 cognoscit
3084 1499 3500 1560 determinate

2006 1596 2219 1676 ipsum
2265 1596 2664 1678 particulare.
2699 1596 2858 1658 Hinc
2904 1597 3174 1678 septimo
3216 1597 3293 1658 de
3333 1596 3501 1658 Divi-

2005 1693 2104 1754 nis
2149 1693 2519 1756 nominibus
2565 1695 2843 1776 capitulo
2885 1695 2944 1757 S.
2980 1695 3316 1777 Dionysius
3360 1712 3502 1775 pro-

2004 1798 2270 1854 testatur
2305 1792 2622 1873 :Angelos
2667 1793 2832 1854 scire
2881 1793 3101 1854 dicunt
3147 1812 3324 1855 sacra
3366 1793 3504 1854 Elo-

396 1911 463 1956 ro
514 1901 774 1956 naturas
834 1892 1023 1955 habet
1073 1892 1139 1953 in
1188 1911 1255 1954 se
1310 1891 1651 1973 perfectius
1702 1908 1891 1971 quam
1929 1895 1977 1955 B
2005 1890 2155 1971 quia
2196 1909 2269 1952 ea
2309 1910 2448 1972 quae
2489 1898 2630 1952 sunt
2669 1892 2731 1951 in
2764 1899 2950 1964 terra,
2985 1910 3111 1953 non
3147 1891 3500 1954 secundum

395 1993 524 2053 sint
574 1991 641 2054 in
696 2011 764 2053 se
815 1991 992 2073 ipsis,
1045 1991 1249 2064 Quum
1300 2008 1449 2071 ergo
1496 1989 1705 2051 omnis
1755 1987 1895 2050 talis

394 2089 757 2151 substantia
795 2089 1077 2171 perfecta
1113 2090 1193 2150 sit
1227 2090 1290 2150 in
1324 2089 1421 2150 sui
1456 2087 1657 2170 ipsius
1687 2086 1896 2166 cogni-

398 2187 590 2262 tione,
625 2208 701 2251 eo
744 2189 915 2271 quod
962 2207 1115 2250 suus
1165 2186 1525 2248 intellectus
1568 2185 1895 2268 possibilis

393 2287 471 2349 ad
510 2296 729 2349 actum
775 2285 1057 2368 perfecte
1096 2286 1394 2347 reductus
1435 2285 1537 2357 sit,
1572 2283 1895 2363 cognoscit

394 2405 576 2446 suam
643 2385 983 2448 essentiam
1049 2384 1115 2446 in
1174 2383 1349 2445 omni
1412 2403 1525 2445 sua
1582 2383 1815 2443 virtute
1876 2400 1889 2442 :

393 2483 941 2565 quemadmodum
991 2482 1202 2544 anima
1247 2481 1571 2543 rationalis
1622 2498 1747 2541 non
1794 2497 1893 2542 co-

391 2589 727 2662 gnosceret
788 2599 855 2642 se
918 2579 1219 2660 perfecte,
1272 2579 1395 2641 nisi
1454 2578 1643 2640 sciret
1704 2577 1767 2638 in
1828 2597 1894 2639 sc

392 2677 701 2740 virtutem
750 2678 1109 2740 intellectus
1152 2685 1215 2738 et
1258 2676 1541 2746 rationiS‚
1578 2675 1896 2738 sensitivae

394 2795 653 2858 quoque
704 2775 1003 2857 potentiae
1050 2781 1112 2836 ct
1156 2773 1454 2856 potentiae
1502 2773 1890 2853 vegetativae.

392 2875 539 2937 Haec
589 2882 804 2937 autem
854 2873 1134 2946 sciend0,
1180 2873 1299 2934 scit
1346 2890 1567 2934 omnes
1617 2879 1892 2943 naturaS,

392 2992 553 3054 quas
585 2973 653 3034 in
685 2992 753 3034 se
784 2971 1139 3033 virtualiter
1167 2970 1358 3033 habet
1387 2987 1401 3032 :
1436 2970 1656 3051 sicque
1686 2969 1899 3030 anima

2004 2007 2228 2050 sensus
2271 1989 2705 2068 cognoscendo
2746 1989 3093 2063 sensibilia,
3127 1989 3236 2051 scd
3281 2008 3504 2052 secun-

2003 2086 2155 2147 dum
2203 2087 2524 2168 propriam
2566 2087 2892 2148 deiformis
2939 2088 3167 2149 mentis
3210 2096 3501 2150 naturam

2003 2193 2194 2265 atque
2237 2185 2559 2246 virtutem.
2596 2185 2793 2257 Quam
2839 2184 3332 2248 deiformitatem
3383 2187 3501 2248 im-

2008 2283 2278 2344 mediate
2313 2281 2639 2364 praimisit,
2673 2283 2940 2344 dicendo
2965 2299 2978 2345 τ
3004 2284 3168 2344 Deus
3198 2283 3502 2347 exsisten-

2004 2381 2091 2442 tia
2136 2382 2455 2461 cognoscit
2499 2381 2764 2442 scientia
2811 2401 2952 2463 quae
2994 2388 3089 2443 est
3131 2383 3230 2444 sui
3276 2382 3496 2464 ipsiuS.

2004 2479 2180 2541 Unde
2228 2479 2316 2541 ait
2365 2485 2828 2541 commentator
2879 2498 2892 2543 :
2947 2480 3313 2561 Corporales
3361 2498 3500 2542 esse

2007 2584 2326 2639 creaturas
2385 2577 2803 2658 spiritualiter
2849 2577 3244 2658 perspiciunt
3292 2578 3496 2659 angeli

2006 2675 2072 2737 in
2118 2675 2558 2757 spiritualibus
2597 2675 2822 2736 causis,
2858 2710 2938 2720 —
2967 2675 3110 2738 Haec
3149 2675 3495 2738 UdalricuS.

2006 2775 2093 2835 De
2152 2775 2337 2853 cujus
2395 2773 2695 2855 opinione
2753 2773 2906 2855 quid
2965 2773 3274 2850 videatur,
3337 2774 3502 2837 infra

2008 2870 2272 2931 dicetur.

2083 2969 2386 3030 Praeterea
2424 2967 2694 3031 Thomas
2734 2969 2811 3030 ad
2852 2968 2993 3041 hoc,
3027 2988 3106 3031 an
3151 2970 3358 3050 angeli
3398 2988 3500 3033 co-

392 3070 725 3132 rationalis
758 3070 1195 3150 cognoscendo
1227 3077 1421 3131 totam
1454 3068 1757 3130 virtutem
1798 3086 1898 3128 su·
1932 3071 1973 3133 C
2003 3073 2308 3147 gnoscant
2357 3086 2456 3128 res
2506 3085 2620 3148 per
2668 3067 2913 3148 species
2973 3085 3187 3129 rerum
3238 3069 3338 3129 vel
3388 3088 3502 3150 per

390 3189 519 3241 am,
556 3167 881 3248 cognoscit
910 3168 1189 3228 animam
1221 3165 1640 3246 vegetativam
1670 3174 1732 3227 et
1763 3165 1895 3226 ani-

394 3287 567 3329 mam
624 3266 1017 3338 sensitivam,
1070 3274 1132 3328 et
1182 3264 1667 3345 intelligentiam
1722 3282 1897 3344 sepa—

394 3373 616 3427 ratam.
653 3365 817 3445 Ergo
848 3373 909 3424 et
938 3363 1199 3444 angelus
1240 3363 1325 3424 ita
1364 3363 1483 3424 scit
1516 3363 1751 3436 omnia,
1785 3362 1894 3422 sed

392 3463 726 3545 superiora
756 3460 1151 3543 imperfecte,
1173 3460 1473 3523 inferiora
1504 3459 1806 3542 perfecte,
1828 3466 1896 3520 ut

396 3569 565 3643 patet
600 3561 666 3622 in
697 3558 992 3640 exemplo
1023 3559 1100 3621 dc
1134 3559 1362 3620 anima.
1400 3559 1733 3639 Quumque
1768 3557 1895 3637 glo-

393 3661 485 3722 ria
516 3678 647 3722 non
681 3659 857 3720 tollat
884 3656 1235 3720 naturalem
1262 3656 1897 3739 perfectionem,con·

392 3767 513 3821 stat
564 3759 737 3840 quod
787 3757 908 3818 ista
957 3755 1233 3836 cognitio
1282 3756 1363 3817 sit
1404 3756 1597 3818 etiam
1646 3756 1895 3835 angelo-

392 3877 537 3918 rum
590 3857 656 3917 in
716 3855 918 3936 gloria
964 3854 1424 3916 exsistentium.
1480 3855 1653 3916 Unde
1702 3873 1915 3936 super·

394 3954 693 4018 Genesim
742 3953 965 4014 asserit
1008 3951 1399 4032 Augustinus
1442 3969 1456 4012 ε
1498 3953 1567 4014 In
1618 3970 1893 4032 superna

390 4052 593 4134 gloria
643 4070 897 4132 semper
936 4059 1032 4112 est
1070 4051 1205 4111 dies
1250 4050 1315 4110 in
1360 4050 1892 4130 contemplatione

394 4148 941 4212 incommutabilis
998 4147 1305 4221 veritatiS,
1358 4155 1419 4209 et
1478 4167 1730 4228 semper
1786 4166 1891 4208 ve-

394 4268 579 4330 spera
624 4248 689 4309 in
732 4246 959 4309 notitia
1001 4253 1322 4308 creaturae.

470 4347 533 4408 Si
584 4353 801 4407 autem
852 4353 1190 4426 quaeratur,
1246 4363 1358 4425 per
1405 4343 1560 4425 quid
1609 4344 1742 4405 haec
1794 4361 1893 4405 co-

392 4445 595 4524 gnitio
644 4443 1107 4504 determinetur
1152 4443 1229 4503 ad
1289 4442 1615 4504 individua
1666 4460 1891 4521 cogno-

394 4543 649 4615 scenda,
685 4561 955 4623 quorum
1000 4541 1275 4620 cognitio
1310 4540 1402 4601 eis
1436 4549 1532 4602 est
1562 4541 1887 4614 naturaliS‚

396 4659 595 4720 quum
630 4639 695 4700 in
728 4637 1125 4701 daemonibus
1158 4657 1410 4719 quoque
1451 4639 1533 4700 sit
1566 4657 1581 4701 ε
1616 4638 1890 4699 dicimus

395 4739 529 4800 sinc
577 4737 975 4820 praejudieiO,
1019 4739 1187 4818 quod
1236 4738 1403 4798 sicut
1450 4746 1663 4799 noster
1715 4737 1891 4798 intel-

396 4836 595 4898 lectus
660 4854 777 4917 per
835 4835 1250 4898 reflexionem
1316 4837 1389 4897 ad
1453 4836 1891 4916 phantasmata

394 4934 870 4996 determinando
898 4934 1179 5015 speciem
1208 4934 1623 4995 universalem
1655 4934 1732 4996 ad
1762 4954 1893 5016 par-

394 5032 752 5105 ticularem,
806 5031 1131 5111 cognoscit
1178 5032 1537 5093 universale
1595 5032 1889 5093 determi-

392 5138 613 5192 natum
648 5129 715 5190 in
746 5130 869 5192 isto
897 5139 1005 5191 aut
1037 5129 1146 5191 illo
1177 5129 1565 5220 particulari,
1602 5131 1687 5192 ita
1716 5131 1884 5212 quod

396 5238 542 5290 tunc
584 5228 947 5291 intellectus
989 5237 1202 5291 noster
1241 5228 1475 5290 dicitur
1520 5229 1883 5308 phantasia3

399 5327 480 5389 ita
546 5327 908 5391 intellectus
970 5327 1293 5408 angelicus
1358 5327 1637 5409 speciem
1703 5326 1883 5388 indc-

2004 3165 2341 3226 essentiam
2389 3165 2736 3246 propriam,
2781 3167 3169 3246 respondens
3205 3186 3218 3230 :
3251 3167 3501 3229 Intelle-

2005 3269 2143 3323 ctus
2189 3261 2456 3343 (inquit)
2503 3263 2827 3342 angelicus
2888 3262 3134 3324 medius
3192 3271 3287 3325 est
3336 3263 3501 3326 inter

2004 3361 2401 3422 intellectum
2445 3360 2737 3422 divinum
2775 3369 2838 3422 et
2882 3360 3233 3423 humanum
3274 3361 3338 3424 in
3379 3363 3503 3425 vir-

2007 3467 2137 3520 tute
2196 3465 2258 3520 et
2307 3460 2494 3522 modo
2551 3459 2990 3539 cognoscendi.
3044 3461 3111 3521 In
3173 3459 3497 3522 intellectu

2003 3558 2173 3618 enim
2222 3557 2440 3619 divino
2486 3557 2840 3619 similitudo
2886 3558 2976 3618 rei
3023 3557 3360 3620 intellectae
3403 3565 3500 3620 est

2002 3655 2142 3736 ipsa
2187 3655 2598 3736 intelligentis
2644 3656 2937 3730 essentia,
2971 3676 3112 3737 quae
3153 3665 3247 3718 est
3284 3675 3498 3718 rerum

2004 3774 2193 3816 causa
2223 3754 2436 3816 finalis
2468 3760 2527 3815 et
2559 3755 2935 3835 exemplaris
2965 3762 3148 3836 atque
3180 3753 3494 3817 efficiens

2002 3855 2071 3915 In
2117 3853 2443 3914 intellectu
2488 3871 2640 3914 vero
2683 3852 2962 3914 humano
3010 3853 3362 3914 similitudo
3407 3854 3499 3916 rei

2003 3950 2338 4012 intellectae
2396 3959 2490 4011 est
2538 3950 2709 4012 aliud
2759 3970 2796 4011 a
2843 3951 3196 4012 substantia
3253 3951 3498 4012 intelle-

2002 4056 2162 4122 ctuS,
2187 4055 2246 4110 et
2279 4055 2373 4109 est
2405 4048 2568 4109 sicut
2601 4047 2804 4110 forma
2839 4048 3039 4129 ipsius
3074 4066 3087 4109 ε
3123 4048 3265 4111 idco
3294 4067 3371 4109 ex
3405 4048 3496 4109 in-

2001 4146 2258 4208 tellectu
2292 4154 2354 4208 et
2385 4147 2806 4208 similitudine
2847 4147 2936 4207 rei
2976 4145 3262 4208 efficitur
3292 4166 3493 4210 unum

1921 4253 1970 4314 D
2003 4246 2414 4327 comple-tum,
2457 4246 2623 4326 quod
2667 4255 2761 4307 est
2806 4245 3164 4307 intellectus
3212 4253 3353 4306 actu
3405 4247 3495 4307 in-

2002 4345 2327 4425 telligens;
2368 4353 2430 4406 et
2471 4343 2662 4425 hujus
2707 4345 3058 4406 similitudo
3101 4353 3195 4406 est
3238 4354 3498 4427 accepta

1998 4463 2034 4505 a
2066 4463 2150 4505 rc.
2187 4445 2373 4506 Porro
2408 4444 2470 4505 in
2514 4443 2841 4505 intellectu
2879 4444 3166 4523 angelico
3202 4443 3498 4505 similitu-

2000 4542 2079 4604 do
2110 4549 2206 4603 est.
2235 4541 2405 4603 aliud
2436 4561 2472 4602 a
2502 4542 2854 4604 substantia
2891 4542 3336 4622 intelligentis3
3370 4561 3497 4604 non

2000 4647 2210 4700 tamen
2270 4647 2365 4700 cst
2421 4639 2732 4721 acquisita
2789 4658 2826 4700 a
2884 4659 2972 4714 rc,
3029 4659 3227 4721 quum
3287 4641 3496 4721 angeli

1999 4755 2122 4798 non
2174 4738 2300 4799 sint
2345 4757 2419 4800 ex
2472 4738 2660 4799 rebus
2709 4736 3140 4800 divisibilibus
3191 4739 3494 4818 cognitio-

1998 4855 2144 4897 nem
2189 4843 2659 4916 congregantes,
2695 4845 2762 4897 ut
2802 4837 2859 4898 S.
2897 4835 3232 4918 Dionysius
3269 4838 3491 4899 asserit

1997 4935 2269 5016 septimo
2327 4935 2606 5016 capitulo
2664 4936 2740 4996 de
2795 4935 3038 4997 Divinis
3097 4934 3486 4996 nominibus

1995 5033 2123 5095 Nec
2177 5040 2386 5094 tamen
2435 5031 2640 5094 forma
2688 5032 2796 5094 illa
2852 5041 2946 5094 est
3004 5051 3192 5094 causa
3249 5051 3485 5107 rerum,

1996 5129 2348 5192 secundum
2390 5129 2610 5203 sidem,
2644 5129 2753 5190 sed
2785 5137 2880 5190 est
2909 5129 3152 5191 influxa
3182 5149 3219 5191 a
3243 5130 3372 5193 Deo
3408 5129 3489 5192 ad

1996 5227 2524 5308 cognoscendum.
2548 5262 2628 5271 —
2660 5226 2854 5306 Cujus
2891 5227 3048 5289 ratio
3080 5226 3246 5288 sumi
3282 5235 3491 5310 potest

1995 5345 2071 5388 ex
2109 5326 2614 5388 Commentatore
2657 5324 2993 5386 undecimo
3023 5325 3482 5408 Metaphysicae‚
