4334 6242
42 4266 62 4708 „--q-—-,-
42 4220 52 4245 ··
41 4096 48 4135 ·“
41 4048 42 4067 ⁴
41 3967 42 4016 ⁴⁴

1018 525 1103 572 ΑΝ
1144 526 1367 572 Auci-:u
1410 525 1799 573 coaucscaur
1838 524 1954 570 ran
1995 523 2236 571 specu-:s
2281 526 2712 584 υκινεῐιεΑιῐ-ιε,
2753 525 2880 574 arc.
3373 505 3493 572 263

376 697 615 762 Denuo
665 699 889 762 scribit
938 719 952 763 ε
994 701 1145 775 Quis
1193 700 1362 762 dicat
1408 699 1764 762 Creatorem
1814 694 1893 758 ab
1922 692 1974 754 A
2003 705 2312 777 quantum
2357 698 2717 780 intelligunt
2748 718 2846 761 res
2886 699 2950 760 in
2981 697 3239 780 propria
3273 706 3495 760 natura

374 795 576 858 initio
641 797 994 862 instituisse
1050 800 1523 862 arithmeticum
1582 803 1689 858 aut
1748 813 1892 877 gco-

376 897 757 971 metricum‚
790 899 899 980 qui
941 898 1103 959 nihil
1142 897 1361 959 habuit
1406 914 1741 958 numerare
1784 902 1894 956 aut

376 1014 762 1058 mensurare
799 1000 823 1058 t
884 996 994 1059 Cui
1061 996 1231 1058 dicto
1300 995 1557 1057 obviare
1618 994 1889 1066 videtur,

374 1095 559 1174 quod
590 1095 945 1156 secundum
986 1094 1273 1155 doctores
1314 1092 1740 1154 communiter
1770 1091 1893 1171 pri-

376 1209 486 1252 mo
520 1192 771 1274 parenti
806 1199 1135 1254 concreata
1164 1198 1259 1254 est
1289 1191 1594 1252 naturalis
1626 1190 1893 1250 scientia

378 1307 632 1362 rerum,
666 1309 809 1370 quse
838 1297 902 1351 et
928 1291 1331 1370 postmodum
1366 1287 1683 1350 Salomoni
1727 1286 1893 1347 infu-

379 1406 453 1448 sa
484 1395 606 1448 est.
642 1387 769 1449 Nec
802 1387 1069 1449 dubium
1102 1387 1257 1468 quin
1290 1387 1536 1468 primus
1568 1386 1759 1447 homo
1788 1385 1895 1445 ha-

382 1483 533 1545 buit
564 1484 779 1565 aliqua
808 1503 1144 1547 numerare
1175 1503 1247 1546 ac
1282 1501 1668 1553 mensurare,
1689 1502 1896 1544 suam-

383 1601 517 1664 que
550 1582 835 1644 sobolem
877 1583 953 1644 de
996 1582 1227 1644 talibus
1268 1582 1629 1643 informare.
1667 1579 1785 1642 Sed
1818 1580 1896 1640 de

384 1680 513 1742 hoc
559 1679 731 1743 infra
775 1680 1024 1762 plenius
1074 1679 1529 1742 conscribetur.

2004 815 2118 878 per
2161 799 2406 879 species
2451 808 2831 860 concreatas.

2085 895 2146 957 Si
2199 903 2411 958 autem
2461 896 2822 976 objiciatur,
2859 896 3010 978 quia
3058 903 3127 957 ut
3175 895 3233 958 S.
3267 895 3494 976 Diony·
3541 905 3788 950 DeCoelest.

2004 995 2136 1056 sius
2189 995 2391 1068 docet,
2446 996 2804 1057 intellectus
2852 994 3176 1076 angelicus
3227 1001 3323 1056 est
3369 993 3495 1055 dei·
3524 968 3690 1082 :1:⁰2ss
3713 982 3786 1017 ’ω’

2006 1092 2228 1154 formis
2267 1110 2280 1153 ε
2325 1111 2475 1172 ergo
2518 1093 2716 1155 instar
2754 1094 2862 1155 Dei
2909 1094 3094 1174 plura
3134 1100 3242 1153 aut
3281 1092 3497 1153 omnia

2006 1191 2194 1251 simul
2241 1191 2557 1271 intelligit.
2592 1227 2672 1236 —-
2701 1193 2960 1264 RursuS,
2990 1191 3338 1253 secundum
3373 1189 3495 1251 Au-

2004 1290 2355 1367 gustinum,
2411 1290 2474 1351 iu
2537 1290 2738 1370 patria
2795 1307 2920 1352 non
2979 1296 3128 1350 sunt
3184 1287 3498 1350 volubiles

2006 1387 2416 1466 cogitationes
2461 1405 2475 1448 τ
2518 1405 2644 1449 non
2695 1404 2843 1466 ergo
2889 1386 3250 1466 intelligunt
3291 1385 3499 1464 angeli

2006 1505 2208 1546 unum
2239 1494 2379 1566 post
2411 1486 2604 1556 aliud,
2641 1484 2749 1547 sed
2787 1484 3004 1546 omnia
3033 1484 3245 1545 simul.
3278 1519 3359 1528 —
3391 1483 3504 1545 Ite·

2008 1602 2174 1657 rum,
2210 1584 2395 1646 tertio
2425 1585 2503 1645 de
2534 1584 2761 1646 Anima
2805 1583 3038 1644 dicitur
3067 1582 3144 1644 de
3177 1582 3504 1644 intellectu

2007 1689 2231 1760 agente
2272 1682 2574 1754 humano,
2609 1681 2777 1763 quod
2820 1699 2944 1742 non
2992 1680 3370 1762 quandoque
3412 1680 3503 1741 in-

2006 1779 2236 1858 telligit
2285 1787 2346 1841 et
2397 1781 2777 1861 quandoque
2827 1796 2976 1851 non,
3028 1779 3138 1839 sed
3187 1797 3439 1860 semper
3486 1796 3500 1839 ι

470 1878 658 1940 Nunc
687 1884 879 1940 restat
918 1877 1297 1957 exprimere,
1331 1877 1425 1938 An
1464 1875 1669 1956 angeli
1714 1875 1895 1956 plura
1933 1881 1979 1942 B
2011 1878 2211 1940 multo
2251 1897 2398 1958 ergo
2440 1880 2584 1958 plus
2626 1879 2986 1940 intellectus
3025 1879 3231 1958 angeli
3274 1877 3503 1939 indesi-

386 1976 755 2056 intelligant
796 1983 939 2037 actu
987 1976 1199 2037 simul.

470 2075 783 2147 Quocirca
826 2074 1107 2154 loquitur
1136 2073 1405 2135 Thomas
1432 2090 1445 2133 ε
1472 2071 1669 2132 Causa
1701 2089 1895 2151 quare

389 2191 523 2234 non
556 2178 825 2253 possunt
855 2171 1039 2252 plura
1070 2171 1261 2232 simul
1303 2170 1567 2248 intelligi
1600 2177 1767 2242 actu,
1802 2177 1895 2230 est

388 2289 587 2353 quam
620 2269 898 2349 assignat
925 2269 1195 2349 Algazel‚
1231 2269 1449 2330 dicens
1476 2286 1489 2328 :
1517 2267 1768 2348 Oportet
1805 2268 1897 2328 in-

392 2368 725 2430 tellectum
788 2366 1171 2447 configurari
1230 2375 1375 2428 actu
1440 2384 1554 2447 per
1615 2366 1895 2445 speciem

390 2487 575 2528 suam
630 2465 1099 2545 intelligibilem
1151 2465 1239 2525 rei
1293 2483 1483 2545 quam
1528 2470 1671 2526 actu
1718 2463 1898 2524 intel·

392 2565 557 2645 tigit,
596 2572 667 2625 ut
708 2563 791 2625 sit
835 2563 1207 2624 assimilatio
1246 2563 1600 2642 utriusque,
1636 2581 1775 2641 qum
1819 2561 1893 2622 ad

392 2663 485 2724 rei
539 2661 970 2741 cognitionem
1018 2659 1310 2739 exigitur.
1352 2657 1893 2730 Quemadmodum

388 2767 609 2823 autem
662 2758 1061 2840 impossibile
1110 2765 1205 2819 est
1260 2775 1489 2835 corpus
1544 2756 1892 2818 secundum

390 2858 683 2919 eamdem
726 2863 970 2936 partem
1016 2854 1441 2916 diversimode
1483 2853 1767 2932 figurari,
1803 2853 1894 2914 sic

394 2954 795 3036 impossibile
825 2963 919 3016 est
949 2954 1245 3015 eumdem
1279 2951 1671 3013 intellectum
1707 2951 1894 3011 simul

2007 1985 2232 2038 uenter
2275 1977 2572 2056 intelligit
2615 1977 2783 2058 quod
2829 1977 3171 2056 cognoscit.

2087 2075 2436 2136 Dicendum
2478 2077 2553 2136 ad
2597 2077 2900 2156 primum,
2935 2077 3101 2156 quod
3145 2075 3504 2136 intellectus

2006 2171 2332 2250 angelicus
2364 2172 2600 2233 dicitur
2629 2172 2980 2241 deiformis,
3015 2189 3138 2232 non
3173 2172 3341 2253 quod
3374 2189 3506 2232 om-

2007 2269 2111 2330 nia
2160 2270 2352 2332 simul
2406 2279 2466 2331 et
2521 2289 2648 2332 uno
2696 2278 2838 2332 actu
2892 2270 3224 2350 intelligat,
3261 2269 3384 2330 nisi
3437 2269 3502 2330 in

2004 2368 2232 2438 Ver-bn,
2267 2368 2377 2429 sed
2427 2368 2578 2449 quia
2625 2368 3012 2448 agnitionem
3059 2387 3096 2430 a
3138 2367 3328 2429 rebus
3375 2385 3503 2428 non

2004 2466 2260 2546 accipit,
2295 2475 2358 2528 et
2398 2465 2534 2527 sine
2568 2465 3050 2546 investigatione
3085 2465 3503 2546 discursuque

2006 2564 2289 2637 rationiS‚
2323 2571 2386 2625 et
2423 2563 2664 2646 absque
2705 2563 3096 2625 adminiculo
3137 2581 3360 2624 sensus
3403 2579 3504 2623 co-

2003 2661 2270 2740 gnoscit.
2305 2697 2384 2706 —-
2413 2661 2505 2723 Ad
2557 2662 2932 2733 secundum,
2966 2661 3132 2741 quod
3181 2659 3502 2740 cogitatio-

2004 2779 2117 2820 nes
2148 2760 2480 2821 Beatorum
2513 2760 2813 2820 dicuntur
2841 2777 2965 2821 nou
2999 2777 3137 2820 esse
3167 2757 3500 2831 volubileS,

2004 2865 2314 2938 quantum
2347 2859 2422 2918 ad
2465 2857 2888 2938 cognitionem
2923 2875 3135 2917 rerum
3179 2856 3243 2916 in
3273 2855 3499 2917 Verbo.

2002 2991 2083 2999 —
2112 2955 2203 3016 Ad
2256 2955 2537 3027 tertium,
2581 2956 2748 3036 quod
2795 2954 3154 3016 intellectus
3202 2972 3394 3033 agens
3441 2962 3505 3014 et

392 3052 665 3115 diversis
707 3051 1045 3134 speciebus
1084 3051 1160 3113 ad
1202 3051 1451 3112 diversa
1487 3049 1897 3129 intelligenda
1930 3050 1973 3113 C
2005 3053 2354 3132 possibiliS‚
2388 3061 2485 3115 est
2516 3053 2578 3113 in
2622 3052 2863 3132 angelis
2901 3059 2964 3114 et
2996 3052 3059 3112 in
3099 3051 3284 3114 nobis
3319 3051 3504 3113 modo

393 3149 727 3212 actualiter
770 3147 1120 3211 informari.
1156 3149 1315 3209 Hinc
1366 3146 1755 3228 quicumque
1807 3146 1896 3206 in-

393 3248 687 3310 tellectus
739 3247 921 3327 plura
964 3245 1261 3325 intelligit
1310 3262 1425 3326 per
1468 3244 1712 3324 species
1758 3243 1893 3325 plu-

394 3365 519 3418 τες,
551 3351 801 3426 oportet
841 3344 1009 3424 quod
1050 3361 1123 3404 ea
1164 3361 1288 3404 non
1330 3341 1521 3403 simul
1562 3341 1890 3421 intelligat,

394 3451 465 3505 ut
516 3449 688 3525 patet
733 3441 799 3503 in
844 3441 1169 3503 intellectu
1214 3441 1492 3501 humano
1541 3439 1893 3500 secundum

394 3548 629 3603 statum
664 3547 1039 3621 praesentem
1073 3557 1109 3600 a
1140 3538 1329 3600 rebus
1360 3537 1733 3617 accipiente.
1754 3536 1894 3597 Por-

394 3659 463 3702 ro
506 3639 870 3700 intellectus
910 3637 1187 3708 divinuS‚
1221 3636 1520 3718 quoniam
1557 3653 1683 3697 uno
1712 3635 1894 3715 (puta

398 3757 509 3818 per
562 3735 887 3818 propriam
948 3734 1319 3813 essentiam)
1366 3734 1661 3795 universa
1712 3732 1892 3795 intel-

397 3835 555 3916 ligit,
602 3835 743 3896 ideo
794 3833 981 3895 simul
1024 3841 1168 3893 actu
1214 3838 1310 3893 est
1352 3831 1660 3892 omnium.
1707 3830 1891 3892 intel-

393 3934 593 3995 lectus
644 3949 797 3994 vero
846 3930 1051 4010 angeli
1104 3929 1426 4009 cognoscit
1476 3947 1575 3990 res
1625 3928 1894 4008 duplici-

393 4039 502 4093 ter.
538 4031 677 4094 Uno
716 4029 905 4090 modo
944 4046 1058 4108 per
1098 4027 1313 4108 plures
1357 4027 1600 4106 species
1645 4045 1787 4106 qum
1825 4025 1890 4086 in

394 4147 505 4191 suo
544 4135 698 4190 sunt
738 4125 1065 4188 intellectu
1099 4142 1112 4185 :
1149 4125 1366 4205 sicque
1408 4141 1533 4185 non
1571 4123 1893 4204 cognoscit

2003 3151 2256 3212 diverso
2293 3167 2306 3210 :
2340 3151 2640 3231 quoniam
2688 3150 3046 3211 intellectus
3083 3156 3295 3210 noster
3325 3167 3504 3210 voca-

2006 3254 2107 3308 tur
2138 3247 2465 3328 possibilis
2498 3254 2787 3328 respectu
2823 3247 3178 3327 specierum
3219 3255 3503 3327 accepta-

2002 3365 2143 3407 rum
2178 3365 2215 3407 a
2245 3345 2456 3416 rebus,
2478 3365 2591 3426 per
2622 3347 2836 3407 lumen
2871 3345 3227 3406 intellectus
3257 3345 3500 3424 agentis

2001 3451 2144 3504 actu
2189 3443 2624 3524 intelligibiles
2665 3443 2929 3522 factas*;
2964 3443 3025 3503 in
3069 3440 3309 3521 angelis
3350 3459 3500 3503 vcro
3529 3453 3674 3496 ‘atim
3691 3459 3790 3528 nctgz

2003 3540 2328 3620 possibilis
2387 3541 2744 3621 appellatur
2792 3547 3083 3620 respectu
3145 3538 3406 3601 luminis
3463 3528 3649 3620 afflig·
3691 3517 3794 3559 ‘⁸⁰¹‘

2002 3638 2129 3699 Deo
2181 3639 2244 3699 in
2295 3657 2401 3700 eos
2451 3638 2870 3720 procedentis.
2925 3637 3232 3698 Similiter
3283 3637 3496 3698 lumen

2002 3736 2362 3798 intellectus
2393 3736 2636 3816 agentis
2670 3737 2734 3797 in
2765 3734 2950 3796 nobis
2982 3753 3108 3796 non
3144 3734 3386 3796 sufficit
3418 3735 3497 3795 ad

2002 3833 2364 3896 distinctam
2406 3852 2616 3894 rerum
2651 3831 3076 3910 cognitionem
3113 3830 3492 3904 habendam,

2001 3931 2124 3993 nisi
2177 3931 2527 3993 secundum
2574 3929 2817 4010 species
2862 3935 3168 4009 receptaS,
3205 3947 3360 4009 quas
3403 3929 3495 3989 in-

2003 4029 2255 4100 format,
2306 4026 2840 4108 quemadmodum
2903 4026 3008 4086 lux
3065 4026 3324 4087 colores.
3377 4026 3497 4086 Lu-

2004 4146 2145 4188 men
2181 4133 2390 4186 autem
2428 4123 2854 4185 intellectuale
2887 4123 2948 4183 in
2980 4123 3221 4202 angelis
3251 4122 3498 4184 sufficit

396 4227 585 4288 simul
633 4226 837 4308 plura,
872 4225 997 4285 nisi
1043 4223 1108 4284 in
1149 4230 1458 4304 quantum
1505 4223 1893 4283 reducuntur
1926 4222 1971 4282 D
2002 4224 2077 4285 ad
2120 4222 2482 4284 habendum
2530 4221 2890 4282 distinctam
2940 4239 3150 4282 rerum
3193 4220 3496 4299 cognitio-

396 4327 469 4387 ad
503 4344 698 4387 unam
732 4323 1011 4404 speciem
1043 4341 1169 4402 qua
1197 4327 1565 4382 noscuntur.
1596 4319 1734 4381 Alio
1766 4337 1893 4380 mo-

398 4425 473 4486 do
522 4421 850 4504 cognoscit
898 4440 996 4482 res
1048 4420 1110 4480 in
1164 4437 1290 4480 uno
1334 4419 1504 4499 quod
1559 4426 1653 4479 est
1704 4436 1893 4478 causa

398 4541 637 4593 earum,
677 4525 831 4602 puta
872 4520 935 4580 in
974 4518 1182 4580 Verbo
1226 4525 1459 4580 a=terno
1494 4535 1507 4578 :
1542 4523 1604 4578 et.
1648 4516 1738 4577 sic
1783 4533 1890 4596 po-

400 4626 515 4680 test
556 4637 699 4680 esse
742 4617 936 4679 simul
981 4616 1043 4678 in
1091 4624 1235 4676 actu
1276 4613 1655 4694 cognitionis
1693 4613 1893 4674 omni-

400 4737 523 4779 um.
586 4717 659 4778 Et
719 4715 839 4778 ista
897 4714 1174 4793 cognitio
1222 4721 1319 4774 est
1368 4712 1548 4792 quasi
1608 4710 1891 4772 formalis

400 4823 691 4897 respectu
744 4811 1181 4895 praecedentis,
1218 4831 1255 4872 a
1303 4829 1427 4890 qua
1474 4808 1679 4890 angeli
1732 4827 1892 4869 nun-

399 4931 589 4994 quam
634 4917 931 4974 cessant:
966 4909 1107 4970 ideo
1153 4908 1476 4970 invenitur
1519 4907 1752 4986 saepius
1801 4905 1892 4965 di-

400 5018 569 5072 ctum
600 5029 635 5071 a
668 5008 913 5071 Sanctis
945 5014 1134 5087 atque
1177 5005 1596 5086 philosopbiS‚
1628 5003 1793 5084 quod
1830 5003 1891 5063 in

402 5109 725 5172 intellectu
757 5105 1124 5185 angelorum
1157 5121 1277 5165 non
1311 5110 1405 5164 est
1438 5102 1751 5163 successio
1780 5119 1893 5162 nec

402 5205 746 5276 renovatio,
781 5203 1021 5264 scilicet
1072 5202 1274 5283 quoad
1326 5201 1751 5280 coguitionem
1804 5217 1895 5259 re-

404 5325 543 5367 rum
598 5304 665 5366 in
718 5303 868 5374 Dec,
921 5300 1211 5381 quamvis
1270 5300 1352 5362 sit
1400 5297 1775 5362 vicissitudo
1834 5297 1897 5359 in

2002 4341 2149 4382 nem
2188 4338 2201 4381 :
2237 4319 2388 4401 quia
2428 4320 2548 4381 boc
2595 4319 2804 4399 ipsum
2852 4319 3065 4380 lumen
3109 4326 3204 4380 cst
3246 4336 3323 4380 ex
3371 4335 3498 4399 quo

2004 4419 2224 4480 sormae
2277 4417 2734 4478 intellectuales
2787 4416 3313 4497 multiplicantur,
3359 4416 3498 4496 qui·

2005 4516 2123 4577 bus
2155 4515 2588 4594 intelligentiae
2620 4514 2822 4594 plena*
2859 4514 3174 4575 dicuntur.
3210 4514 3312 4575 Sic
3351 4532 3499 4594 ergo

2003 4614 2364 4675 intellectus
2407 4630 2597 4692 agens
2643 4611 2922 4691 ipsorum
2972 4611 3206 4671 dicitur
3247 4630 3500 4691 semper

2005 4713 2069 4774 in
2112 4718 2258 4772 actu
2305 4729 2464 4779 esse,
2498 4709 2798 4789 quoniam
2846 4709 3234 4769 incessanter
3268 4709 3346 4768 ad
3385 4708 3499 4769 ali-

2004 4808 2158 4890 quid
2201 4807 2683 4886 intelligcndum
2729 4813 2872 4866 actu
2916 4805 3085 4866 lucet
3127 4805 3188 4865 in
3233 4806 3497 4884 angeliS,

2004 4904 2543 4986 quemadmodum
2593 4911 2656 4965 et
2707 4903 2769 4964 in
2821 4902 3027 4976 nobiS‚
3074 4910 3380 4983 quantum
3435 4904 3497 4965 in

2006 5003 2145 5084 ipso
2178 5010 2310 5074 est;
2343 5018 2468 5063 non
2513 5009 2720 5063 tamen
2765 5007 3012 5081 oportet
3045 5008 3113 5061 ut
3144 5020 3396 5082 semper
3423 5002 3500 5064 ad

2006 5119 2197 5161 unam
2240 5099 2517 5180 speciem
2567 5098 2680 5160 siat
2725 5097 3077 5172 conversio,
3111 5098 3198 5159 ita
3237 5105 3302 5159 ut
3343 5118 3504 5161 sem-

2008 5217 2121 5278 per
2162 5217 2358 5258 unum
2405 5196 2706 5276 intelligat
2753 5197 2815 5257 in
2855 5203 3018 5257 actu.
3055 5233 3121 5242 -
3163 5197 3303 5258 Haec
3343 5197 3502 5260 Tho-

2009 5315 2143 5358 mas
2190 5296 2254 5356 in
2300 5295 2565 5377 Scripto.
