4334 6242
806 455 930 524 302
1770 477 1945 526 unm
1987 479 2029 524 11
2070 477 2553 526 snm-ammaim.
2599 499 2680 508 —
2719 479 2872 527 msr.
2919 479 2958 526 v

810 652 879 716 id
926 654 1027 716 est
1071 653 1439 717 discernere
1480 673 1495 714 ε
1537 655 1603 716 in
1652 653 1893 733 quihus
1944 655 2198 717 constat
2248 654 2528 718 liberum
2577 655 2946 719 arbitrium.
2991 656 3128 719 Nec
3173 657 3370 720 creati
3417 656 3574 719 sunt
3617 654 3928 717 volentes

810 769 1016 832 averti
1066 769 1171 832 vel
1225 771 1540 848 converti,
1590 769 1706 832 sed
1762 769 2015 833 habiles
2062 770 2143 833 ad
2195 770 2549 834 volendum
2605 772 2731 834 hoc
2779 772 2883 836 vel
2931 772 3120 835 illud.
3170 773 3258 834 Et
3311 774 3460 854 post
3517 773 3928 834 creationem

548 899 660 944 oen.
678 902 758 950 1‚⁴.
811 887 1171 966 spontanea
1208 886 1543 949 voluntate
1580 885 1694 948 alii
1739 886 2076 967 elegerunt
2112 887 2386 968 malum,
2419 888 2530 950 alii
2570 887 2818 951 bonum
2853 909 2868 949 :
2903 891 2968 952 et
3003 890 3096 952 ita
3133 888 3445 952 discrevit
3480 888 3662 950 Deus
3699 886 3930 949 lucem

812 1018 851 1064 a
892 1000 1199 1081 tenebris,
1234 1002 1405 1064 sicut
1449 1002 1611 1065 dicit
1647 1002 2005 1084 Scriptura,
2048 1002 2116 1065 id
2162 1005 2263 1066 est
2299 1003 2508 1067 bonos
2545 1005 2814 1086 angelos
2850 1022 2890 1068 a
2925 1005 3156 1086 malis;
3197 1005 3264 1067 et
3298 1004 3514 1068 lucem
3561 1002 3935 1085 appellavit

812 1117 1013 1197 diem,
1054 1119 1313 1182 noctem
1355 1134 1510 1182 vero
1548 1117 1871 1196 tenebraS,
1904 1119 2059 1199 quia
2096 1118 2308 1183 bonos
2343 1120 2612 1202 angelos
2647 1122 2857 1202 gratia
2893 1138 3015 1186 sua
3051 1121 3478 1200 illuminavit,
3509 1119 3722 1184 malos
3758 1135 3928 1182 vero

814 1235 1191 1298 excaecavit.

884 1452 957 1516 C.
992 1455 1163 1517 Post
1193 1455 1651 1518 creationem
1681 1457 1968 1531 aliquid
1994 1455 2254 1517 datum
2283 1455 2392 1517 est
2419 1455 2787 1518 stantibus
2809 1470 2952 1530 per
2979 1459 3170 1532 quod
3197 1456 3841 1530 converterentur,

1492 1589 1625 1636 nec
1661 1575 1936 1636 merito
1976 1577 2268 1648 aliquo,
2295 1577 2422 1636 sed
2456 1575 2716 1651 aratia
2755 1575 3225 1648 cooperante.

522 1783 786 1843 “uso-S·-
948 1775 1018 1840 Si
1060 1778 1282 1840 autem
1329 1777 1669 1857 quaeritur,
1712 1778 1934 1840 utrum
1981 1777 2133 1858 post
2184 1778 2578 1841 creationem
2627 1777 2962 1840 conversis
3017 1776 3268 1858 aliquid
3316 1777 3629 1840 collatum
3675 1777 3764 1839 sit
3797 1795 3929 1858 per

518 1849 783 1964 aalma.
812 1892 990 1975 quod
1036 1893 1587 1973 converterentur,
1631 1893 1697 1954 id
1748 1893 1871 1972 est,
1908 1892 2256 1974 diligerent
2299 1893 2553 1974 Deum3
2603 1892 2887 1956 dicimus
2933 1893 3090 1973 quia
3136 1894 3237 1956 est
3281 1893 3378 1956 eis
3425 1893 3661 1956 collata
3706 1893 3929 1974 gratia

812 2027 1193 2092 cooperanS,
1236 2009 1377 2073 sine
1435 1987 1566 2090 qua
1614 2026 1748 2073 non
1805 2010 2023 2090 potest
2076 2009 2390 2090 proficere
2445 2003 2785 2072 rationalis
2843 2010 3138 2073 creatura
3192 2009 3272 2072 ad
3331 2010 3638 2074 meritum
3690 2011 3848 2073 vitae
3903 2029 3920 2071 z

812 2127 1041 2191 cadere
1080 2126 1255 2190 enim
1295 2127 1513 2207 potest
1549 2143 1666 2206 per
1701 2142 1795 2206 se,
1826 2124 1941 2188 sed
1978 2127 2292 2206 proficere
2329 2143 2462 2188 non
2500 2126 2716 2207 potest
2751 2125 2894 2189 sine
2931 2125 3141 2205 gratia
3177 2124 3553 2206 adjuvante.

1393 2351 1477 2415 D.
1538 2353 1689 2418 Qua
1735 2352 1991 2427 aratia
2042 2350 2419 2428 indioebat
2465 2355 2798 2428 anoelus,
2849 2353 2920 2414 et
2966 2365 3111 2428 qua
3161 2366 3334 2414 non.

945 2556 1097 2621 Non
1134 2557 1469 2638 indigebat
1507 2555 1781 2637 angelus
1817 2557 2027 2636 gratia
2066 2571 2181 2637 per
2220 2572 2421 2635 quam
2451 2555 2944 2636 justificaretur,
2979 2556 3136 2636 quia
3172 2554 3389 2618 malus
3424 2571 3558 2618 non
3596 2556 3755 2634 erat,
3795 2555 3922 2618 sed

814 2693 945 2755 qua
984 2675 1066 2736 ad
1104 2674 1513 2754 diligendum
1549 2674 1765 2737 Deum
1808 2672 2092 2754 perfecte
2131 2674 2196 2736 et
2233 2673 2314 2734 ad
2353 2672 2787 2740 obediendum
2834 2672 3275 2752 adjuvaretur.
3313 2673 3607 2753 Operans
3645 2672 3922 2753 quidem

814 2791 1023 2871 gratia
1067 2790 1329 2870 dicitur,
1372 2807 1503 2870 qua
1542 2789 1944 2870 justificatur
1990 2789 2262 2870 impiUS,
2304 2788 2372 2851 id
2423 2789 2544 2870 est,
2591 2789 2671 2851 de
2722 2789 2928 2870 impio
2976 2789 3051 2852 fit
3099 2789 3272 2870 pius,
3313 2787 3394 2851 de
3435 2787 3611 2850 malo
3662 2787 3920 2869 bonus3

815 2924 1173 2988 cooperans
1221 2924 1377 2970 vero
1434 2907 1665 2988 gratia,
1717 2924 1847 2987 qua
1888 2906 2161 2986 juvatur
2209 2906 2291 2967 ad
2342 2904 2505 2970 bene
2559 2905 2916 2967 volendum
2968 2905 3334 2984 efficaciter,
3385 2908 3451 2968 et
3505 2905 3720 2968 Deum
3777 2923 3922 2986 prae

816 3019 1126 3084 omnibus
1170 3020 1602 3102 diligendum,
1653 3021 1719 3084 et
1769 3021 1849 3083 ad
1905 3021 2310 3101 operandum
2360 3020 2634 3100 bonum,
2675 3021 2740 3084 et
2777 3021 2858 3082 ad
2903 3021 3454 3101 perseverandum
3501 3021 3571 3082 in
3612 3020 3806 3100 bonu,
3853 3023 3926 3084 et

812 3137 1199 3219 hujusmodi
1232 3158 1247 3199 :
1282 3137 1363 3202 de
1408 3137 1651 3218 quibus
1706 3138 1935 3218 postea
1984 3137 2245 3218 plenius
2293 3137 2611 3201 dicemuS.
2652 3138 2822 3200 Data
2869 3137 2970 3201 est
3014 3155 3168 3218 ergo
3220 3137 3470 3218 angelis
3518 3138 3633 3218 qui
3677 3137 3926 3218 persti-

810 3256 1054 3334 terunt,
1110 3271 1468 3335 cooperans
1526 3253 1757 3334 gratia,
1806 3271 1923 3334 per
1977 3270 2178 3334 quam
2237 3253 2534 3317 conversi
2589 3254 2746 3317 sunt
2799 3255 2875 3316 ut
2927 3253 3143 3317 Deum
3202 3252 3488 3334 perfecte
3541 3252 3919 3334 diligerent.

812 3371 1127 3434 Conversi
1174 3387 1327 3450 ergo
1366 3371 1523 3433 sunt
1558 3388 1595 3432 a
1632 3369 1805 3433 bono
1844 3368 2021 3449 quod
2058 3368 2385 3432 habebant
2419 3387 2551 3432 non
2589 3369 2868 3451 perdito,
2899 3369 2982 3432 ad
3019 3368 3238 3448 majus
3274 3368 3520 3432 bonum
3563 3368 3743 3449 quod
3780 3386 3922 3432 non

810 3487 1173 3569 habebant3
1214 3487 1279 3549 et
1316 3486 1487 3548 facta
1522 3487 1624 3549 est
1659 3487 1786 3549 ista
1823 3486 2162 3550 conversio
2202 3503 2318 3567 per
2353 3486 2632 3566 gratiam
2671 3487 3128 3567 cooperantem
3168 3483 3372 3548 libero
3410 3485 3678 3548 arbitrio
3715 3505 3730 3545 ε
3763 3503 3920 3564 quae

813 3603 1022 3684 gratia
1066 3602 1237 3682 aliis,
1277 3603 1394 3683 qui
1442 3602 1835 3682 ceciderunt,
1880 3603 2183 3684 apposita
2227 3619 2356 3666 non
2406 3602 2554 3666 ruit.

1436 3827 1512 3889 E.
1564 3831 1675 3892 An
1720 3829 1821 3892 sit
1866 3830 2382 3904 imputandum
2428 3834 2582 3892 illis
2626 3833 2753 3905 qui
2800 3833 3050 3894 aversi
3094 3829 3285 3894 sunt.

562 4048 740 4096 ibidem.
950 4034 1237 4116 Ideoque
1275 4051 1314 4097 a
1351 4033 1746 4116 quibusdam
1788 4035 1918 4097 dici
1967 4034 2156 4114 solet,
2197 4053 2332 4098 non
2369 4052 2512 4098 esse
2559 4035 3020 4117 imputandum
3064 4034 3196 4097 illis
3232 4034 3348 4114 qui
3387 4031 3600 4097 aversi
3648 4035 3804 4097 sunt
3849 4035 3926 4100 et

814 4170 949 4218 non
988 4152 1286 4216 conversi
1321 4172 1335 4213 :
1369 4153 1524 4233 quia
1562 4151 1703 4215 sine
1740 4151 1950 4231 gratia
1979 4151 2271 4215 converti
2307 4169 2440 4215 non
2479 4153 2815 4232 poterant;
2854 4150 2968 4213 sed
3005 4149 3120 4212 illa
3155 4166 3289 4213 non
3327 4152 3426 4214 est
3455 4151 3552 4214 eis
3588 4149 3761 4232 data,
3793 4169 3923 4216 nec

816 4271 1009 4351 culpa
1055 4268 1322 4332 illorum
1371 4267 1499 4332 fuit
1538 4267 1717 4349 quod
1764 4286 1896 4331 non
1935 4270 2034 4332 est
2080 4269 2254 4348 data,
2287 4271 2445 4350 quia
2483 4270 2549 4331 in
2599 4269 2694 4332 eis
2741 4266 2922 4330 nulla
2969 4269 3162 4350 culpa
3207 4271 3422 4334 adhuc
3467 4271 3916 4351 praecesserat.

756 4383 767 4390 ’
815 4422 904 4434 -—
932 4385 1036 4448 Ad
1066 4385 1242 4466 quod
1280 4385 1407 4449 dici
1447 4387 1685 4467 potest,
1718 4387 2029 4467 quoniam
2063 4385 2306 4467 quibus
2343 4386 2641 4467 apposita
2669 4385 2768 4447 est
2795 4384 2938 4465 ipsa
2965 4387 3194 4467 gratia,
3223 4401 3356 4449 non
3393 4384 3519 4449 fuit
3549 4403 3630 4449 ex
3659 4385 3922 4451 meritis

818 4519 1047 4567 eorum
1082 4521 1096 4563 :
1131 4503 1376 4584 alioqui
1409 4502 1550 4583 jam
1588 4519 1717 4567 non
1749 4506 1921 4567 esset
1947 4504 2178 4584 gratia,
2211 4503 2268 4566 si
2307 4521 2388 4566 ex
2426 4504 2659 4567 merito
2691 4501 2867 4584 quod
2904 4504 3074 4567 esset
3105 4505 3252 4566 ante
3289 4505 3592 4584 gratiam,
3623 4503 3917 4568 daretur.

1248 4725 1322 4789 F.
1381 4729 1531 4796 Qua
1580 4729 1797 4802 eulpa
1844 4729 2100 4805 aratia
2145 4744 2297 4792 non
2343 4731 2452 4792 est
2497 4731 2674 4793 data
2719 4733 2828 4793 eis
2873 4731 2998 4806 qui
3045 4731 3488 4794 ceciderunt.

568 4947 747 4994 ibidem.
953 4929 1145 5006 Quod
1172 4949 1356 4996 ‚vero
1408 4932 1557 4995 aliis
1612 4950 1745 4995 non
1793 4934 1893 4996 est
1940 4932 2113 5013 data,
2157 4933 2352 5015 culpa
2397 4951 2626 4998 eorum
2682 4933 2811 4997 fuit
2861 4953 2874 4995 :
2926 4934 3080 5015 quia
3137 4952 3345 5016 quum
3394 4937 3566 4998 stare
3620 4937 3918 5017 possent,

821 5045 1195 5129 noluerunt,
1236 5067 1580 5130 quousque
1631 5049 1840 5129 gratia
1884 5051 2344 5130 apponeretur,
2388 5051 2561 5113 sicut
2605 5050 2718 5114 alii
2764 5052 3211 5132 perstiterunt,
3252 5050 3460 5114 donec
3501 5051 3636 5114 illis
3681 5053 3922 5116 caden-

820 5167 999 5231 tibus
1035 5185 1154 5248 per
1189 5163 1589 5248 superbiam,
1632 5167 1729 5230 eis
1773 5166 1983 5248 gratia
2032 5166 2333 5248 apposita
2380 5168 2500 5231 est.
2534 5166 2776 5249 Aperte
2821 5185 2972 5249 ergo
3020 5169 3394 5232 cadentium
3433 5169 3628 5250 culpa
3673 5169 3740 5232 in
3791 5169 3920 5234 hoc

822 5283 1218 5366 deprehendi
1266 5284 1504 5364 potest,
1538 5283 1694 5364 quia
1730 5283 1884 5346 licet
1929 5283 2070 5348 sine
2117 5283 2329 5364 gratia
2375 5285 2720 5365 nequirent
2766 5285 3102 5366 proficere,
3143 5302 3342 5365 quam
3387 5284 3682 5350 nondum
3733 5303 3920 5351 acce·
3959 5341 3968 5348 .
