4334 6242
506 524 597 572 ΑΝ
640 528 831 575 Puro
876 526 1082 575 rosmr
1124 528 1267 575 τιιιΑ
1310 526 1617 575 rnmcn‘m
1660 524 1985 583 memmi,
2028 526 2101 572 m·
2142 527 2208 571 m
2251 526 2463 581 Qumus
2505 526 2737 573 rosrrro
2780 527 2894 573 sua
2937 524 3216 573 nartem
3333 507 3412 571 93

316 696 483 757 stetit
532 704 598 759 et
647 698 837 761 stabit
894 696 1033 759 sinc
1089 695 1242 759 fine.
1296 730 1373 741 —
1424 696 1499 758 Et
1548 696 1807 769 mirum,
1841 693 1892 756 A
1924 694 2077 755 dum
2128 713 2253 757 non
2305 714 2557 777 semper
2605 696 2820 759 fuisse.
2875 696 3048 771 Quod
3098 694 3290 756 etiam
3337 712 3416 755 ex

317 794 481 873 quod
512 796 672 857 tanti
713 796 834 858 viri
864 796 1161 857 dixerunt
1202 795 1357 857 haec.
1394 794 1643 856 Etenim
1675 794 1810 855 Pto-

320 890 534 955 lemaeo
587 892 653 955 in
702 893 1190 975 Quadripartito,
1244 892 1525 974 capitulo
1576 893 1806 974 primo,

316 990 639 1066 edocente,
687 1011 801 1074 per
849 992 1291 1073 probationem
1339 990 1672 1053 efficacem
1720 992 1810 1053 di-

318 1088 610 1164 dicimus,
645 1091 811 1171 quod
858 1091 1125 1153 virtutes
1172 1098 1487 1153 astrorum
1536 1107 1663 1151 non
1706 1091 1809 1152 de-

318 1188 579 1250 veniunt
618 1189 697 1251 ad
738 1188 1039 1252 inferiora
1081 1190 1205 1251 nisi
1247 1207 1362 1271 per
1402 1187 1575 1250 aliud
1617 1196 1805 1270 atque

319 1304 425 1366 per
453 1287 751 1349 accidens
786 1305 799 1349 ε
836 1307 949 1370 per
977 1288 1171 1362 aliud,
1206 1288 1355 1370 quia
1396 1306 1509 1369 per
1538 1288 1805 1351 virtutes

320 1384 808 1464 elementorum3
839 1405 953 1468 per
991 1387 1309 1460 accidenS,
1351 1386 1653 1467 quoniam
1692 1404 1807 1467 per

322 1481 581 1545 virtutes
612 1503 753 1565 quae
793 1484 857 1546 in
900 1483 1163 1546 materia
1201 1492 1367 1545 sunt.
1405 1484 1634 1564 Sicque
1674 1482 1806 1544 sola

319 1586 475 1641 astra
533 1598 664 1643 non
722 1590 869 1644 sunt
922 1601 1110 1645 causa
1166 1582 1376 1643 omnis
1437 1580 1804 1644 mutationis

318 1696 451 1758 quae
500 1678 567 1740 in
617 1678 1025 1742 inferioribus
1069 1679 1168 1753 fit,
1202 1680 1313 1741 sed
1356 1680 1547 1741 etiam
1594 1679 1803 1761 dispo-

320 1774 573 1837 sitiones
626 1776 903 1840 materiae
952 1776 1291 1839 inferioris
1326 1776 1586 1858 Propter
1633 1776 1801 1858 quod

1923 793 2132 873 primo
2176 794 2392 857 Timaei
2436 795 2760 876 probatur,
2794 814 2920 877 quo
2965 794 3194 875 legitur
3228 810 3241 855 :
3278 793 3419 855 Om-

1921 910 2001 953 ne
2046 892 2302 954 visibile
2345 911 2848 976 corporeumque
2895 902 3070 957 motu
3111 893 3417 974 importu-

1922 1008 2004 1051 no
2037 990 2358 1053 fluctuans
2389 1010 2596 1073 neque
2636 1011 2916 1073 unquam
2947 992 3305 1073 quiescenS,
3337 1008 3416 1052 ex

1922 1086 2278 1150 inordinata
2323 1088 2664 1167 jactatione
2705 1090 2945 1169 redegit
2992 1088 3056 1151 in
3099 1088 3412 1161 ordinem,

1921 1185 2129 1247 scie-ns
2162 1186 2597 1248 ordinatorum
2629 1186 2900 1249 formam
2933 1186 3216 1249 confusis
3248 1186 3418 1248 inor-

1921 1284 2281 1366 dinatisque
2321 1292 2639 1366 praestare,
2677 1286 2738 1347 id
2783 1292 2880 1347 est
2912 1285 3412 1365 praestantiorem

1920 1383 2244 1445 exsistere.
2281 1383 2397 1445 Ubi
2429 1392 2490 1445 et
2520 1383 2692 1446 Plato
2726 1384 3154 1466 prosequitur,
3191 1382 3412 1444 mundi

1920 1489 1982 1542 et
2026 1500 2248 1544 eorum
2293 1502 2433 1564 quae
2476 1483 2540 1544 in
2587 1482 2824 1544 mundo
2866 1489 3013 1543 sunt
3057 1481 3415 1563 productio-

1918 1598 2067 1641 nem
2120 1580 2342 1643 ordine
2393 1581 2666 1663 quodam
2721 1587 2782 1641 et
2832 1580 3012 1661 quasi
3064 1598 3177 1661 per
3225 1580 3414 1641 inter-

1918 1678 2084 1740 valla
2126 1678 2528 1760 completam.

1999 1777 2372 1850 Dicendum,
2409 1777 2576 1859 quod
2616 1795 2735 1839 nec
2763 1776 2958 1839 verba
2987 1776 3262 1839 Platonis
3293 1795 3412 1838 nec

321 1872 379 1933 in
420 1873 774 1955 Centilogio
812 1875 1037 1937 asserit
1078 1875 1450 1937 Ptolcmaeus
1490 1892 1505 1937 ε
1539 1875 1802 1956 Sapiens
1840 1871 1887 1932 B
1919 1876 2086 1938 dicta
2132 1876 2404 1939 aliorum
2454 1877 2532 1938 de
2581 1875 2894 1958 positione
2945 1875 3217 1938 Platonis
3260 1894 3410 1957 que-

321 1970 746 2033 dominabitur
792 1972 996 2035 astriS.
1052 1972 1129 2035 Et
1173 1972 1310 2034 Hali
1364 1973 1470 2034 dat
1520 1973 1584 2033 in
1635 1990 1803 2034 com-

318 2076 517 2132 mento
548 2070 933 2153 exemplum,
952 2072 1112 2152 quod
1142 2071 1197 2132 si
1229 2088 1493 2153 corpora
1524 2070 1806 2133 coelestia

318 2167 659 2229 scintillant
706 2170 784 2230 ad
832 2176 1167 2251 quartanas
1216 2176 1406 2249 atque
1450 2170 1527 2231 ad
1572 2169 1806 2231 melan·

320 2265 611 2341 choliam,
647 2267 900 2348 sapiens
951 2268 1235 2330 medicus
1285 2285 1549 2349 corpora
1598 2266 1806 2348 dispo-

320 2371 417 2425 net
444 2366 521 2426 ad
554 2365 953 2445 sanguinem,
972 2374 1035 2427 et
1064 2384 1190 2428 non
1224 2365 1606 2427 inducentur
1634 2383 1804 2447 quar-

322 2467 489 2524 tanae.
523 2462 941 2525 Maschaallah
985 2481 1239 2545 quoque
1281 2463 1371 2525 ait
1416 2462 1482 2524 in
1524 2463 1687 2525 libro
1724 2463 1803 2525 de

320 2558 565 2640 Sphaera
618 2568 807 2634 mota,
840 2563 1009 2643 quod
1060 2562 1312 2644 sapiens
1362 2562 1552 2624 homo
1602 2562 1803 2623 circu-

321 2655 443 2718 lum
484 2665 687 2719 mutat
730 2659 1075 2735 coelestem,
1110 2660 1275 2722 sicut
1316 2668 1599 2722 mutatur
1638 2668 1801 2723 terra

317 2755 585 2818 aratione
616 2765 679 2818 et
709 2756 1141 2819 seminatione.
1160 2758 1579 2840 Philosophus
1608 2759 1799 2820 etiam

318 2853 377 2913 in
424 2853 586 2916 libro
628 2855 707 2917 de
750 2855 983 2918 Somno
1026 2862 1090 2917 et
1132 2855 1351 2937 vigilia
1394 2864 1797 2937 protestatur,

319 2952 473 3032 quod
509 2952 575 3015 in
614 2953 849 3015 talibus
888 2961 985 3015 est
1024 2953 1189 3016 sicut
1228 2953 1399 3016 circa
1439 2955 1797 3037 principem

1918 1982 2033 2035 unt
2076 1974 2352 2039 faciliter
2393 1974 2780 2037 concordari.
2817 1974 3122 2056 Superius
3170 1973 3410 2055 quippe

1918 2073 2178 2134 inducta
2227 2082 2374 2135 sunt
2424 2073 2624 2135 multa
2673 2092 2750 2135 ex
2792 2073 3010 2135 Proclo
3051 2092 3130 2134 ex
3173 2072 3408 2154 quibus

1915 2172 2328 2254 consequitur
2380 2172 2690 2234 mundum
2743 2172 2823 2234 ab
2875 2180 3111 2235 aeterno
3169 2170 3408 2249 fuisse3

1913 2277 2103 2351 atque
2134 2290 2210 2332 ex
2243 2270 2612 2332 recitatione
2641 2269 2882 2332 Alberti
2913 2269 3205 2343 habetur,
3239 2269 3408 2350 quod

1914 2368 2272 2431 coelestium
2328 2368 2814 2431 circulationum
2863 2368 3238 2431 vicissitudo
3294 2386 3406 2429 seu

1912 2466 2247 2529 alternatio
2304 2468 2555 2530 duravit
2614 2466 2850 2548 absque
2910 2467 3094 2529 initio
3149 2474 3213 2529 et
3269 2467 3406 2529 sine

1912 2566 2188 2627 termino
2237 2565 2624 2648 perdurabit.
2674 2564 2837 2627 Dicit
2885 2583 3138 2647 quoque
3187 2564 3406 2629 Alber-

1914 2672 2035 2739 tuS,
2070 2666 2240 2746 quod
2286 2666 2638 2727 secundum
2678 2663 3020 2739 Platonem,
3053 2664 3282 2727 animae
3324 2662 3404 2725 ab

1910 2769 2146 2825 aeterno
2197 2770 2343 2825 sunt
2393 2763 2587 2823 simul
2637 2768 2894 2841 creatae3
2940 2770 3004 2824 et
3051 2762 3404 2824 secundum

1910 2862 2232 2935 eumdem,
2276 2861 2664 2943 exemplaria
2711 2868 2888 2922 extra
2930 2868 3208 2922 mentem
3252 2860 3408 2922 divi-

1912 2979 2058 3021 nam
2090 2960 2482 3035 exsistentia,
2516 2960 2596 3021 ab
2627 2966 2859 3022 aeterno
2901 2960 3207 3041 producta
3235 2966 3402 3021 sunt.

318 3050 389 3109 de
435 3051 703 3113 consilio
749 3070 1087 3133 procerum
1129 3072 1203 3114 ac
1245 3052 1660 3115 familiarium
1704 3072 1797 3115 se·
1836 3059 1879 3122 C
1909 3058 2272 3121 introducta
2302 3066 2449 3120 sunt
2476 3059 2668 3119 etiam
2697 3058 2910 3138 aliqua
2941 3058 3005 3119 in
3037 3056 3402 3140 oppositum

319 3155 645 3225 cretorum,
684 3150 795 3231 qui
840 3148 1207 3232 frequenter
1250 3158 1493 3213 mutant
1535 3151 1800 3214 consilia
1912 3156 2273 3231 militantia,
2316 3157 2482 3217 sicut
2525 3155 2657 3235 jam
2708 3155 2928 3237 patuit.
2975 3156 3148 3217 Unde
3195 3162 3260 3217 et
3304 3155 3406 3217 Al—

319 3266 661 3327 procerum.
695 3249 855 3311 Hinc
900 3249 991 3311 nil
1033 3249 1200 3311 valet
1242 3249 1473 3331 positio
1517 3250 1645 3324 illa,
1680 3269 1797 3313 nec
1910 3253 2127 3316 bertus
2163 3262 2450 3328 testatur,
2483 3254 2649 3335 quod
2691 3253 3042 3315 secundum
3081 3254 3401 3316 Platonem

320 3346 510 3407 solum
568 3346 937 3428 theologicae
987 3348 1237 3410 veritati
1288 3349 1398 3410 sed
1456 3349 1647 3411 etiam
1696 3350 1799 3411 de-

320 3445 745 3507 monstrationi
786 3452 914 3506 tam
953 3446 1391 3509 astronomicae
1430 3466 1623 3528 quam
1657 3465 1797 3527 geo-

322 3542 583 3623 metricae
607 3562 685 3605 ac
715 3543 1019 3605 naturalis
1051 3543 1331 3607 scientiae
1360 3545 1793 3619 contrariatur,

321 3647 374 3701 et
402 3639 916 3722 irrefragabiliter
946 3642 1329 3723 reprobatur.
1354 3644 1499 3706 Ideo
1531 3644 1793 3719 mirum,

320 3739 474 3819 quod
510 3760 547 3801 a
585 3740 775 3802 tantis
818 3739 975 3803 viris
1018 3740 1137 3802 hoc
1180 3742 1387 3823 potuit
1428 3742 1748 3805 aestimari.

392 3838 475 3899 Ex
522 3839 757 3920 quibus
805 3837 1180 3913 ostenditur,
1220 3840 1391 3921 quod
1440 3843 1791 3904 secundum

321 3934 621 3999 Platonem
652 3944 715 3997 et
754 3936 1098 4009 Socratem,
1136 3939 1410 3999 mundus
1443 3939 1685 4001 exstitit
1711 3940 1792 4001 ab

322 4041 559 4109 aeterno,
602 4043 666 4096 et
713 4034 779 4095 in
829 4042 1135 4097 aeternum
1185 4034 1457 4097 durabit.
1509 4036 1682 4098 Unde
1730 4044 1792 4098 et

322 4132 527 4211 quinto
574 4134 650 4194 de
696 4132 1133 4195 Consolatione
1182 4133 1601 4216 philosophiae
1648 4152 1791 4216 pro-

1909 3360 2117 3415 motus
2150 3352 2426 3415 coelestis
2467 3369 2594 3413 non
2631 3351 2883 3413 duravit
2921 3350 3058 3413 sinc
3089 3351 3293 3414 initio.
3328 3352 3404 3413 Et

1909 3470 2127 3512 rursus
2164 3468 2179 3511 :
2214 3451 2396 3513 Solus
2433 3448 2700 3531 (inquit)
2737 3449 2908 3512 Plato
2950 3457 3208 3529 generat
3249 3457 3405 3512 tem-

1907 3568 2047 3631 puS.
2112 3548 2398 3630 Denique
2456 3547 2824 3610 Aristoteles
2879 3548 3067 3610 tertio
3125 3548 3279 3611 Coeli
3339 3556 3404 3611 et

1909 3648 2151 3723 mundi,
2187 3647 2486 3709 disseruit
2531 3646 2819 3728 posuisse
2855 3648 3198 3722 Platonem,
3230 3649 3400 3730 quod

1905 3764 2004 3807 res
2034 3746 2114 3808 ab
2144 3754 2380 3808 aeterno
2417 3745 2836 3808 movebantur
2865 3754 3042 3807 motu
3083 3745 3402 3809 inordina-

1904 3852 1967 3906 to
2012 3844 2075 3905 in
2122 3844 2282 3906 chao
2331 3843 2618 3917 confus0,
2651 3851 2714 3905 et
2752 3851 2968 3925 postea
3006 3844 3071 3906 in
3109 3845 3398 3907 ordinem

1904 3951 2051 4004 sunt
2081 3963 2118 4004 a
2149 3943 2276 4005 Deo
2307 3943 2595 4016 redactae,
2621 3942 2785 4003 sicut
2815 3949 2878 4003 et
2906 3942 3174 4005 Thomas
3204 3943 3398 4006 refert

1903 4041 1966 4102 in
2020 4042 2286 4123 Scripto.
2332 4042 2447 4103 Pro
2489 4058 2762 4122 quorum
2807 4042 3142 4103 concordia
3184 4050 3396 4123 posset

1902 4138 2115 4201 forsan
2164 4140 2308 4221 quis
2359 4140 2593 4212 dicere,
2646 4139 2817 4220 quod
2867 4138 3032 4199 sicut
3078 4147 3141 4200 et
3187 4140 3397 4220 Augu—

322 4228 431 4290 fert
464 4231 713 4293 Boetius
746 4248 761 4291 ε
794 4231 933 4293 Νοιι
974 4238 1142 4294 recte
1174 4232 1457 4313 quidam,
1490 4233 1642 4294 dum
1681 4252 1789 4295 au·
1822 4236 1871 4297 D
1902 4235 2106 4299 stinus
2147 4237 2237 4299 ait
2275 4238 2352 4299 de
2390 4238 2622 4318 Moyse,
2654 4237 2824 4319 quod
2863 4237 3154 4318 quamvis
3184 4236 3392 4298 videa-

322 4327 487 4389 diunt
542 4328 749 4391 visum
809 4329 1071 4402 Platoni,
1125 4330 1434 4391 mundum
1493 4348 1619 4392 non
1678 4331 1787 4392 ha-

323 4422 519 4487 buisse
574 4426 831 4488 initium
890 4427 1195 4508 temporis
1254 4446 1370 4489 nec
1420 4428 1787 4492 habiturum

322 4522 641 4598 defectum,
704 4525 1025 4588 Conditori
1088 4526 1414 4588 conditum
1476 4529 1789 4591 mundum

322 4629 529 4701 putant
575 4621 716 4685 fieri
770 4630 1173 4686 coaeternum.
1226 4624 1413 4686 Aliud
1466 4625 1639 4688 enim
1693 4635 1789 4689 est

324 4737 421 4799 per
450 4721 985 4784 interminabilem
1015 4722 1161 4784 duci
1194 4721 1587 4805 vitam,quod
1620 4745 1791 4787 mun-

322 4816 393 4879 do
420 4818 633 4881 tribuit
658 4820 867 4897 Plato;
899 4819 1096 4893 aliud,
1122 4820 1612 4883 interminabilis
1644 4824 1788 4886 vitae

323 4922 497 4977 totam
527 4917 715 4979 simul
756 4918 1153 4999 complexam
1191 4936 1328 4980 esse
1362 4920 1785 5000 praesentiam,

324 5016 474 5094 quod
501 5016 727 5081 divinat
762 5017 991 5079 mentis
1022 5024 1115 5079 est
1152 5017 1501 5098 proprium.
1536 5052 1615 5064 —
1645 5018 1788 5083 Haec

323 5111 615 5177 Albertus.

392 5211 615 5275 Verum
662 5214 761 5276 his
818 5213 1017 5295 objici
1069 5221 1297 5295 potest,
1344 5215 1513 5295 quod
1563 5233 1787 5277 secun-

326 5307 461 5373 dum
512 5312 935 5386 Ambrosium,
990 5311 1160 5375 Plato
1219 5312 1555 5394 perhibuit.
1605 5332 1792 5377 mun-

1901 4342 2005 4395 tur
2042 4334 2316 4397 sensisse
2357 4354 2455 4397 res
2496 4335 2706 4416 primo
2744 4342 2983 4396 creatas
3024 4334 3087 4395 in
3121 4335 3390 4416 quadam

1899 4431 2258 4494 inordinata
2297 4440 2360 4493 ct
2391 4432 2654 4494 confusa
2696 4432 2978 4505 materia,
3011 4432 3240 4494 deinde
3280 4451 3394 4514 per

1901 4530 2232 4593 intervalla
2263 4531 2511 4592 dierum
2544 4532 2825 4593 redactas
2858 4531 2922 4593 in
2952 4530 3274 4610 ordinem3
3307 4531 3395 4594 ni·

1900 4628 2031 4690 hilo
2063 4628 2277 4689 minus
2308 4628 2507 4691 sensit
2535 4630 2750 4692 omnia
2787 4628 2980 4691 simul
3015 4648 3153 4692 csse
3185 4638 3392 4693 creata

1899 4726 2199 4789 distincte
2229 4734 2418 4810 atque
2449 4736 2666 4790 ornate
2697 4734 3006 4809 quantum
3037 4728 3115 4789 ad
3145 4746 3220 4789 ea
3249 4747 3391 4809 quae

1899 4825 1972 4886 ad
2014 4824 2308 4887 decorem
2343 4834 2407 4887 et
2443 4826 2732 4889 ordinem
2777 4825 3098 4909 pertinent
3142 4826 3392 4889 univer—

1898 4922 1974 4997 si,
1999 4923 2192 4984 et-iam
2223 4932 2533 5005 quantum
2562 4925 2639 4985 ad
2672 4924 3002 4986 individua
3034 4924 3238 5006 prima
3265 4942 3278 4987 :
3305 4926 3389 4987 ita

1897 5028 1959 5082 et
2001 5020 2174 5084 Plato
2215 5022 2505 5097 intendit,
2540 5023 2708 5104 quod
2748 5023 3002 5085 realiter
3039 5023 3118 5085 ab
3154 5031 3388 5086 aeterno

1898 5120 2091 5181 simul
2150 5120 2449 5181 distincte
2507 5122 2814 5201 producta
2870 5128 3041 5196 sunt,
3097 5120 3388 5203 quamvis

1901 5224 2198 5299 praetacto
2243 5219 2430 5281 modo
2474 5218 2766 5299 loquatur
2803 5238 2880 5281 ex
2925 5219 3114 5282 certis
3157 5218 3383 5281 causiS.

1899 5316 2057 5379 Nam
2095 5324 2158 5377 et
2199 5315 2458 5378 modum
2499 5316 2794 5398 loquendi
2837 5315 3060 5378 habuit
3091 5315 3385 5397 aenigma-
