4334 6242
547 1782 699 1828 Jacob.
711 1789 813 1836 ruffi.

839 500 961 566 350

1512 520 1575 567 m
1618 520 1840 568 Lunum
1881 520 1924 567 11
1968 517 2452 567 SENTENTMRUM.
2500 540 2579 549 -
2620 522 2771 567 msT.
2812 520 2915 584 vt;
2958 520 3182 578 QUAEST.
3232 521 3297 569 111

843 708 1163 753 carcerem
1225 692 1590 775 iniquorum
1653 712 1765 755 seu
1825 694 2270 756 damnatorum
2328 711 2341 755 :
2378 691 2427 755 A
2461 692 2636 755 falsa,
2670 693 2797 755 Nec
2829 694 3039 756 simile
3074 701 3169 756 est
3199 695 3277 756 de
3308 693 3706 757 daemonibus
3736 701 3798 755 et
3826 692 3969 755 ani-

841 806 968 849 non
1001 807 1151 869 ergo
1183 790 1247 851 in
1279 808 1421 852 aere
1458 798 1626 853 sunt.
1650 827 1731 836 —
1761 791 1991 866 Tertio,
2025 792 2346 853 daemones

843 905 988 948 cum
1023 887 1393 951 hominibus
1425 898 1574 951 sunt
1606 890 1900 963 libenter,
1926 908 2053 952 non
2085 908 2162 953 ex
2195 891 2350 953 cari-

842 993 990 1058 tate,
1025 994 1095 1047 ut
1133 986 1401 1068 prosint,
1435 988 1544 1050 sed
1587 1007 1665 1050 ex
1707 989 1946 1049 invidia
1985 1007 2236 1070 magna,
2280 996 2349 1049 ut

841 1092 1111 1146 noceant
1163 1102 1178 1146 τ
1231 1102 1380 1166 ergo
1427 1086 1546 1149 hoc
1597 1087 1690 1149 eis
1747 1088 2008 1149 concedi
2063 1106 2191 1149 non
2248 1088 2351 1150 de-

843 1181 1005 1257 buit,
1050 1184 1200 1265 quia
1244 1186 1572 1248 concessio
1617 1186 1834 1268 placiti
1887 1186 2197 1248 exhilarat
2241 1204 2349 1267 po-

841 1282 969 1343 tius
1028 1302 1220 1365 quam
1280 1283 1532 1365 affligit.
1579 1319 1660 1330 -
1709 1285 1962 1359 Quart0,
2014 1292 2349 1366 peccatum

842 1380 1205 1443 daemonum
1235 1381 1490 1461 gravius
1522 1389 1618 1444 est
1650 1389 1910 1464 peccato
1943 1382 2305 1445 animarum
2331 1400 2348 1462 3

843 1480 952 1541 sed
985 1480 1216 1542 animae
1257 1480 1576 1543 sceleratae
1611 1499 1757 1543 mox
1794 1488 1866 1541 ut
1894 1500 1930 1541 a
1962 1499 2226 1563 corpore
2260 1500 2352 1543 se-

843 1587 1165 1659 parantur,
1217 1580 1294 1641 ad
1346 1578 1584 1643 inferos
1633 1580 2085 1661 deprimuntur
2137 1598 2151 1641 :
2202 1598 2351 1661 ergo

843 1678 1048 1739 multo
1080 1678 1225 1759 plus
1256 1677 1595 1742 daemones.
1617 1715 1696 1723 —
1717 1679 1968 1753 Quinto,
1993 1679 2347 1740 secundum

844 1776 1128 1839 Glossam
1168 1777 1383 1840 Jacobi
1433 1779 1636 1853 tertio,
1670 1779 1992 1841 daemones
2045 1796 2350 1858 quocum·

2460 792 2686 854 mabus
2727 794 3170 855 damnatorum
3208 810 3221 854 τ
3258 793 3409 874 quia
3448 800 3519 853 ut
3555 792 3798 853 dictum
3838 798 3967 863 est,

2460 891 2779 954 daemones
2828 892 3183 953 secundum
3227 892 3495 973 gradum
3544 898 3787 953 naturai
3832 909 3977 951 suae

2461 970 2788 1051 constituti
2830 997 3010 1051 erant
3052 990 3245 1051 medii
3289 990 3456 1051 inter
3492 989 3695 1051 Deum
3732 996 3797 1050 et
3822 1005 3975 1061 neS,

2458 1094 2577 1148 etc.
2613 1123 2693 1132 —
2721 1086 2814 1149 Ad
2848 1087 3145 1169 quintum
3180 1088 3442 1169 quidam
3473 1085 3792 1159 dixerunt,
3827 1104 3981 1149 sen-

2460 1184 2716 1248 sibilem
2773 1186 3137 1248 daemonum
3194 1204 3449 1269 poenam
3507 1203 3646 1247 esse
3703 1184 3981 1247 dilatam

2462 1302 2665 1365 usque
2713 1284 2792 1345 ad
2836 1284 3010 1346 diem
3055 1284 3282 1365 judicii
3325 1302 3339 1346 :
3385 1284 3552 1366 quod
3604 1290 3700 1347 est
3748 1292 3983 1346 contra

2462 1382 2837 1445 Sanctorum
2868 1384 3298 1458 auctoritateS,
3330 1392 3394 1446 et
3425 1392 3645 1446 contra
3682 1383 3981 1445 divinam

2457 1480 2800 1561 justitiam,
2860 1502 3004 1564 quae
3070 1484 3315 1545 animas
3380 1482 3749 1565 iniquorum
3816 1500 3981 1545 mox

2461 1581 2670 1663 poenis
2731 1581 3061 1643 infernalis
3112 1582 3276 1662 ignis
3326 1582 3639 1656 immittit,
3692 1601 3979 1663 quarum

2461 1687 2674 1741 tamen
2725 1688 3057 1761 peccatum
3113 1689 3373 1763 peccato
3422 1682 3784 1744 daemonum
3838 1699 3981 1744 non

2462 1784 2557 1840 est
2591 1778 2817 1859 majus.
2853 1779 3013 1841 Hinc
3052 1779 3160 1841 alii
3199 1780 3443 1854 dicunt,
3479 1780 3648 1861 quod
3692 1780 3833 1859 igne
3878 1780 3985 1840 in-

842 1893 968 1955 que
999 1875 1260 1949 vadunt,
1294 1894 1512 1938 secum
1555 1876 1853 1939 deferunt
1885 1876 2098 1957 ignem
2129 1895 2344 1949 suum,
2385 1877 2432 1940 B
2464 1874 2687 1938 fet-nali
2740 1895 2995 1959 semper
3036 1877 3279 1951 ardent,
3314 1897 3507 1960 quem
3557 1878 3747 1939 etiam
3799 1896 3983 1939 sem-

841 1980 997 2055 puta
1047 1980 1411 2035 tartareum.
1453 1974 1574 2036 Sed
1626 1974 1791 2055 ignis
1843 1974 1972 2049 ille,
2015 1993 2217 2056 quum
2265 1974 2349 2035 sit

843 2071 1211 2155 corporalis,
1244 2072 1372 2153 agit
1404 2090 1481 2133 ex
1522 2073 1899 2135 necessitate
1939 2080 2200 2135 naturae.
2240 2073 2347 2134 Er-

839 2188 920 2251 go
967 2170 1222 2233 videtur
1269 2171 1439 2252 quod
1492 2171 1571 2232 ad
1621 2188 1736 2233 nos
1788 2190 2116 2253 nunquam
2169 2190 2347 2233 acce-

841 2270 992 2330 dant
1017 2286 1030 2330 :
1056 2269 1207 2350 quia
1237 2269 1454 2331 omnia
1481 2288 1624 2351 quae
1657 2270 1825 2331 circa
1855 2287 1970 2331 nos
2002 2276 2148 2331 sunt
2181 2288 2349 2331 com-

841 2366 1242 2429 burerentur.

922 2466 1275 2527 Dicendum
1326 2468 1404 2528 ad
1465 2467 1770 2549 primum,
1822 2466 1991 2547 quod
2045 2466 2347 2528 dicuntur

839 2583 978 2626 esse
1013 2565 1075 2626 in
1111 2564 1268 2638 locO,
1304 2585 1430 2628 non
1462 2566 1642 2647 quasi
1675 2584 1712 2626 a
1743 2566 1882 2627 loco
1911 2564 2152 2646 aliquid
2187 2564 2345 2625 reci-

840 2663 1110 2745 pienteS,
1143 2664 1254 2725 sed
1299 2664 1478 2745 quasi
1527 2664 1697 2725 circa
1746 2663 1959 2725 locum
2010 2669 2343 2744 operantes

839 2761 1082 2843 aliquid
1134 2778 1486 2823 consonum
1537 2760 2034 2843 proprietatibus
2088 2759 2229 2822 loci.
2264 2795 2345 2805 -

838 2859 931 2921 Ad
983 2860 1360 2933 secundum,
1410 2860 1786 2942 Pythagoras
1839 2858 2217 2942 loquebatur
2265 2858 2344 2920 de

841 2957 985 3038 igne
1028 2977 1220 3039 quem
1263 2958 1328 3019 in
1369 2958 1582 3019 medio
1623 2957 1907 3019 universi
1943 2956 2239 3039 ponebat,
2274 2964 2345 3017 ut

2461 1994 2575 2057 per
2615 1994 2829 2037 secum
2873 1975 3207 2056 deferunt3
3240 1994 3356 2038 nec
3398 1984 3608 2038 tamen
3651 1976 3816 2057 ignis
3857 1976 3980 2038 ille

2460 2074 2785 2136 comburit
2842 2074 2965 2137 alia
3018 2092 3303 2156 corpora,
3354 2074 3658 2157 quoniam
3718 2074 3846 2155 agit
3902 2083 3981 2136 ut

2461 2172 2956 2235 instrumentum
3009 2174 3241 2235 divinas
3286 2173 3550 2253 justitiae
3600 2179 3841 2235 tantum
3904 2174 3977 2235 in

2460 2290 2532 2333 ea
2563 2290 2705 2353 quae
2736 2271 2811 2333 ad
2842 2272 3034 2334 talem
3070 2290 3325 2354 poenam
3360 2260 3508 2335 sunt
3536 2272 3804 2334 addicta.
3840 2272 3978 2335 Sed

2457 2389 2657 2451 quum
2692 2370 3013 2432 daemones
3045 2369 3172 2432 sint
3213 2370 3595 2451 incorporei,
3629 2388 3757 2431 non
3788 2369 3977 2431 vide-

2459 2475 2561 2527 tur
2601 2468 2931 2549 probabile
2972 2468 3143 2550 quod
3183 2468 3571 2549 corporalem
3617 2468 3827 2549 ignem
3870 2486 3979 2529 se·

2456 2584 2603 2627 cum
2636 2567 2990 2648 deportent.
3016 2567 3191 2628 Unde
3222 2567 3587 2639 dicendum,
3612 2566 3781 2648 quod
3812 2566 3975 2646 igne

2456 2664 2754 2726 infernali
2808 2664 3046 2745 jugiter
3102 2665 3346 2737 ardent,
3407 2682 3533 2727 non
3593 2671 3805 2726 tamen
3864 2664 3971 2726 eis

2454 2782 2709 2845 semper
2754 2771 3062 2845 praesente
3110 2763 3461 2825 secundum
3510 2762 3721 2826 locum
3757 2764 3971 2843 :quia

2455 2880 2581 2923 non
2634 2862 2763 2943 agit
2810 2861 3119 2943 corporali
3177 2861 3365 2923 modo
3417 2860 3844 2924 calefaciendo
3898 2869 3971 2923 et

2454 2960 2852 3033 desiccand0‚
2899 2960 3009 3021 sed
3061 2960 3246 3022 modo
3295 2958 3649 3042 spirituali;
3696 2967 3971 3041 propter

839 3054 1076 3116 ibidem
1109 3055 1412 3117 habetur:
1435 3073 1626 3138 quern
1658 3054 1930 3117 dicimus
1960 3074 2099 3117 esse
2130 3054 2343 3137 ignem
2379 3059 2421 3122 C
2454 3058 2622 3140 quod
2676 3076 2801 3121 non
2859 3057 3205 3141 requiritur
3254 3058 3343 3119 ibi
3397 3058 3815 3120 determinata
3864 3058 3972 3119 di-

840 3151 1096 3225 inferni,
1132 3152 1487 3227 horridum,
1522 3152 1956 3227 tenebrosum,
1989 3160 2179 3235 atque
2212 3171 2342 3235 poe-

837 3250 1048 3313 nalem
1100 3251 1463 3314 daemonum
1517 3250 1749 3313 locum.
1804 3252 1973 3331 Ignis
2023 3269 2173 3313 vero
2221 3251 2345 3313 ele-

839 3350 1142 3411 mentaris
1211 3357 1306 3411 est
1381 3350 1547 3412 inter
1611 3348 2003 3431 generabilia
2068 3358 2132 3412 et
2202 3368 2341 3411 cor-

837 3447 1169 3530 ruptibilia
1215 3447 1431 3509 omnia
1483 3446 1966 3521 subtilissimuS,
2012 3448 2341 3529 magisque

837 3545 1196 3607 luminosus
1231 3563 1244 3606 :
1280 3545 1424 3607 ideo
1463 3544 1705 3626 angelis
1746 3544 2179 3606 obtenebratis
2211 3563 2340 3607 non

837 3644 1154 3706 convenit.
1189 3643 1366 3706 Unde
1406 3644 1608 3724 magis
1653 3644 1820 3705 Deus
1863 3642 2006 3705 fons
2050 3643 2336 3717 luminiS,

835 3751 898 3806 et
946 3742 1153 3823 angeli
1206 3742 1390 3815 lucis,
1428 3762 1542 3824 per
1589 3742 2008 3826 proprietates
2060 3741 2227 3823 ignis
2276 3748 2339 3803 et

835 3841 1191 3905 secundum
1252 3841 1652 3922 metaphoras
1710 3848 1999 3921 sumptas
2053 3840 2133 3902 ab
2193 3840 2337 3922 igne

834 3940 1307 4013 describuntur,
1352 3946 1422 4000 ut
1470 3939 1536 4001 in
1585 3938 1718 4001 fine
1769 3938 2055 4002 Coelcstis
2104 3939 2339 4001 hierar-

835 4039 994 4102 chiae
1042 4038 1298 4101 divinus
1348 4038 1686 4121 Dionysius
1731 4038 1932 4100 docet.
1968 4072 2049 4082 -
2077 4038 2170 4099 Ad
2222 4045 2340 4099 ter-

834 4138 1018 4210 tium,
1074 4156 1263 4218 poena
1314 4137 1676 4199 daemonum
1725 4155 1801 4199 ex
1853 4136 2191 4218 praesentia
2240 4154 2340 4199 eo-

2454 3156 2704 3230 stantia,
2744 3157 2910 3218 sicut
2949 3157 3013 3218 in
3046 3157 3293 3219 actione
3334 3156 3667 3238 corporali.
3700 3192 3781 3201 —-
3812 3156 3969 3219 Haec

2453 3255 2723 3317 Thomas
2770 3254 2834 3316 in
2880 3256 3146 3337 Scripta

2534 3353 2601 3414 ln
2642 3352 2828 3432 cujus
2868 3352 3125 3434 scriptis
3166 3371 3292 3415 non
3334 3352 3541 3434 placet
3573 3352 3741 3434 quod
3775 3352 3966 3427 dicit,

2452 3450 2771 3513 daemones
2805 3468 2931 3513 non
2970 3468 3108 3512 esse
3141 3450 3205 3512 in
3248 3450 3385 3513 loco
3428 3450 3607 3533 quasi
3645 3450 3889 3532 aliquid
3926 3471 3969 3513 a

2451 3547 2591 3609 loco
2638 3548 3039 3630 recipienteS,
3088 3548 3197 3610 sed
3248 3556 3319 3609 ut
3366 3548 3535 3610 circa
3584 3548 3791 3610 locum
3844 3547 3969 3611 ali-

2452 3646 2605 3726 quid
2640 3652 2993 3727 operantes.
3027 3646 3270 3728 Nempe
3311 3663 3425 3728 per
3455 3646 3665 3709 locum
3706 3664 3832 3708 non
3860 3646 3969 3709 in-

2451 3742 2680 3822 telligit
2746 3742 3003 3825 proprie
3066 3743 3479 3825 superficiem
3542 3742 3962 3817 continentiS,

2451 3861 2649 3924 quum
2692 3860 2809 3903 nec
2848 3841 3401 3926 circumscriptive
3444 3842 3508 3905 in
3542 3842 3679 3906 loco
3719 3860 3966 3926 ponan-

2451 3947 2607 4018 tur3
2667 3940 2777 4001 sed
2836 3957 3101 4022 corpora
3158 3941 3394 4021 quibus
3449 3940 3789 4022 alligantur
3843 3950 3966 4004 aut

2450 4038 2857 4120 deputantur,
2904 4047 2976 4100 ut
3022 4058 3234 4101 aerem
3286 4038 3722 4120 caliginosum,
3766 4048 3887 4102 etc.
3942 4058 3958 4103 :

2450 4156 2486 4199 a
2518 4136 2752 4219 quihus
2784 4137 2836 4199 si
2870 4137 3030 4199 nihil
3061 4155 3266 4221 poenae
3298 4138 3638 4221 recipiunt,
3662 4138 3964 4221 sequitur

834 4254 976 4298 rum
1024 4235 1362 4298 nobiscum
1406 4253 1533 4298 non
1583 4234 1958 4309 minoratur,
1995 4234 2118 4297 nisi
2167 4234 2336 4317 quod
2369 4241 2419 4304 D
2452 4237 2619 4317 quod
2652 4254 2769 4297 nec
2798 4234 2878 4297 ab
2908 4236 3054 4317 igne
3094 4243 3489 4318 torquentur.
3527 4236 3758 4299 Eadem
3802 4256 3965 4319 quo-

834 4335 1150 4397 aestimant
1197 4333 1319 4395 sibi
1366 4334 1614 4415 poenale
1660 4334 1828 4416 quod
1873 4333 2058 4396 nobis
2109 4352 2340 4397 nocere

835 4450 964 4495 non
993 4433 1208 4495 valent
1239 4432 1492 4515 quando
1525 4431 1589 4494 in
1624 4431 1876 4495 inferno
1909 4440 2223 4495 tenentur.
2258 4468 2340 4479 —

834 4532 925 4595 Ad
960 4540 1280 4614 quartum,
1314 4550 1491 4595 error
1520 4532 1880 4595 Graecorum
1914 4529 2058 4606 fuit,
2093 4532 2338 4595 animas

834 4639 980 4693 ante
1031 4630 1200 4693 diem
1250 4630 1478 4711 judicii
1534 4649 1650 4692 nec
1700 4630 2025 4693 infernum
2079 4649 2197 4693 nec
2248 4650 2339 4693 re-

833 4748 1030 4810 gnum
1064 4728 1298 4791 intrare
1330 4729 1638 4792 coelorum
1672 4746 1686 4790 :
1720 4737 1784 4791 et
1815 4728 2138 4790 derivatus
2177 4738 2273 4791 est
2302 4749 2338 4791 a

831 4828 1070 4892 fabulis
1109 4828 1536 4911 Pythagoricis
1579 4835 1933 4909 poetarum,
1981 4828 2333 4890 dicentium

829 4928 1074 4990 animas
1133 4928 1490 4989 occisorum
1550 4927 1820 4988 circuire
1881 4926 2175 5008 sepulcra
2234 4946 2335 4988 us-

830 5046 955 5109 que
1003 5027 1080 5087 ad
1133 5025 1355 5088 mortis
1402 5024 1773 5098 vindictam,
1817 5033 1878 5085 et·
1925 5025 2157 5086 iterum
2206 5042 2332 5087 non

827 5126 1036 5187 redire
1066 5125 1144 5187 ad
1186 5141 1550 5205 comparem
1591 5122 1837 5184 stellam
1881 5131 2025 5185 ante
2057 5123 2336 5206 comple-

829 5233 958 5287 tam
1010 5224 1344 5307 periodum
1396 5222 1542 5284 vitae
1592 5240 1734 5303 quae
1784 5228 1930 5283 ante
1981 5222 2331 5283 terminum

829 5322 1172 5385 immatura
1219 5328 1422 5384 morte
1465 5318 1652 5381 finita
1693 5326 1808 5382 est.
1844 5319 1966 5381 Sed
2014 5319 2134 5381 ista
2184 5326 2332 5381 sunt

2450 4352 2573 4416 que
2604 4335 2847 4397 ratione
2877 4352 2995 4396 nec
3026 4334 3255 4397 animae
3286 4334 3733 4398 defunctorum
3770 4334 3834 4397 in
3866 4335 3965 4399 in·

2449 4432 2629 4494 ferno
2660 4440 2769 4494 aut
2798 4432 3164 4513 purgatorio
3201 4430 3645 4514 affligerentur
3682 4440 3963 4497 tartareo

2448 4538 2556 4593 aut
2606 4532 2971 4612 purgatorio
3021 4530 3183 4611 igne.
3234 4564 3315 4575 -—
3363 4530 3755 4613 Simpliciter
3802 4548 3961 4613 ergo

2450 4628 2817 4702 tenendum,
2869 4628 3036 4710 quod
3095 4648 3132 4690 a
3188 4628 3343 4690 locis
3403 4628 3531 4690 illis
3590 4628 3961 4711 poenalibus

2448 4727 2832 4808 ignibusque
2864 4725 3301 4788 materialibus
3332 4744 3502 4801 vere,
3523 4727 3795 4801 realiter,
3820 4728 3958 4791 imo

2449 4824 2982 4888 inaestimabiliter
3011 4825 3167 4887 dure
3201 4832 3597 4906 torquentur,
3616 4834 3805 4907 atque
3838 4825 3959 4888 im·

2447 4924 2842 5007 pressionem
2873 4922 3197 5006 recipiunt
3231 4941 3244 4984 τ
3279 4924 3574 5004 quamvis
3608 4942 3733 4986 non
3768 4941 3957 5006 opor-

2446 5030 2572 5085 teat
2602 5023 2752 5096 dici,
2786 5023 2955 5105 quod
2999 5040 3257 5104 prorsus
3298 5022 3569 5084 univoce
3607 5030 3712 5085 aut
3745 5024 3955 5086 omui-

2444 5122 2603 5185 farie
2632 5122 2814 5184 modo
2843 5122 3065 5184 eodem
3094 5138 3219 5203 quo
3249 5139 3513 5203 corpora
3542 5122 3958 5203 corporaliter

2444 5219 2764 5293 calefiant,
2789 5227 2978 5301 prout
3010 5219 3127 5282 hoc
3159 5218 3313 5280 alibi
3348 5218 3600 5300 plenius
3629 5218 3953 5281 declaravi

2442 5318 2541 5400 (ut
2574 5318 2640 5380 in
2671 5324 2940 5380 tractatu
2970 5317 3048 5378 de
3078 5315 3446 5379 Particulari
3483 5314 3749 5395 judicie,
3782 5324 3843 5379 et
3880 5314 3953 5379 in
