4334 6242
868 494 948 561 98
1546 512 1609 561 m
1652 512 1871 561 uanum
1914 516 1956 559 ιι
1998 508 2480 560 an‘rnNrmnun.
2527 531 2607 541 -
2648 510 2799 560 nlsr.
2850 513 2909 576 13
2954 514 3177 591 Qums‘r.
3224 514 3308 561 vu

950 685 1130 748 Circa
1180 686 1299 748 hoc
1357 686 1581 747 scribit
1629 685 1937 748 Henricus
1987 684 2364 759 Quodlibeto
2393 682 2444 746 A
2475 684 2662 758 versi,
2701 694 3008 767 praesente
3050 688 3330 768 potent-ia
3364 694 3534 748 tenet
3575 685 3968 747 universum.

866 784 1097 865 primo,
1138 785 1408 866 septima
1450 784 1797 865 quaestione
1831 802 1845 847 ε
1878 783 2057 846 Actio
2101 802 2230 864 qua
2271 781 2361 843 rei

863 882 1217 964 acquiritur
1244 901 1403 955 esse,
1437 882 1793 944 necessario
1834 881 2134 963 praecedit
2168 880 2362 942 actio-

864 1000 1013 1043 nem
1061 1000 1188 1063 qua
1236 1000 1335 1043 res
1386 989 1816 1053 conservatur,
1852 1000 1992 1061 quae
2036 980 2364 1042 continuat

861 1098 1001 1141 esse
1044 1080 1109 1141 in
1158 1088 1504 1162 posterum.
1549 1080 1710 1141 Hinc
1753 1080 1935 1141 valde
1987 1078 2365 1159 insipienter

862 1178 1086 1240 dicunt
1114 1179 1429 1253 nonnulli,
1463 1179 1632 1260 quod
1666 1179 1830 1240 Deus
1860 1178 2081 1240 eadem
2114 1177 2362 1239 actione

862 1295 963 1338 res
1004 1284 1173 1338 creat
1206 1284 1396 1359 atque
1436 1286 1788 1349 conservat,
1822 1276 2363 1357 quemadmodum

862 1374 953 1437 sol
1003 1375 1225 1436 eadem
1274 1375 1523 1437 actione
1576 1374 1791 1436 lumen
1840 1382 2057 1436 causat
2102 1380 2165 1435 et
2216 1391 2364 1435 con-

862 1480 1071 1535 servat
1111 1473 1175 1535 in
1219 1473 1447 1535 medio.
1484 1471 1544 1535 Si
1584 1473 1759 1534 enim
1799 1472 1891 1535 sol
1934 1471 2193 1534 haberet
2224 1490 2362 1533 esse

860 1590 898 1632 a
939 1590 1007 1633 36
1046 1590 1165 1633 ιι66
1200 1571 1418 1653 aliquo
1458 1572 1646 1633 modo
1686 1590 1761 1633 ex
1802 1590 1916 1633 sua
1955 1578 2179 1632 natura
2221 1588 2366 1631 con-

860 1670 1109 1732 veniret
1138 1670 1197 1732 ei
1237 1688 1362 1732 non
1405 1688 1565 1742 esse,
1599 1677 1663 1731 et
1703 1669 1979 1731 lucentia
2017 1688 2128 1731 seu
2168 1666 2364 1729 diffu-

862 1767 959 1830 sio
1020 1767 1179 1829 lucis
1238 1768 1609 1830 naturaliter
1656 1767 1737 1830 ab
1794 1768 1933 1849 ipso
1988 1767 2360 1849 procedenS,

2473 781 2611 844 Non
2651 783 2822 844 enim
2869 783 3041 857 fecit,
3075 793 3265 865 atque
3306 783 3597 846 discessit
3641 782 3975 845 effectum-

2475 900 2600 962 que
2645 882 2942 943 deseruit.
2992 883 3066 943 Et
3107 882 3406 945 effectiva
3449 883 3546 945 vis
3597 881 3708 944 illa
3750 900 3976 944 vacare

2477 997 2602 1040 non
2637 988 2841 1061 potest
2871 981 3028 1061 quin
3062 981 3125 1043 id
3155 982 3322 1064 quod
3358 980 3440 1044 ab
3470 1000 3542 1042 ea
3576 979 3816 1043 sactum
3849 986 3972 1053 est,

2475 1084 2746 1151 tueatur,
2782 1087 2845 1141 et
2873 1098 2946 1141 ea
2976 1080 3188 1161 specie
3219 1098 3432 1142 carere
3464 1097 3592 1142 non
3627 1080 3812 1153 sinat,
3844 1098 3978 1159 qua

2475 1184 2570 1238 est
2615 1187 3206 1261 quantumcumque
3254 1187 3368 1241 est.
3411 1180 3586 1253 Quod
3635 1179 3808 1241 enim
3857 1196 3978 1259 per

2475 1294 2542 1335 se
2578 1293 2704 1337 non
2742 1284 2857 1349 est,
2892 1276 2946 1337 si
2981 1277 3427 1339 destitueretur
3456 1294 3531 1339 eo
3565 1294 3692 1359 quo
3731 1276 3975 1337 factum

2475 1380 2590 1445 est,
2634 1371 2920 1454 profecto
2969 1392 3096 1437 non
3143 1375 3281 1435 erit.
3325 1374 3453 1437 Nec
3501 1392 3840 1457 possumus
3881 1373 3979 1434 di—

2476 1490 2642 1545 cere,
2696 1472 2757 1533 id
2807 1474 2988 1552 (dum
3044 1471 3284 1535 sactum
3333 1473 3458 1553 est)
3505 1473 3850 1554 accepisse,
3903 1480 3978 1533 ιιι

2475 1588 2542 1631 36
2594 1570 2734 1651 ipso
2783 1572 2982 1651 possit
3025 1590 3162 1633 esse
3211 1578 3604 1645 content-um,
3645 1570 3893 1632 etiamsi
3938 1589 3977 1631 a

2477 1666 2810 1729 Conditore
2855 1667 3269 1729 desereretur.
3312 1669 3456 1731 Haec
3498 1668 3824 1730 HenricuS.

2544 1765 2623 1826 At
2652 1784 2804 1829 vero
2835 1765 3104 1829 Thomas
3138 1767 3202 1828 in
3235 1767 3485 1849 Scripto
3513 1766 3775 1829 secundi
3808 1786 3980 1848 quae-

862 1866 941 1927 de
988 1874 1212 1928 natura
1260 1886 1376 1928 sua
1422 1865 1683 1928 haberet
1730 1885 1869 1929 esse
1914 1874 2057 1947 post
2102 1883 2228 1928 non
2271 1884 2364 1927 es·
2401 1865 2448 1926 B
2476 1863 2714 1925 stiones
2747 1864 2896 1925 istas
2933 1882 3058 1926 non
3095 1871 3324 1937 movet,
3359 1865 3468 1927 sed
3501 1865 3566 1927 in
3600 1865 3803 1947 prima
3834 1882 3976 1945 par-

862 1983 951 2037 se,
985 1983 1349 2046 quanquam
1390 1965 1530 2046 ejus
1571 1964 1968 2027 conservatio
2007 1964 2088 2025 sit
2122 1965 2186 2025 in
2221 1981 2364 2026 con-

861 2062 1044 2124 tinuo
1098 2062 1263 2135 fieri,
1310 2081 1569 2125 necesse
1624 2070 1791 2124 esset
1841 2062 2197 2144 praecedere
2252 2062 2362 2123 ali-

861 2162 1032 2243 quod
1072 2160 1218 2223 sieri
1259 2178 1384 2243 quo
1421 2161 1632 2243 primo
1668 2180 1807 2223 esse
1848 2161 2178 2242 reciperet.
2219 2160 2365 2223 Ideo

861 2261 1156 2342 ponendo
1199 2261 1396 2323 solem
1440 2260 1520 2322 ab
1563 2267 1819 2333 aeterno,
1853 2268 1915 2321 et
1960 2278 2085 2323 non
2130 2259 2364 2321 habere

862 2359 941 2420 de
970 2376 1039 2421 se
1070 2376 1196 2421 non
1228 2378 1388 2431 esse,
1422 2376 1680 2421 necesse
1710 2366 1807 2420 est
1837 2376 2073 2439 ponere
2114 2358 2364 2419 radium

861 2457 1002 2537 ejus
1051 2456 1131 2518 ab
1179 2466 1414 2520 aeterno
1460 2475 1586 2518 non
1638 2456 1979 2519 habentem
2030 2474 2167 2517 csse
2223 2464 2364 2537 post

862 2574 989 2617 non
1018 2574 1178 2629 esse,
1215 2556 1339 2617 nisi
1381 2555 1708 2617 intellectu
1738 2556 1829 2635 (et
1860 2555 2072 2617 forsan
2116 2573 2233 2617 nec
2276 2555 2366 2616 in-

862 2654 1169 2734 tellectu),
1202 2654 1324 2715 nisi
1359 2672 1668 2735 ponamus
1703 2654 1902 2716 solem
1936 2671 2059 2716 non
2096 2654 2366 2715 necessi-

861 2758 989 2813 tate
1018 2759 1259 2813 naturae
1290 2752 1399 2814 sed
1432 2751 1631 2813 libera
1658 2752 1981 2815 voluntate
2016 2751 2364 2833 producere

865 2850 1136 2911 radium.
1172 2850 1464 2931 Magnum
1496 2868 1751 2932 quoque
1785 2849 2242 2912 inconveniens
2273 2868 2366 2911 es-

863 2966 931 3011 se
977 2948 1248 3021 videtur,
1283 2949 1451 3030 quod
1498 2966 1637 3009 esse
1683 2956 2005 3021 creaturae,
2038 2967 2240 3029 quum
2284 2948 2367 3009 sit

2477 1970 2536 2023 te
2587 1963 2885 2033 Summae‚
2932 1962 3280 2043 quaestione
3331 1964 3678 2025 centesima
3711 1970 3972 2045 quarta,

2474 2060 2552 2121 de
2602 2060 2720 2122 hac
2769 2060 2994 2122 scribit
3041 2062 3324 2135 materia,
3378 2062 3688 2144 aliterque
3737 2061 3976 2123 sentire

2477 2159 2728 2221 videtur
2773 2178 2966 2240 quam
3015 2160 3234 2222 doctor
3285 2160 3583 2242 prael'atus
3635 2180 3651 2225 z
3703 2160 3976 2223 Necesse

2475 2264 2594 2331 est,
2647 2257 2966 2339 inquienS,
3019 2258 3370 2320 secundum
3430 2258 3628 2322 sidem
3677 2267 3739 2321 et
3787 2259 3976 2321 ratio-

2477 2373 2647 2428 nem,
2673 2355 2840 2437 quod
2875 2374 2975 2416 res
3006 2364 3461 2419 conserventur
3489 2375 3527 2418 a
3557 2358 3684 2419 Deo
3715 2358 3780 2419 in
3811 2376 3971 2419 esse.

2478 2452 2898 2515 Conservatur
2939 2459 3153 2515 autem
3197 2453 3439 2535 aliquid
3481 2453 3562 2516 ab
3602 2455 3729 2516 alio
3767 2454 3976 2537 dupli-

2477 2551 2653 2613 citer.
2696 2551 2927 2624 Primo,
2975 2552 3282 2615 indirecte
3323 2561 3387 2615 et
3431 2554 3611 2635 quasi
3662 2572 3776 2635 per
3816 2554 3980 2615 acci-

2478 2651 2733 2722 denS,ut
2764 2650 2817 2712 is
2848 2651 2957 2732 qui
2991 2659 3275 2713 removet
3297 2669 3719 2740 corrumpens
3748 2652 3982 2714 dicitur

2479 2768 2612 2810 rem
2673 2765 3048 2811 conservare
3102 2766 3116 2810 ε
3169 2749 3344 2811 velut
3392 2750 3444 2811 si
3499 2750 3645 2832 quis
3703 2768 3978 2832 puerum

2479 2847 2753 2908 retrahat
2797 2864 2876 2907 ne
2921 2847 3103 2908 cadat
3146 2848 3212 2909 in
3263 2848 3496 2929 ignem.
3543 2848 3773 2930 Sicque
3811 2848 3980 2911 Deus

2478 2945 2768 3025 quaedam
2819 2952 3149 3007 conservat
3201 2946 3266 3007 in
3317 2965 3478 3021 esse,
3524 2964 3650 3009 non
3701 2947 3917 3009 omnia
3961 2963 3977 3008 :

862 3065 1002 3108 esse
1051 3045 1466 3108 substantiale
1515 3065 1586 3107 ac
1635 3065 2037 3127 permanens,
2080 3046 2164 3107 sit
2207 3064 2366 3107 sem·
2402 3049 2446 3112 C
2479 3042 2780 3123 quoniam
2825 3044 3113 3125 quaedam
3161 3061 3286 3106 non
3337 3044 3571 3107 habent
3615 3044 3984 3127 corruptiva

866 3163 980 3225 per
1018 3145 1081 3206 in
1114 3145 1417 3207 continuo
1458 3144 1623 3217 fieri,
1658 3145 1954 3226 quamvis
1994 3162 2121 3207 non
2164 3144 2365 3226 possit

864 3242 988 3304 nisi
1037 3243 1114 3304 ad
1168 3242 1571 3324 praesentiam
1632 3262 1761 3305 suae
1820 3261 2025 3305 causae
2088 3261 2360 3304 manere.

864 3340 1039 3403 Unde
1098 3340 1265 3402 sicut
1314 3340 1606 3402 videmus
1671 3340 1737 3401 in
1799 3341 2204 3421 generatione
2261 3360 2365 3402 na-

864 3439 1167 3501 turalium
1218 3458 1453 3512 rerum,
1498 3439 1667 3519 quod
1716 3457 1908 3519 agens
1959 3438 2362 3520 particulare,

864 3555 1067 3617 quum
1105 3536 1311 3598 solum
1359 3536 1439 3597 sit
1480 3555 1670 3598 causa
1713 3536 1857 3598 fieri
1898 3538 2012 3610 rei,
2046 3537 2198 3618 quia
2239 3554 2365 3598 non

864 3635 1055 3697 habet
1085 3635 1151 3697 in
1180 3654 1247 3697 se
1278 3635 1587 3697 rationem
1629 3635 1865 3716 speciei
1899 3635 2113 3709 totiuS,
2149 3644 2366 3697 causat

866 3752 982 3815 per
1020 3734 1302 3815 speciem
1342 3752 1521 3795 suam
1564 3732 1775 3794 simile
1806 3733 1931 3794 sibi
1971 3733 2037 3795 in
2078 3734 2362 3807 materia,

867 3850 995 3914 quo
1037 3839 1356 3913 generato.
1389 3840 1593 3893 cessat
1634 3831 1801 3894 actio
1844 3832 2008 3913 ejuS,
2043 3851 2160 3894 nec
2210 3832 2367 3894 illud

867 3936 1199 3992 conservat
1240 3929 1305 3990 in
1350 3948 1523 4007 esse3
1555 3948 1747 4011 agens
1792 3947 1942 3991 vero
1986 3928 2365 4002 universale,

869 4027 1111 4090 habens
1160 4026 1224 4089 in
1276 4047 1342 4089 se
1393 4028 1703 4089 rationem
1748 4027 1942 4089 totins
1992 4027 2229 4108 speciei
2269 4026 2370 4106 (ut

867 4145 1097 4208 corpus
1138 4126 1402 4188 coeleste
1444 4134 1505 4187 ct
1550 4125 1689 4206 ejus
1738 4126 1992 4205 motor),
2036 4144 2226 4186 causa
2273 4133 2369 4186 est

2479 3162 2620 3223 quae
2661 3159 2776 3223 pro
2815 3160 3034 3204 eorum
3082 3144 3559 3206 conservatione
3599 3162 3858 3207 necesse
3896 3144 3980 3204 sit

2481 3259 2824 3303 removere.
2871 3241 3182 3317 Secundo,
3223 3242 3464 3304 directe
3506 3250 3570 3305 et
3612 3261 3728 3325 per
3775 3262 3865 3316 se,
3909 3253 3984 3304 ut.

2481 3339 2634 3399 dum
2670 3339 2732 3401 id
2764 3340 2933 3421 quod
2965 3348 3395 3414 conservatur,
3430 3341 3742 3423 dependet
3774 3361 3811 3404 a
3840 3359 3987 3403 con·

2481 3446 2792 3511 servante,
2839 3438 2924 3499 ita
2969 3444 3038 3499 ut
3083 3438 3220 3501 sine
3265 3438 3377 3500 illo
3419 3458 3558 3501 esse
3595 3457 3720 3502 non
3766 3449 3977 3522 queat.

2482 3536 2711 3618 Sicque
2760 3544 2990 3599 cuncta
3050 3546 3258 3599 creata
3318 3536 3602 3619 indigent
3649 3556 3982 3601 conserva-

2481 3634 2650 3696 tione
2692 3634 2929 3705 divina‚
2963 3636 3100 3696 sine
3138 3654 3265 3716 qua
3303 3654 3422 3697 nec
3459 3637 3536 3698 ad
3583 3645 3984 3699 momentum

2481 3738 2740 3813 possent
2779 3731 3126 3794 subsistere
3171 3752 3184 3796 :
3229 3733 3359 3795 imo
3405 3752 3550 3796 mox
3594 3735 3659 3796 in
3702 3734 3984 3796 nihilum

2482 3832 2940 3912 redigerentur,
2993 3832 3113 3894 nisi
3163 3832 3400 3894 virtute
3448 3834 3836 3915 operationis
3886 3834 3984 3896 di-

2480 3930 2645 3993 vinae
2689 3938 3218 3993 conservarentur
3267 3932 3331 3992 in
3379 3950 3540 4007 esse,
3585 3938 3654 3993 ut
3701 3932 3789 3995 ait
3831 3932 3984 3995 Gre-

2479 4046 2718 4109 gorlus.

2561 4127 2734 4200 Quod
2767 4127 2860 4188 sic
2893 4128 3168 4209 perspici
3203 4135 3429 4209 potest.
3459 4128 3678 4192 Omnis
3707 4128 3984 4191 effectus

866 4222 1010 4283 fieri
1055 4231 1117 4284 et
1161 4223 1309 4285 facti
1354 4242 1514 4296 esse,
1558 4231 1970 4304 cessanteque
2016 4222 2181 4296 sieri,
2225 4241 2368 4285 con·
2399 4230 2448 4291 D
2483 4224 2794 4306 dependet
2824 4244 2861 4286 a
2900 4245 3014 4287 sua
3053 4244 3244 4288 causa
3282 4227 3636 4289 secundum
3676 4228 3844 4308 quod
3883 4236 3984 4289 est

866 4329 1075 4382 servat
1104 4341 1239 4383 rem
1279 4322 1344 4382 in
1374 4340 1535 4395 esse,
1570 4329 1639 4382 ut
1670 4321 1749 4382 sit
1780 4321 1903 4382 alia
1943 4321 2368 4401 generationis

866 4419 1490 4500 conservationisque
1534 4420 1699 4481 actio
1734 4438 1748 4481 t
1784 4428 2269 4501 consequenter,
2312 4420 2365 4481 si

866 4536 1057 4598 agens
1107 4518 1465 4579 universale
1516 4517 1724 4599 primo
1773 4537 1889 4599 per
1930 4537 1996 4580 se
2040 4526 2103 4579 et
2149 4519 2368 4579 imme-

868 4617 1035 4679 diate
1065 4616 1553 4679 similitudinem
1596 4635 1775 4678 suam
1819 4624 2147 4697 generaret
2178 4625 2239 4677 et
2270 4635 2370 4697 ge-

868 4724 1153 4778 neratam
1195 4722 1618 4788 conservaret,
1650 4715 1817 4778 actio
1854 4715 1995 4796 ejus
2039 4715 2163 4777 alia
2205 4722 2372 4777 esset

866 4814 1209 4895 generandi
1270 4822 1331 4876 et
1379 4813 1814 4876 conservandi.
1869 4813 1945 4875 Et
2004 4814 2172 4875 sicut
2220 4822 2370 4876 tunc

868 4921 1035 4976 esset
1096 4914 1265 4975 circa
1322 4920 1716 4993 generatum,
1766 4913 1855 4974 sic
1919 4912 1983 4973 in
2047 4914 2373 4994 proposito

866 5012 1039 5073 circa
1081 5018 1385 5073 creatum.
1420 5046 1500 5055 —
1530 5010 1687 5072 Hinc
1728 5010 2063 5093 utriusque
2103 5011 2372 5073 actionis

868 5108 1345 5172 distinctionem
1376 5116 1640 5189 tangens
1671 5109 2061 5189 Augustinus
2103 5108 2266 5171 libro
2297 5109 2374 5170 de

872 5208 1351 5271 Immortalitate
1398 5208 1647 5279 animae,
1694 5215 2124 5289 protestatur:
2162 5207 2268 5269 Vis
2312 5214 2375 5269 et

874 5316 1099 5371 natura
1146 5307 1515 5387 incorporea
1557 5305 1849 5367 effectrix
1900 5305 2182 5387 corporis
2234 5306 2372 5368 uni-

2483 4341 2671 4384 causa
2719 4322 2878 4404 ejuS.
2928 4324 3118 4387 Porro
3166 4323 3408 4405 aliquid
3457 4332 3551 4386 est
3599 4344 3789 4387 causa
3831 4324 3988 4387 alte-

2482 4421 2614 4482 rius
2658 4423 3008 4483 secundum
3050 4421 3193 4483 fieri
3237 4430 3507 4497 tantum,
3548 4432 3611 4485 et
3655 4410 3781 4486 non
3821 4424 3990 4486 dire-

2483 4526 2580 4580 cte
2621 4520 2973 4581 secundum
3013 4538 3151 4582 esse
3193 4520 3394 4601 ipsius
3428 4539 3442 4584 :
3475 4522 3646 4603 quod
3679 4529 3742 4583 et
3783 4522 3848 4584 in
3887 4541 3987 4584 ar-

2483 4617 2858 4680 tificialibus
2896 4626 2958 4679 et
3000 4618 3065 4680 in
3104 4618 3500 4682 naturalibus
3545 4621 3632 4683 ita
3667 4629 3782 4683 est.
3821 4622 3984 4684 Nam

2482 4734 2620 4779 esse
2650 4717 2877 4780 domus
2907 4718 3320 4799 consequitur
3348 4718 3618 4781 formam
3645 4720 3819 4800 ejus;
3859 4719 3988 4782 sor-

2486 4835 2587 4878 ma
2636 4834 2786 4878 vero
2843 4818 3072 4879 domus
3129 4825 3225 4879 est
3281 4818 3436 4880 ordo
3492 4827 3554 4880 et
3604 4820 3986 4902 compositio

2485 4915 2762 4996 partium
2824 4914 2996 4977 illius
3045 4933 3058 4976 ι
3113 4934 3254 4997 quae
3308 4916 3512 4978 forma
3571 4918 3989 5000 consequitur

2484 5013 2838 5075 naturalem
2897 5013 3198 5075 virtutem
3263 5033 3475 5077 rerum
3535 5018 3980 5098 quarumdam.

2485 5111 3027 5185 Quemadmodum
3056 5112 3226 5174 enim
3256 5131 3497 5196 coquus
3528 5116 3741 5197 coquit
3769 5115 3988 5179 cibum

2488 5209 2848 5272 adhibendo
2886 5211 3238 5272 naturalem
3279 5212 3580 5274 virtutem
3625 5213 3788 5294 ignis
3831 5216 3988 5277 acti-

2485 5326 2652 5381 vam,
2687 5308 2778 5369 sic
2810 5307 3158 5371 aedil'icator
3188 5308 3341 5371 facit
3371 5310 3632 5373 domum
3673 5311 3985 5375 adhiben-

4059 1985 4135 2022 ιιι.
4157 1983 4188 2021 l.
