4334 6242
129 4534 155 4577 ll
170 4537 258 4582 Cor.

827 526 913 574 AN
953 525 1253 576 nAEuoNEs
1293 525 1599 576 NATURAu
1639 525 1896 574 vm'rmn
1935 525 2185 574 Possim·
2223 523 2386 573 VERA
2426 523 2735 574 umAGULA
2776 519 3010 572 nem

3348 497 3467 570 427

374 695 588 759 illusio
645 697 951 760 daemonis
1011 714 1138 759 non
1195 695 1436 759 habens
1485 715 1739 758 causam
1788 693 1946 758 exA
1975 694 2241 777 spiritus
2291 693 2592 757 infidelis.
2646 694 2816 756 Istud
2868 703 3079 756 tamen
3129 693 3195 756 in
3244 711 3469 757 somno

367 803 546 877 parte
577 796 936 858 mutationis
968 797 1076 870 rei,
1089 795 1199 858 sed
1231 794 1669 876 cognoscentis
1698 796 1868 858 dum-

364 901 555 968 taxat,
590 895 701 977 qui
743 895 1036 957 illuditur
1063 901 1374 977 quantum
1415 895 1492 956 ad
1531 911 1861 975 organum,

359 1001 470 1055 aut
512 1000 824 1075 quantum
867 995 944 1056 ad
989 993 1358 1075 potentiam.

437 1091 534 1154 Ad
578 1090 1066 1173 intelligendum
1115 1093 1374 1154 demum
1427 1091 1700 1174 qualiter
1748 1089 1865 1152 fiat

360 1189 497 1252 baec
545 1189 783 1263 illusio,
827 1190 1159 1253 sciendum
1209 1190 1378 1273 quod
1427 1189 1728 1252 sensibile
1774 1189 1864 1250 di·

359 1287 530 1349 citur
566 1288 931 1370 dupliciter,
964 1289 1210 1352 scilicet
1248 1308 1362 1371 per
1401 1308 1470 1352 se
1508 1295 1572 1350 et
1609 1306 1724 1370 per
1761 1306 1862 1350 ac-

361 1386 622 1465 cidens3
663 1405 780 1469 per
822 1406 888 1449 se
933 1405 1188 1469 quoque
1236 1387 1600 1470 dupliciter,
1644 1393 1864 1469 utpote

361 1485 698 1566 proprium
729 1492 793 1547 et
821 1502 1180 1547 commune.
1198 1485 1482 1548 Dicimus
1511 1484 1862 1568 ergo,quod

361 1583 430 1645 in
484 1583 744 1665 proprio
791 1583 1084 1645 sensibili
1144 1601 1269 1645 non
1319 1583 1638 1665 decipitur
1685 1583 1863 1646 visus

361 1681 527 1744 bene
580 1680 928 1763 dispositus
979 1698 994 1742 :
1046 1700 1194 1743 nam
1252 1681 1422 1763 quod
1476 1681 1694 1743 album
1743 1688 1861 1755 est,

358 1797 616 1862 semper
671 1779 919 1859 judicat
973 1778 1212 1842 album.
1268 1777 1389 1842 Sed
1446 1779 1512 1841 in
1571 1779 1862 1842 sensibili

1973 793 2050 856 fit
2083 814 2197 878 per
2231 793 2657 875 imaginativae
2695 793 3083 868 illusionem,
3116 802 3181 856 et
3208 810 3470 875 propor-

1974 893 2294 956 tionaliter
2329 892 2475 955 fieri
2517 900 2725 974 potest
2754 892 2969 956 illusio
2998 892 3065 955 in
3091 911 3297 954 sensu
3336 910 3471 956 cor-

1971 1010 2185 1075 poreo.

2051 1093 2373 1154 Postremo
2422 1091 2669 1173 quaerit,
2716 1091 2870 1173 quid
2921 1090 3313 1173 intelligatur
3357 1110 3472 1173 per

1971 1191 2295 1273 publicam
2345 1190 2681 1272 ,iustitiam
2734 1209 2937 1272 quum
2986 1190 3051 1252 in
3101 1190 3469 1252 auctoritate

1972 1289 2320 1372 praehabita
2355 1289 2578 1352 asserit
2606 1288 3021 1370 Augustinus,
3055 1289 3225 1371 quod
3254 1289 3468 1351 Sancti

1971 1394 2316 1470 operantur
2372 1386 2681 1449 miracula
2737 1406 2850 1469 per
2895 1387 3211 1468 justitiam
3262 1385 3469 1469 publi·-

1973 1504 2130 1549 cam.
2196 1485 2271 1548 Et
2328 1485 2583 1548 tandem
2643 1485 3043 1560 determinat,
3104 1486 3225 1548 hoc
3282 1503 3471 1566 posse

1972 1584 2205 1666 exponi
2244 1584 2323 1645 de
2363 1583 2643 1646 increata
2678 1583 2947 1665 justitia,
2980 1602 3106 1666 qua
3135 1584 3301 1645 Deus
3340 1583 3470 1664 glo-

1971 1683 2179 1745 riosus
2208 1689 2273 1744 et
2302 1682 2596 1744 infinitus
2634 1682 2764 1763 agit
2802 1681 3108 1743 miracula
3146 1699 3263 1763 pro
3302 1681 3471 1743 utili-

1973 1788 2098 1844 tate
2149 1780 2475 1843 communi
2526 1789 2636 1842 aut
2693 1799 2863 1853 vera,
2916 1778 3054 1842 loco
3108 1787 3171 1842 et
3226 1787 3470 1863 tempo-

357 1877 689 1939 communi
721 1885 785 1939 et
815 1875 880 1940 in
911 1877 1203 1940 sensibili
1233 1897 1349 1959 per
1375 1877 1691 1952 accidens,
1725 1877 1860 1940 falli
1898 1879 1946 1942 B
1974 1898 2040 1941 re
2071 1887 2452 1961 opportuno,
2485 1879 2839 1941 secundum
2868 1878 3251 1960 exigentiam
3284 1878 3472 1960 justae

357 1983 569 2058 potest
613 1975 786 2038 intus
829 1983 892 2038 et
933 1983 1130 2050 extra,
1163 1984 1229 2038 et
1267 1994 1575 2058 organum
1624 1977 1860 2059 ipsum,

355 2081 420 2136 et
464 2074 586 2137 hoc
632 2093 748 2156 per
789 2075 1092 2136 virtutem
1137 2075 1444 2138 daemonis
1487 2075 1729 2157 aliquid
1771 2074 1862 2136 ibi

353 2173 644 2253 agentis3
697 2191 826 2235 non
875 2173 1044 2255 quod
1092 2181 1296 2236 mutet
1343 2173 1590 2236 tunicas
1638 2175 1863 2236 humo·

357 2289 541 2332 resve
593 2270 766 2332 oculi
810 2286 824 2333 ε
868 2271 1060 2334 variis
1114 2273 1355 2354 quippe
1404 2273 1609 2335 modis
1657 2279 1864 2354 potest

357 2369 599 2430 formas
650 2368 925 2431 formare
970 2389 1042 2432 ac
1087 2371 1258 2433 visui
1307 2379 1708 2452 praesentare,
1751 2369 1862 2451 qui

357 2467 516 2530 velit
547 2466 730 2542 nolit,
754 2466 1035 2549 objectas
1069 2467 1492 2551 apprehendit
1521 2468 1862 2530 exsistente

357 2583 598 2647 organo
638 2565 704 2628 in
743 2566 960 2629 debito
999 2575 1188 2640 statu,
1224 2566 1310 2629 ita
1350 2567 1518 2648 quod
1548 2566 1724 2629 visus
1758 2586 1864 2649 ap-

357 2664 700 2746 prehendit
727 2666 972 2747 species
1003 2683 1160 2747 quas
1190 2665 1382 2728 offert
1410 2664 1720 2727 diabolus.
1735 2666 1863 2728 Nec

354 2762 732 2836 dicendum,
767 2764 936 2844 quod
966 2763 1258 2826 diabolus
1298 2764 1477 2826 uniat
1504 2782 1610 2826 eas
1639 2763 1808 2826 visui
1843 2783 1858 2827 :

357 2860 490 2923 imo
540 2861 918 2922 naturaliter
958 2880 1036 2922 cx
1079 2880 1206 2943 quo
1253 2860 1480 2925 oblatae
1528 2869 1678 2924 sunt
1725 2881 1865 2924 sen·

355 2960 459 3021 sui
508 2958 730 3021 debito
779 2959 984 3033 modo,
1037 2977 1262 3022 sensus
1321 2960 1462 3021 unit
1509 2977 1576 3021 se
1624 2958 1752 3021 illis
1800 2967 1863 3022 et

1974 1977 2177 2060 piaeve
2225 1996 2453 2051 causae,
2506 1995 2634 2040 non
2683 1996 2799 2058 per
2847 1994 3308 2060 quoscumque,
3360 1980 3470 2041 sed

1973 2095 2087 2158 per
2127 2075 2580 2158 praeordinatos
2609 2095 2646 2137 a
2676 2094 2743 2137 se
2781 2077 2860 2138 ad
2901 2076 3049 2163 talia
3091 2077 3465 2158 peragenda.

1971 2175 2130 2236 Hinc
2174 2174 2263 2236 ait
2294 2191 2309 2236 :
2343 2174 2569 2237 Divina
2610 2182 2887 2256 potestas
2935 2174 3193 2256 publica
3230 2183 3293 2236 et
3332 2175 3471 2237 uni-

1973 2273 2236 2336 versalis
2274 2281 2537 2336 vocatur
2571 2272 2829 2355 publica
2860 2273 3129 2353 justitia,
3166 2273 3470 2355 quoniam

1973 2371 2229 2454 publice
2276 2371 2493 2434 omnia
2541 2371 2735 2452 regit3
2785 2377 2849 2434 et
2896 2371 3045 2432 dum
3090 2370 3234 2452 quis
3283 2370 3349 2432 in
3398 2389 3472 2433 ea

1973 2468 2264 2542 confidit,
2296 2469 2533 2532 virtute
2574 2469 2930 2531 influentiae
2968 2469 3109 2550 eJus
3148 2468 3318 2530 fiunt
3360 2469 3475 2532 mi-

1972 2569 2204 2631 racula.
2258 2569 2435 2643 Quod
2488 2567 2798 2650 contingit
2847 2567 3207 2649 dupliciter.
3262 2568 3474 2631 Primo

1971 2667 2085 2739 sic,
2128 2667 2297 2749 quod
2348 2665 2567 2728 influit
2609 2673 2672 2727 et
2716 2683 2909 2746 super
2959 2664 3360 2728 invocantem
3410 2673 3475 2727 et

1972 2783 2165 2847 super
2208 2764 2449 2826 sactum
2493 2781 2609 2845 pro
2651 2780 2779 2852 quo
2822 2761 3156 2826 invocatur
3194 2781 3209 2826 t
3252 2763 3471 2845 sicque

1972 2862 2122 2924 boni
2172 2861 2511 2926 Christiani
2568 2861 2815 2923 faciunt
2875 2859 3199 2923 miracula.
3252 2861 3473 2923 Influit
3579 2927 3595 2942 ,

1972 2960 2146 3022 enim
2196 2960 2503 3022 Dominus
2552 2976 2681 3022 non
2730 2958 2937 3020 solum
2988 2977 3181 3041 super
3230 2958 3471 3021 factum

351 3057 605 3137 judicat
654 3058 735 3119 de
783 3057 1044 3120 eisdem.
1099 3058 1372 3120 Ulterius
1420 3075 1572 3120 vero
1621 3057 1864 3119 fallitur
1897 3061 1941 3125 C
1973 3057 2571 3131 miraculosum,sed
2601 3057 2789 3118 etiam
2820 3075 3009 3138 super
3038 3056 3271 3119 bonum
3300 3055 3475 3144 phri-

353 3155 640 3217 videndo
670 3155 976 3217 sensibile
1007 3173 1122 3237 per
1151 3155 1469 3230 accidenS‚
1493 3175 1692 3237 quum
1725 3173 1864 3238 pro-

355 3261 502 3334 pter
544 3252 818 3315 formam
862 3272 1005 3335 quae
1045 3252 1288 3315 solebat
1327 3271 1465 3316 esse
1510 3252 1702 3334 hujus
1747 3253 1860 3326 rei,

353 3351 605 3432 judicat
661 3369 800 3414 esse
859 3351 1023 3413 hanc
1085 3369 1220 3413 rem
1279 3351 1388 3414 ubi
1440 3352 1612 3414 videt
1671 3352 1860 3415 talem

355 3449 672 3528 formam3
722 3457 912 3532 atque
961 3448 1315 3512 secundum
1366 3448 1648 3512 diversas
1696 3450 1866 3513 obla-

355 3548 565 3610 tiones
610 3547 728 3610 au't'
761 3548 1113 3610 secundum
1157 3548 1438 3610 diversas
1485 3548 1864 3611 mutationes

355 3646 583 3708 formae
622 3644 872 3718 oblatae,
901 3644 1148 3725 judicat
1179 3664 1435 3728 semper
1472 3646 1597 3709 alia
1624 3654 1687 3709 et
1715 3647 1861 3720 alia,

354 3744 582 3826 sicque
628 3742 972 3805 deluditur.
1018 3744 1192 3806 Unde
1238 3745 1630 3824 Augustinus
1675 3745 1741 3806 in
1792 3744 1865 3806 li-

353 3839 472 3902 bro
523 3840 602 3901 de
650 3839 892 3920 Spiritu
939 3848 1003 3902 et
1050 3841 1266 3903 anima
1305 3843 1398 3924 (et
1445 3842 1616 3904 idem
1665 3842 1866 3923 tangit

355 3937 527 4000 libro
575 3938 653 4000 de
699 3938 966 4002 Civitate
1016 3939 1157 4021 Dei)
1200 3961 1214 4004 :
1259 3941 1555 4014 Quaedam
1606 3941 1862 4003 mulier-

354 4037 522 4100 culae
562 4053 886 4100 conversae
925 4045 1066 4120 post
1103 4039 1419 4113 Satanam,
1454 4038 1862 4102 illusionibus

357 4134 1044 4217 phantasmatibusque
1075 4136 1371 4212 seductae,
1393 4139 1659 4200 credunt
1688 4146 1751 4200 et
1782 4138 1865 4200 fa·

1971 3155 2249 3218 stianum
2293 3163 2603 3237 quantum
2646 3156 2725 3218 ad
2772 3155 2970 3218 fidem
3014 3153 3371 3227 formatam,
3410 3161 3473 3216 et

1973 3261 2284 3336 quantum
2343 3254 2422 3315 ad
2483 3253 2547 3315 id
2596 3253 2765 3335 quod
2815 3272 2963 3315 cum
3025 3253 3164 3315 fide·
3202 3251 3473 3316 formata

1974 3351 2319 3434 requiritur
2375 3351 2453 3414 ad
2514 3351 2634 3414 hoc
2693 3358 2763 3412 ut
2819 3349 3025 3414 bonus
3076 3350 3471 3414 Christianus

1973 3449 2163 3512 faciat
2197 3448 2521 3511 miracula.
2555 3449 2719 3510 Dum
2749 3466 2902 3511 vero
2938 3467 3051 3530 per
3086 3447 3283 3511 malos
3319 3447 3473 3511 facit

1977 3547 2381 3621 miraculum,
2420 3546 2635 3610 influit
2672 3565 2867 3629 super
2902 3545 3166 3621 factum,
3200 3565 3328 3610 non
3372 3567 3473 3608 su·

1976 3665 2089 3729 per
2137 3646 2541 3708 invocantem
2590 3664 2604 3709 :
2657 3653 2721 3708 et
2769 3652 2923 3707 tunc
2971 3646 3273 3708 dicuntur
3324 3644 3471 3707 fieri

1977 3745 2285 3807 miracula
2332 3763 2447 3825 per
2496 3745 2677 3824 signa
2735 3743 3011 3826 publicae
3057 3744 3340 3824 justitiae.
3392 3779 3473 3789 —

1973 3843 2116 3906 Haec
2147 3842 2517 3906 Alexander.
2552 3842 2831 3916 Qualiter
2868 3849 3081 3905 autem
3112 3842 3383 3905 Thomas
3410 3851 3475 3905 et

1973 3940 2415 4003 Bonaventura
2461 3939 2596 4002 haec
2647 3939 2843 4003 verba
2888 3947 3227 4021 exponant,
3271 3939 3475 4021 patuit

1974 4057 2188 4120 supra.

356 4240 576 4296 tentur
623 4251 691 4295 se
740 4234 1069 4296 nocturnis
1129 4235 1300 4298 horis
1351 4255 1497 4298 cum
1557 4237 1754 4299 Diana
1800 4245 1862 4299 et
1891 4244 1941 4305 D
2051 4235 2130 4297 At
2169 4250 2320 4296 vero
2351 4233 2722 4296 Parisiensis
2764 4235 2946 4298 tertia
2984 4243 3161 4318 parte
3202 4236 3349 4298 libri
3394 4215 3474 4300 de

354 4332 711 4394 Herodiade
757 4341 950 4414 atque
1010 4333 1458 4397 innumerabili
1519 4335 1859 4398 mulierum

357 4429 774 4492 multitudine
803 4430 1111 4513 equitare,
1129 4440 1192 4494 et
1221 4451 1437 4495 earum
1466 4433 1862 4514 jussionibus

273 4555 328 4594 11.
355 4529 822 4610 obtemperare.
869 4530 1128 4593 Satanas
1177 4550 1474 4614 namque,
1517 4534 1629 4615 qui
1677 4552 1745 4595 se
1795 4534 1860 4596 in

355 4627 658 4709 angelum
691 4626 852 4690 lucis
883 4629 1314 4710 transfigurat,
1349 4650 1550 4712 quum
1581 4640 1859 4694 mentem

355 4725 504 4787 talis
551 4724 946 4790 mulierculae
992 4728 1253 4809 ceperit,
1288 4736 1352 4790 et
1393 4748 1530 4791 eam
1577 4729 1701 4792 sibi
1746 4750 1861 4812 per

353 4824 806 4887 infidelitatem
841 4825 1488 4907 subjugaverit,illico
1518 4847 1632 4911 per
1661 4829 1863 4892 diver·

352 4943 570 4986 sarum
617 4917 866 5005 species
908 4923 1296 4988 feminarum
1345 4935 1623 4990 mentem
1668 4948 1859 5011 quam

353 5022 676 5104 captivam
715 5029 888 5084 tenet
931 5023 995 5085 in
1041 5041 1267 5086 somno
1308 5024 1636 5100 deludens,
1671 5028 1861 5089 modo

352 5120 583 5194 tristia,
630 5120 820 5183 modo
868 5120 1029 5197 laeta,
1085 5123 1272 5186 modo
1323 5125 1626 5205 cognitaS,
1674 5126 1860 5189 modo

354 5217 712 5300 incognitas
760 5237 1062 5301 personas
1112 5223 1473 5296 ostendenS‚
1516 5243 1631 5306 per
1676 5225 1860 5288 devia

355 5336 630 5400 quaeque
659 5317 834 5384 ducit
865 5336 882 5382 ε
916 5327 977 5381 et
1011 5327 1220 5393 tamen
1257 5323 1429 5393 solus
1469 5322 1588 5391 hoc
1622 5323 1860 5405 patitur

1974 4334 2280 4396 Universo
2334 4350 2347 4394 ε
2401 4333 2487 4394 De
2549 4334 2909 4416 praestigiiS,
2966 4335 3197 4418 inquit,
3254 4336 3317 4397 id
3376 4345 3473 4400 est

1971 4433 2275 4515 operibus
2335 4431 2805 4506 ludificatoriiS,
2857 4433 3093 4515 quibus
3152 4435 3470 4499 daemones
3586 4483 3609 4506 .

1970 4532 2269 4594 videntur
2314 4531 2525 4594 facere
2574 4531 2862 4613 quaedam
2908 4552 3044 4614 quae
3087 4550 3213 4595 non
3256 4535 3473 4596 viden-

1970 4640 2074 4694 tur
2103 4631 2197 4694 eis
2231 4629 2561 4713 possibilia
2589 4649 2750 4704 esse,
2784 4647 2911 4693 non
2954 4631 3275 4695 immerito
3308 4651 3473 4715 quae-

1972 4731 2154 4805 ritur,
2200 4739 2415 4792 utrum
2460 4728 2643 4804 fiant,
2682 4738 2743 4790 et
2788 4729 3077 4811 qualiter.
3112 4730 3239 4794 Nec
3285 4731 3468 4795 dubi-

1972 4849 2079 4891 um
2130 4829 2287 4911 quin
2336 4822 2607 4891 fecerint
2656 4846 2838 4890 ranas
2884 4835 2949 4890 et
2998 4837 3345 4911 serpentes,
3401 4839 3469 4892 ut
3512 4845 3699 4888 lima

1968 4929 2211 5011 Moyses
2274 4927 2547 5009 scripsit.
2610 4927 2729 4989 Sed
2787 4945 2985 5008 quum
3047 4947 3165 4990 nec
3221 4911 3519 4992 animas⁷
3534 4922 3595 4959 ³*

1969 5027 2227 5090 illorum
2277 5045 2491 5088 creare
2537 5044 2655 5088 nec
2704 5042 2968 5107 corpora
3008 5025 3304 5088 valebant
3344 5027 3468 5090 for-

1971 5145 2165 5198 mare,
2200 5131 2447 5187 constat
2476 5142 2583 5186 eos
2624 5123 3017 5187 ministrasse
3054 5125 3254 5206 magis
3284 5129 3465 5211 AEgy·

1973 5223 2123 5307 ptiis
2148 5223 2250 5286 vel
2282 5222 2527 5286 semina
2555 5221 2924 5303 hujusmodi
2954 5224 3347 5300 animalium,
3362 5228 3463 5290 vel

1974 5321 2271 5385 materias
2314 5341 2391 5386 ex
2431 5321 2665 5406 quibus
2710 5321 3015 5386 facillime
3058 5333 3458 5404 generantur.

3514 1313 3557 1354 p.
3590 1302 3663 1344 421
3680 1299 3745 1343 θ’.
