4334 6242
172 1483 239 1523 nt.
261 1482 295 1521 ³.

1245 506 1331 554 AN
1372 506 1571 555 oum-:s
1610 505 1836 554 ANGELI
1876 506 2013 554 sim·
2052 506 2322 555 mosum!
2361 507 2592 556 srsscuzt

3335 485 3466 552 233

368 682 429 740 et
455 678 665 758 quoad
702 677 1103 754 adsistenteS,
1136 697 1443 741 numerus
1482 678 1861 741 determina-
1890 677 1941 740 A
1972 679 2327 742 secundum
2374 679 2869 743 multitudinem.
2903 679 3207 742 Videmus
3249 683 3464 742 autem

368 783 485 839 tus.
537 811 621 822 —
675 777 1035 840 Auctoritas
1092 795 1244 840 vero
1300 777 1859 860 Peripateticorum
1971 779 2140 859 quod
2191 797 2456 863 corpora
2504 779 3037 863 incorruptibilia,
3081 799 3222 863 quae
3266 780 3469 863 perfe-

369 875 529 938 bene
569 874 917 950 convincit,
951 876 1120 958 quod
1148 895 1223 938 ea
1251 896 1393 958 quae
1432 876 1862 938 immediatius

367 993 405 1035 a
442 975 575 1036 Deo
621 973 997 1054 procedunt,
1042 974 1108 1036 in
1157 993 1225 1037 se
1269 974 1427 1056 ipsis
1476 993 1589 1038 seu
1639 974 1705 1035 in
1750 993 1864 1036 sua

369 1078 591 1134 natura
648 1080 801 1134 sunt
848 1072 1262 1154 simpliciora,
1314 1091 1440 1136 non
1491 1081 1703 1136 tamen
1752 1091 1866 1154 per

370 1169 485 1231 hoc
515 1169 807 1232 aufertur
834 1169 914 1232 ab
945 1171 1039 1233 eis
1070 1171 1401 1254 pluralitas
1428 1171 1758 1253 graduum.
1786 1207 1868 1217 —

370 1267 511 1330 Haec
554 1267 827 1330 Thomas
872 1267 938 1330 in
982 1268 1249 1350 Scripto.

447 1365 639 1428 Porro
668 1367 733 1428 in
765 1366 976 1448 prima
1004 1375 1181 1449 parte
1212 1367 1867 1450 Summae,quaestione

370 1464 899 1547 quinquagesima
940 1485 955 1530 ε
998 1465 1177 1530 Circa
1224 1485 1565 1529 numerum
1602 1466 1869 1548 (inquit)

368 1563 867 1628 substantiarum
909 1573 1337 1648 separatarum
1384 1565 1618 1628 diversi
1661 1566 1867 1628 diver-

369 1663 453 1724 sis
484 1663 840 1726 rationibus
873 1672 1338 1746 processerunt.
1355 1664 1526 1726 Plato
1556 1664 1727 1725 enim
1761 1682 1867 1745 po·

368 1761 487 1822 suit
517 1760 907 1824 substantias
938 1769 1257 1842 separatas
1286 1780 1425 1824 esse
1456 1761 1703 1845 speeies
1733 1781 1868 1824 sen·

1974 877 2174 940 ctiora
2209 887 2358 941 sunt
2386 879 2552 952 aliis,
2584 880 2899 942 excedunt
2929 879 2996 941 in
3033 878 3469 960 magnitudine

1975 977 2157 1059 quasi
2214 977 2798 1060 incomparabiliter
2844 977 3286 1060 corruptibilia
3335 995 3470 1040 cor-

1976 1093 2147 1158 pora.
2166 1076 2560 1141 Rationabile
2589 1094 2741 1157 ergo
2769 1084 2884 1152 est,
2902 1078 3071 1158 quod
3101 1076 3472 1139 substantiae

1979 1174 2451 1250 immaterialeS,
2514 1184 2583 1237 ut
2637 1176 2868 1256 angeli,
2926 1176 3234 1238 excedant
3290 1175 3471 1258 quasi

1978 1272 2561 1355 incomparabiliter
2599 1274 2950 1336 secundum
2997 1273 3473 1336 multitudinem

1978 1371 2334 1433 materiales
2397 1371 2802 1434 substantias
2865 1372 3008 1435 Haee
3070 1372 3341 1434 Thomas
3405 1371 3470 1434 in

1979 1469 2257 1533 Summa.

2056 1569 2133 1632 At
2165 1588 2318 1633 vero
2348 1570 2414 1632 in
2446 1569 2708 1632 Summa
2738 1578 2955 1632 contra
2985 1569 3275 1651 gentileS,
3308 1569 3471 1632 libro

1977 1669 2278 1742 secundo,
2333 1669 2612 1750 capitulo
2666 1667 3078 1749 nonagesimo
3123 1668 3403 1730 secundo
3454 1686 3468 1731 ε

1977 1765 2342 1840 Sciendum,
2392 1766 2502 1840 ait,
2553 1766 2720 1847 quod
2779 1766 3146 1829 Aristoteles
3206 1765 3472 1848 probare

367 1857 654 1922 sibilium
721 1878 953 1922 rerum.
1018 1859 1249 1941 Sicque
1312 1859 1681 1924 substantiae
1740 1861 1863 1924 illae
1899 1864 1947 1927 B
1978 1871 2262 1939 conatur,
2297 1882 2422 1926 non
2463 1863 2667 1927 solum
2699 1883 2836 1926 esse
2869 1863 3253 1928 substantias
3289 1865 3473 1927 intel-

366 1965 669 2040 separatae
702 1965 916 2021 essent
946 1959 1301 2021 secundum
1341 1979 1683 2022 numerum
1722 1979 1863 2022 sen-

365 2057 652 2122 sibilium
693 2057 1054 2139 specierum
1089 2076 1103 2121 :
1139 2058 1309 2140 quod
1342 2057 1709 2121 Aristoteles
1750 2058 1866 2121 im-

368 2156 681 2239 probavit,
750 2157 902 2238 quia
971 2156 1237 2220 materia
1306 2165 1403 2219 est
1472 2157 1549 2219 de
1622 2157 1865 2220 ratione

363 2254 764 2318 sensibilium
798 2254 1041 2316 horum.
1056 2256 1270 2318 Posuit
1294 2261 1498 2318 tamen
1529 2257 1693 2337 quod
1724 2255 1867 2318 sub·

366 2353 609 2416 stantia>
648 2361 953 2435 separatae
990 2353 1227 2416 habent
1256 2354 1335 2416 ad
1374 2354 1705 2417 sensibilia
1744 2354 1865 2417 ista

364 2451 675 2515 rationem
726 2452 1039 2515 moventis
1088 2459 1151 2514 et
1198 2451 1371 2514 finis.
1423 2452 1582 2515 Hinc
1620 2472 1862 2515 ‘secun-

365 2551 514 2613 dum
560 2550 916 2632 primorum
957 2551 1099 2630 (seu
1143 2550 1531 2632 coelestium)
1572 2559 1858 2613 motuum

362 2667 726 2723 numerum,
752 2649 965 2730 posuit
992 2668 1332 2712 numerum
1365 2650 1861 2712 substantiarum

362 2747 638 2810 illarum.
672 2746 848 2820 Quod
892 2767 1092 2828 quum
1144 2755 1453 2829 repugnet
1493 2747 1860 2830 ScripturiS,

362 2845 563 2910 Rabbi
610 2846 854 2928 Moyses
902 2846 1121 2908 volens
1181 2845 1563 2908 concordare
1624 2854 1863 2908 utrum-

360 2964 507 3027 que,
552 2944 769 3027 posuit
810 2944 979 3026 quod
1021 2945 1252 3026 angeli,
1294 2944 1647 3008 secundum
1692 2945 1861 3027 quod

1977 1962 2278 2026 lectuales
2309 1970 2648 2045 separataS,
2681 1964 2791 2025 sed
2821 1963 3013 2025 etiam
3046 1963 3308 2045 praecise
3340 1970 3474 2025 tan-

1976 2069 2069 2123 tas
2112 2069 2269 2144 quot
2309 2069 2459 2124 sunt
2503 2070 2712 2124 motus
2754 2061 3133 2143 deprehensi
3177 2061 3244 2124 in
3288 2061 3468 2124 coe10.

1975 2159 2200 2223 Probat
2229 2179 2506 2242 namque
2541 2179 2670 2223 non
2699 2179 2837 2222 esse
2867 2160 3115 2242 aliquos
3157 2168 3366 2223 motus
3407 2160 3473 2223 in

1976 2258 2137 2321 coelo
2195 2258 2304 2340 qui
2353 2279 2390 2320 a
2438 2258 2624 2321 nobis
2683 2266 3002 2340 nequeant
3058 2258 3470 2340 deprehendi,

1976 2374 2090 2438 per
2126 2356 2248 2418 hoc
2279 2357 2450 2438 quod
2491 2355 2699 2418 omnis
2739 2363 2950 2418 motus
2982 2355 3094 2438 qui
3123 2364 3219 2418 est
3255 2355 3319 2417 in
3353 2375 3474 2420 coe-

1975 2455 2057 2528 lo,
2092 2461 2188 2516 est
2218 2462 2478 2536 propter
2509 2461 2754 2517 motum
2783 2454 3056 2536 alicujus
3087 2453 3306 2528 stellae,
3331 2474 3474 2536 quae

1974 2553 2299 2616 sensibilis
2329 2560 2426 2616 est
2459 2573 2473 2617 :
2507 2552 2692 2616 orbes
2731 2553 2972 2635 quippe
3005 2552 3301 2616 deferunt
3330 2554 3473 2616 stel-

1974 2652 2107 2730 las;
2148 2658 2360 2713 motus
2405 2658 2618 2713 autem
2665 2650 3030 2726 deserentiS,
3073 2659 3168 2712 est
3212 2659 3473 2733 propter

1976 2756 2219 2811 motum
2250 2748 2464 2811 delati.
2489 2785 2569 2794 -
2598 2749 2825 2811 Probat
2855 2767 3108 2831 quoque
3138 2750 3309 2831 quod
3344 2768 3470 2812 non

1972 2855 2121 2910 sunt
2170 2847 2400 2928 aliquae
2458 2847 2828 2909 substantiae
2887 2854 3190 2929 separatae
3246 2867 3283 2908 a
3336 2847 3474 2930 qui·

1974 2945 2092 3006 bus
2134 2962 2262 3007 non
2305 2944 2683 3027 proveniant
2723 2951 2932 3008 motus
2972 2945 3038 3007 in
3079 2946 3240 3009 coelo
3273 2963 3288 3009 τ
3322 2945 3474 3028 quia

359 3043 662 3107 dicuntur
711 3041 1162 3105 immateriales
1209 3041 1601 3138 substantiae,
1644 3062 1862 3104 nume·
1899 3048 1944 3112 C
1974 3063 2175 3124 quum
2217 3051 2427 3106 motus
2469 3043 2758 3105 coelestes
2797 3042 3172 3105 ordinentur
3209 3045 3286 3106 ad
3329 3044 3475 3106 sub-

360 3150 581 3205 rantur
618 3142 972 3204 secundum
1016 3159 1358 3202 numerum
1403 3147 1691 3202 motuum
1731 3158 1864 3202 cor·

360 3259 671 3324 porumve
713 3238 1091 3322 coelestium.
1129 3238 1353 3320 Angeli
1385 3257 1557 3312 ver0,
1591 3246 1658 3300 ut
1688 3239 1861 3301 addi-

357 3340 471 3414 dit,
505 3339 813 3402 dicuntur
846 3338 1038 3401 etiam
1079 3338 1145 3401 in
1185 3337 1530 3420 Scripturis
1570 3338 1861 3400 homines

360 3438 577 3501 divina
622 3437 1097 3512 annuntianteS,
1144 3444 1206 3500 et
1253 3436 1407 3499 item
1449 3437 1717 3500 virtutes
1768 3456 1861 3500 re-

362 3557 503 3600 rum
557 3536 947 3598 naturalium
996 3535 1527 3617 omnipotentiam
1574 3535 1687 3598 Dei
1737 3555 1863 3598 ma-

359 3636 753 3699 nifestantes.
814 3634 1051 3698 Verum
1117 3634 1239 3696 hoc
1301 3653 1338 3696 a
1400 3635 1860 3697 consuetudine

358 3734 832 3818 Scripturarum
866 3741 963 3796 est
990 3732 1294 3806 alienum,
1329 3733 1499 3814 quod
1542 3732 1863 3795 irrationa-

361 3833 589 3895 bilium
628 3851 844 3894 rerum
879 3831 1147 3893 virtutes
1186 3831 1393 3911 angeli
1434 3830 1854 3912 appellentur.

358 3967 437 3978 —
462 3931 711 3994 ldcirco
747 3928 1115 4003 dicendum,
1150 3929 1319 4010 quod
1358 3928 1565 4010 angeli
1606 3936 1676 3990 ut
1712 3938 1861 3991 sunt

362 4029 813 4094 immateriales
850 4027 1244 4101 substantiae,
1278 4027 1343 4089 in
1386 4028 1662 4090 maxima
1701 4027 1863 4090 mul-

360 4129 631 4192 titudine
674 4134 843 4190 sunt.
877 4126 1136 4208 Propter
1176 4127 1344 4209 quod
1384 4127 1861 4209 quartodecimo

1974 3141 2236 3204 stantias
2279 3147 2597 3224 separatas
2638 3141 2803 3203 sicut
2833 3141 2911 3203 ad
2953 3140 3139 3215 fineS‚
3173 3142 3226 3204 si
3261 3151 3474 3204 essent

1972 3240 2112 3302 aliae
2155 3239 2525 3302 substantiae
2568 3247 2871 3320 separata}
2916 3258 3105 3321 quam
3151 3240 3274 3304 illae
3317 3260 3474 3323 quas

1972 3347 2288 3414 numerat,
2321 3346 2531 3402 essent
2575 3339 2776 3422 aliqui
2826 3345 3036 3402 motus
3081 3337 3352 3400 ordinati
3394 3339 3474 3400 ad

1972 3457 2076 3501 eas
2109 3439 2276 3501 sicut
2305 3439 2382 3501 ad
2413 3438 2578 3501 sines
2615 3455 2628 3500 ε
2663 3438 2847 3500 aliter
2878 3444 3089 3501 essent
3119 3444 3329 3500 motus
3361 3437 3476 3499 im-

1974 3536 2260 3619 perfecti.
2315 3536 2456 3599 Haec
2513 3543 2728 3598 autem
2789 3534 3078 3618 probatio
3134 3535 3474 3598 necessita-

1974 3642 2100 3698 tem
2151 3652 2280 3696 non
2329 3633 2536 3696 habet.
2581 3634 2822 3716 Nempe
2871 3633 2938 3695 in
2989 3633 3087 3696 his
3135 3653 3277 3716 quae
3325 3641 3474 3696 sunt

1972 3734 2050 3796 ad
2098 3733 2322 3806 finem,
2365 3731 2710 3795 necessitas
2755 3733 3033 3795 sumitur
3079 3752 3157 3795 ex
3204 3732 3358 3807 sine,
3399 3729 3473 3794 iit

1974 3833 2246 3914 ipsemet
2292 3831 2476 3893 docet
2527 3831 2807 3893 secundo
2859 3831 3290 3915 physicorum,
3342 3849 3466 3894 non

1972 3930 2348 4002 econtrario,
2383 3937 2528 4004 etc„
2563 3936 2632 3991 ut
2661 3949 2872 4012 supra.
2909 3931 3118 3992 Restat
3147 3948 3295 4012 ergo
3326 3948 3468 4012 pro-

1972 4027 2276 4103 bandum,
2338 4028 2540 4090 multo
2602 4027 2817 4108 plures
2883 4046 3020 4090 esse
3083 4027 3468 4091 substantias

1971 4134 2306 4210 separataS,
2331 4145 2524 4209 quam
2563 4125 2690 4188 sint
2731 4132 2940 4189 motus
2981 4125 3286 4188 coelesteS.
3317 4126 3470 4189 Sub-

360 4228 641 4312 capitulo
670 4227 749 4289 de
775 4225 1028 4289 Coelesti
1060 4224 1417 4288 hierarchia
1442 4226 1500 4288 S.
1522 4225 1859 4308 Dionysius
1890 4230 1941 4294 D
1971 4226 2217 4288 stantiae
2255 4225 2428 4288 enim
2467 4223 2929 4286 intellectuales
2971 4224 3322 4286 secundum
3348 4243 3468 4306 -ge-

362 4334 747 4411 protestatur
790 4344 805 4388 t
852 4324 1030 4386 Multi
1082 4333 1231 4386 sunt
1281 4323 1594 4387 mentium
1642 4343 1861 4406 super-

361 4445 585 4489 narum
636 4422 808 4486 beati
853 4422 1193 4496 exercituS,
1239 4421 1565 4485 infirmam
1609 4429 1671 4484 et
1714 4440 1861 4484 con-

362 4525 646 4588 strictam
696 4520 1387 4584 commensurationem
1448 4538 1861 4583 numerorum

364 4621 790 4686 materialium
840 4637 1181 4702 corporum
1224 4620 1619 4682 excedentes.
1656 4620 1861 4693 Quum

364 4722 533 4786 enim
579 4718 865 4783 universi
908 4717 1217 4801 perfectio
1258 4717 1340 4780 sit
1380 4718 1445 4779 id
1485 4718 1654 4799 quod
1695 4719 1861 4780 Deus

364 4819 802 4902 principaliter
843 4817 908 4879 in
950 4835 1162 4878 rerum
1206 4815 1523 4878 creatione
1566 4815 1858 4889 intendit,

362 4928 595 5001 quanto
638 4917 855 4999 aliqua
904 4921 1052 4978 sunt
1097 4915 1299 4996 magis
1342 4914 1644 4997 perfecta,
1688 4923 1862 4978 tanto

367 5018 428 5080 in
476 5015 704 5098 maiori
754 5033 1019 5078 excessu
1080 5021 1229 5076 sunt
1278 5020 1505 5076 creata.
1560 5015 1861 5088 Quemad-

366 5117 623 5180 modum
680 5121 895 5177 autem
957 5113 1023 5174 in
1083 5111 1456 5194 corporibus
1516 5112 1862 5173 attenditur

284 5289 295 5298 ,
362 5233 657 5278 excessus
701 5212 1056 5275 secundum
1103 5210 1629 5291 magnitudinem,
1666 5210 1751 5271 ita
1794 5210 1859 5272 in

364 5314 550 5377 rebus
595 5310 991 5394 incorporeis
1036 5316 1243 5392 potest
1282 5308 1521 5372 attendi
1562 5325 1858 5370 excessus

1971 4344 2092 4386 nus
2140 4342 2330 4386 suum
2377 4321 2832 4384 transcendunt
2874 4340 3129 4386 omnem
3179 4331 3468 4386 naturam

1972 4439 2360 4504 corpoream.
2396 4420 2654 4502 Oportet
2688 4437 2839 4501 ergo
2877 4421 3165 4504 accipere
3204 4423 3470 4503 gradum

1974 4521 2039 4583 in
2083 4519 2239 4602 ipsis
2279 4520 2631 4582 secundum
2662 4519 3081 4583 elevationem
3114 4539 3333 4583 earum
3373 4542 3473 4584 su-

1971 4637 2087 4700 pra
2124 4626 2416 4680 naturam
2447 4635 2838 4699 corpoream.
2875 4618 3034 4680 Sunt
3062 4625 3275 4681 autem
3306 4639 3472 4702 quae-

1973 4717 2119 4778 dam
2161 4715 2620 4778 intellectuales
2661 4715 3034 4778 substantiae
3069 4716 3328 4781 elevatae
3367 4737 3469 4780 su-

1974 4833 2088 4896 pra
2158 4813 2552 4897 corporalem
2624 4811 3045 4875 substantiam
3115 4816 3467 4879 secundum

1970 4913 2222 4995 generis
2271 4913 2370 4976 sui
2421 4919 2712 4974 naturam
2758 4919 3025 4986 tantum,
3067 4932 3209 4994 quae
3256 4921 3468 4979 tamen

1970 5011 2349 5094 corporibus
2390 5012 2701 5075 uniuntur
2745 5018 2815 5074 ut
2857 5010 3100 5085 sormae,
3133 5018 3204 5074 ut
3241 5014 3470 5079 animae

1971 5109 2326 5172 rationales.
2395 5110 2730 5191 Quumque
2793 5109 3253 5172 intellectuales
3315 5113 3467 5175 sub—

1970 5209 2217 5273 stantiae
2265 5208 2617 5272 secundum
2665 5225 2803 5270 esse
2852 5226 3041 5270 suum
3097 5209 3340 5271 nullam
3388 5212 3465 5273 ad

1971 5325 2202 5389 corpus
2251 5305 2738 5388 dependentiam
2799 5305 3092 5382 habeant,
3145 5306 3468 5374 invenitur

3525 3961 3567 4002 p.
3589 3949 3665 3990 232
3679 3947 3743 3990 ΑΖ
