4334 6242
832 461 952 529 530

1535 481 1600 532 IN
1639 483 1862 533 LIBRUM
1903 487 1945 532 11
1990 484 2472 533 SENTENTIARUM.
2518 501 2599 515 —
2638 482 2791 532 ms'r.
2835 481 2917 550 Χ;
2962 479 3183 545 QUAEST.
3226 489 3247 536 1

833 653 1270 736 imperfectuS,
1302 658 1674 721 reducibilis
1712 659 1791 720 ad
1829 665 2039 720 actum
2081 675 2196 739 per
2224 675 2328 718 na·
2358 655 2409 718 A
2440 656 2691 731 stentia,
2736 657 2998 738 angelus
3047 658 3419 721 naturaliter
3467 658 3673 721 noscit
3725 677 3739 720 :
3796 657 3951 740 quia

832 753 1102 816 turalem
1147 755 1552 819 influentiam
1593 757 1942 838 superioris
1981 757 2047 819 in
2090 757 2323 838 ipsum.

909 852 1213 916 Praeterea
1263 855 1341 917 de
1397 855 1768 936 angelorum
1828 856 2168 929 locutione,
2219 855 2329 916 ali-

831 969 1102 1032 quorum
1161 951 1284 1014 fuit
1344 952 1584 1036 opinio,
1647 954 1818 1036 quod
1877 954 1958 1015 sit
2013 953 2185 1015 aliud
2246 952 2327 1016 ab

827 1049 1182 1131 intelligere
1241 1053 1635 1127 eorumdem,
1687 1059 1906 1134 utpote
1966 1059 2159 1114 nutus
2215 1071 2327 1113 seu

827 1148 1082 1228 signum
1135 1168 1262 1231 quo
1321 1151 1583 1232 angelus
1638 1170 1806 1213 unus
1855 1151 2036 1213 alteri
2091 1151 2329 1212 indicat

826 1266 1015 1308 suum
1057 1256 1456 1330 conceptum.
1494 1250 1615 1311 Sed
1653 1249 2004 1312 secundum
2035 1250 2177 1322 hoc,
2212 1268 2327 1310 nu-

823 1352 928 1406 tus
979 1345 1072 1407 illi
1122 1354 1335 1409 essent
1386 1347 1540 1429 quid
1590 1355 1919 1429 operatum
1970 1348 2052 1410 ab
2103 1349 2327 1428 angelo

825 1445 1190 1526 operatione
1223 1446 1661 1522 intellectuali,
1681 1467 1882 1530 quum
1915 1448 2088 1530 loqui
2121 1448 2201 1509 sit
2234 1466 2329 1509 ac·

824 1548 927 1603 tus
977 1543 1238 1606 rationis
1286 1550 1350 1605 et
1397 1544 1778 1607 intellectus.
1833 1545 1895 1607 Si
1945 1563 2096 1626 ergo
2151 1545 2325 1627 loqui

822 1657 951 1702 non
1000 1648 1097 1702 est
1147 1641 1525 1722 intelligere,
1569 1650 1763 1705 nutus
1811 1643 2183 1724 hujusmodi
2233 1663 2327 1705 es-

822 1745 964 1800 sent
993 1739 1236 1822 aliquid
1268 1747 1598 1821 operatum
1625 1741 1705 1802 ab
1735 1740 2063 1804 intellectu
2096 1749 2325 1823 praeter

2440 753 2507 814 in
2552 755 2690 837 ipso
2732 755 3118 818 universalia
3164 757 3435 838 cognita,
3470 764 3620 818 sunt
3667 757 3949 819 rationes

2440 853 2861 933 cognoscendi
2893 854 3257 934 singularia.
3281 855 3568 936 Cognitio
3597 863 3811 916 autem
3845 875 3951 916 su-

2440 952 2884 1032 pernaturaliS,
2917 962 3013 1014 est
3057 953 3333 1034 cognitio
3376 953 3796 1034 singularium
3844 953 3949 1016 fu-

2440 1056 2730 1112 turorum
2789 1051 3287 1132 dependentium
3342 1071 3379 1113 a
3431 1052 3562 1114 sola
3616 1052 3949 1114 voluntate

2440 1147 2657 1209 divina
2694 1156 2758 1210 et
2796 1149 3197 1230 praescientia
3236 1151 3348 1212 Dei
3384 1167 3399 1212 ε
3433 1150 3638 1232 qualis
3677 1150 3803 1213 fuit
3838 1168 3949 1213 no·

2438 1246 2598 1320 titia,
2625 1247 2878 1328 quando
2909 1256 2970 1310 et
3000 1247 3112 1309 ubi
3145 1256 3207 1310 et
3239 1249 3315 1310 de
3347 1266 3473 1330 quo
3503 1249 3743 1331 populo
3774 1249 3951 1312 Chri-

2440 1351 2575 1406 stus
2622 1353 3007 1407 nasceretur.
3051 1381 3133 1390 -—
3170 1346 3258 1408 De
3307 1345 3407 1407 his
3455 1364 3605 1428 ergo
3648 1365 3792 1427 quae
3836 1366 3946 1408 na-

2436 1443 2727 1504 turaliter
2768 1451 3060 1534 noscunt,
3104 1444 3361 1526 proprie
3407 1463 3536 1508 non
3595 1446 3949 1526 loquuntur

2436 1540 2667 1620 angeli,
2700 1542 3005 1624 quoniam
3046 1541 3260 1604 omnia
3299 1542 3409 1605 illa
3449 1542 3723 1624 quilibet
3752 1561 3945 1624 ange-

2439 1637 2537 1700 lus
2568 1639 2766 1712 novit‚
2800 1639 2926 1701 nisi
2956 1639 3170 1703 forsan
3200 1640 3279 1701 ad
3313 1640 3801 1704 admirationem
3832 1649 3947 1704 aut

2437 1736 2885 1799 excitationem
2937 1737 3143 1800 laudis
3192 1738 3443 1802 divinae.
3478 1738 3639 1801 Hinc
3686 1740 3944 1820 angelo-

818 1845 1034 1898 actum
1096 1837 1516 1919 intelligendi,
1579 1857 1708 1901 non
1773 1839 1910 1920 ipse
1974 1848 2321 1921 conceptus
2360 1835 2407 1899 B
2438 1853 2583 1900 rum
2623 1832 2859 1897 locutio
2896 1836 3153 1918 proprie
3193 1843 3289 1898 est
3328 1837 3404 1898 de
3444 1837 3945 1919 particularibus

819 1935 1088 1998 mentis:
1108 1944 1172 1998 et
1201 1935 1288 1997 ita
1318 1954 1445 1999 non
1477 1944 1689 1999 essent
1718 1937 1933 2012 verba,
1954 1938 2076 2000 nisi
2108 1957 2326 2020 quem-

817 2033 1158 2096 admodum
1193 2034 1523 2096 sensibilia
1562 2034 1728 2097 facta
1760 2043 2079 2117 nutusque
2110 2055 2325 2099 mona-

819 2130 1085 2194 chorum
1116 2132 1419 2194 dicuntur
1448 2133 1664 2195 verba.
1701 2134 1763 2196 Si
1797 2153 1946 2216 ergo
1977 2135 2150 2217 loqui
2183 2153 2325 2217 pro-

816 2229 956 2312 prie
987 2249 1294 2313 ponamus
1326 2231 1391 2292 in
1422 2232 1666 2312 angelis
1701 2251 1815 2314 pro
1844 2233 2038 2295 verbo
2071 2233 2319 2307 mentiS,

817 2329 988 2410 quod
1045 2330 1259 2392 verius
1313 2338 1411 2392 est
1466 2330 1738 2393 verbum
1796 2350 1988 2412 quam
2049 2331 2319 2394 verbum

815 2427 1026 2506 vocis3
1057 2447 1257 2510 quum
1293 2429 1508 2492 nullus
1539 2429 1648 2492 tali
1684 2429 1880 2492 verbo
1910 2430 2207 2512 loquatur
2236 2430 2321 2492 ni·

813 2526 868 2587 si
896 2526 1226 2588 actualiter
1255 2529 1688 2610 intelligendo,
1705 2547 1831 2610 quo
1861 2537 2005 2591 actu
2037 2530 2321 2613 concipit

813 2624 1104 2699 verbum,
1139 2643 1264 2687 non
1308 2634 1404 2688 est
1446 2628 1789 2690 dicendum
1836 2628 2006 2710 quod
2046 2629 2315 2691 verbum

813 2722 1019 2802 angeli
1053 2741 1164 2785 seu
1198 2723 1372 2806 loqui
1412 2726 1553 2805 ejus
1586 2727 1668 2788 sit
1708 2726 1882 2788 aliud
1913 2747 2105 2808 quam
2137 2728 2320 2790 intel—

813 2819 1059 2901 ligere:
1095 2823 1448 2904 praesertim
1497 2845 1700 2906 quum
1753 2843 1877 2888 non
1929 2826 2010 2886 sit
2059 2826 2317 2907 proprie

814 2917 989 3000 loqui
1019 2920 1156 2982 sine
1185 2922 1382 2984 verbo
1413 2924 1668 3006 proprie
1700 2932 1977 3007 sumpto.
2007 2925 2152 2987 Ideo
2182 2944 2318 2988 ver-

2434 1931 2620 1994 factis
2652 1952 2794 2014 quae
2824 1934 3086 2016 speciali
3118 1935 3503 1997 revelatione
3540 1935 3620 1997 ab
3651 1953 3779 1998 uno
3809 1923 3945 2018 pri-

2435 2049 2540 2093 mo
2589 2033 3157 2113 supernaturaliter
3209 2040 3679 2115 cognoscuntur
3732 2053 3746 2096 :
3796 2055 3943 2116 quae

2433 2148 2599 2192 unus
2632 2130 2696 2192 in
2726 2131 2853 2194 alio
2882 2132 3256 2194 naturaliter
3284 2149 3663 2214 cognoscere
3693 2133 3937 2215 nequit,

2432 2246 2643 2310 neque
2687 2230 2753 2291 in
2792 2229 3020 2304 Verbo,
3054 2249 3261 2312 neque
3305 2231 3373 2292 in
3421 2231 3794 2294 exsistentia
3840 2251 3943 2294 re-

2433 2346 2601 2402 rum,
2636 2328 2759 2390 nisi
2801 2347 3001 2410 quum
3042 2337 3188 2390 actu
3230 2337 3397 2392 sunt.
3432 2365 3514 2376 —-
3540 2329 3683 2394 Haec
3712 2330 3941 2392 Henri-

2433 2444 2569 2500 cuS‚
2604 2427 2717 2508 qui
2760 2427 2837 2488 de
2880 2427 2982 2488 his
3025 2427 3250 2489 scribit
3292 2428 3556 2510 prolixe.

2510 2525 2746 2587 Verum
2790 2525 2891 2587 his
2936 2527 3159 2589 Scotus
3210 2527 3585 2589 contradicit
3628 2545 3745 2609 pro
3792 2545 3939 2610 par·

2429 2629 2493 2685 te
2527 2641 2541 2684 :
2574 2624 2932 2686 Videndum
2976 2633 3092 2698 est,
3137 2625 3454 2708 inquienS,
3492 2626 3569 2688 de
3613 2626 3939 2690 locutione

2429 2722 2819 2803 angelorum.
2882 2724 2958 2784 Et
3016 2724 3463 2805 praetermissis
3519 2724 3939 2807 opinionibus

2431 2820 2674 2895 multiS,
2709 2840 2836 2883 una
2865 2829 2961 2883 est
3002 2822 3404 2885 removenda.
3438 2823 3509 2884 In
3540 2841 3668 2904 qua
3696 2823 3939 2885 dicitur

2429 2919 2661 3000 primo,
2704 2919 2873 3000 quod
2924 2920 3186 3001 angelus
3236 2921 3560 3000 cognoscit
3609 2921 3935 3002 singulare

812 3016 969 3078 bum
1027 3020 1233 3100 angeli
1293 3039 1418 3083 non
1472 3022 1596 3082 nisi
1657 3023 1898 3085 ratione
1957 3022 2179 3084 differt
2234 3023 2315 3085 ab
2354 3019 2397 3082 C
2429 3035 2556 3079 non
2585 3018 2818 3098 primo,
2844 3037 2962 3079 nec
2994 3036 3108 3100 per
3134 3018 3416 3100 aliquam
3450 3018 3757 3081 rationem
3790 3037 3937 3102 pro-

689 3121 692 3124 ’
809 3116 1044 3178 actuali
1096 3117 1544 3181 intellectione.
1592 3119 1752 3182 Nam
1800 3121 2035 3183 dicitur
2081 3121 2315 3183 intelli-

808 3231 980 3294 gere,
1033 3214 1099 3276 in
1157 3223 1467 3297 quantum
1528 3218 1988 3298 intelligentem
2051 3220 2316 3301 respicit

809 3311 1119 3387 absolute,
1156 3322 1220 3376 et
1267 3314 1334 3375 in
1382 3316 1580 3378 verbo
1630 3335 1746 3380 suo
1794 3315 2039 3398 aliquid
2087 3337 2313 3399 appre-

809 3409 1064 3473 hendit:
1097 3411 1332 3475 dicitur
1360 3432 1511 3476 vero
1542 3414 1741 3496 loqui,
1776 3414 1840 3476 in
1874 3424 2185 3497 quantum
2216 3435 2313 3480 or-

809 3508 1064 3571 dinatur
1121 3511 1200 3572 ad
1259 3511 1670 3574 indicandum
1731 3513 1912 3574 alteri
1975 3533 2111 3576 rem
2168 3534 2311 3597 quae

809 3607 1006 3670 verbo
1037 3608 1416 3690 concipitur.
1447 3611 1829 3692 Hujusmodi
1860 3630 2009 3693 ergo
2040 3613 2310 3675 verbum

807 3724 921 3768 seu
950 3715 1295 3790 conceptus
1327 3708 1710 3771 indicativus
1739 3710 1881 3792 (qui
1912 3711 2146 3773 dicitur
2175 3731 2313 3774 ver-

808 3803 963 3866 bum
1007 3805 1394 3888 locutionis),
1430 3815 1621 3889 prout
1660 3809 1727 3871 in
1768 3808 2164 3890 intelligente
2208 3811 2311 3873 ab·

806 3903 1010 3966 solute
1045 3905 1501 3980 consideratur,
1532 3916 1878 3989 conceptus
1911 3917 2207 3989 vocatur3
2241 3918 2311 3972 ut

805 4018 958 4063 vero
996 4002 1324 4065 ordinatur
1353 4005 1429 4066 ad
1471 4005 1670 4067 alium
1713 4015 2094 4088 conceptum
2125 4008 2308 4070 alteri

807 4099 1242 4176 indicandum,
1285 4102 1520 4164 dicitur
1562 4112 1777 4166 nutus,

2428 3115 2655 3196 priam,
2692 3117 2800 3178 sed
2846 3135 2962 3198 per
3006 3115 3363 3178 universale
3408 3135 3524 3179 suo
3573 3117 3933 3180 intellectui

2426 3221 2831 3275 concreatum
2868 3231 2881 3274 :
2917 3214 3221 3296 quoniam
3262 3216 3766 3297 unumquodque
3806 3217 3933 3278 sic-

2424 3319 2496 3372 ut
2538 3331 2605 3373 se
2648 3311 2839 3374 habet
2882 3312 2961 3373 ad
3004 3331 3164 3387 esse,
3200 3313 3288 3374 ita
3335 3313 3412 3375 ad
3457 3313 3886 3394 cognitionem
3910 3331 3929 3392 ;

2422 3407 2629 3472 forma
2682 3418 2897 3472 autem
2955 3411 3295 3492 singularis
3349 3411 3442 3472 nil
3500 3411 3673 3473 addit
3733 3430 3932 3494 super

2422 3508 2782 3571 universale
2830 3509 2955 3571 nisi
3013 3509 3437 3590 negationem,
3488 3528 3637 3591 ergo
3690 3528 3809 3571 nec
3858 3510 3931 3572 in

2422 3607 2801 3688 cognitione.
2834 3643 2915 3653 —
2948 3607 3177 3671 Contra
3214 3609 3382 3690 quod
3420 3609 3731 3688 arguitur,
3772 3609 3933 3691 quia

2420 3705 2519 3785 (ut
2577 3725 2790 3788 supra,
2841 3705 3249 3768 distinctione
3307 3707 3513 3780 tertia,
3565 3714 3663 3768 est
3718 3715 3930 3770 osten-

2421 3804 2596 3885 sum)
2646 3803 2967 3886 singulare
3024 3805 3306 3886 aliquam
3362 3805 3691 3868 entitatem
3748 3806 3931 3869 addit

2422 3921 2613 3983 super
2660 3903 3020 3966 universale
3056 3921 3253 3984 :ergo
3304 3904 3661 3966 universale
3709 3904 3928 3986 cogni-

2421 4009 2581 4075 tum,
2633 4019 2761 4063 non
2808 4009 2905 4064 est
2952 4002 3114 4064 ratio
3163 4001 3447 4083 perfecta
3496 4003 3927 4083 cognoscendi

2420 4099 2759 4179 singulare.
2794 4135 2875 4145 —
2902 4101 3166 4174 Rursus,
3212 4119 3415 4181 quum
3460 4100 3807 4182 singularia
3856 4101 3931 4164 in

886 4195 1191 4269 Quocirca
1229 4201 1583 4276 sciendum,
1619 4203 1788 4284 quod
1832 4204 2058 4266 notitia
2100 4205 2308 4285 angeli
2340 4208 2389 4269 D
2421 4197 2753 4260 infinitum
2784 4199 3316 4281 multiplicentur,
3350 4207 3723 4281 sequeretur
3751 4201 3931 4282 quod

807 4293 1042 4378 duplex
1083 4305 1198 4372 est,
1232 4299 1531 4362 videlicet
1569 4303 1874 4365 naturalis
1907 4310 1970 4365 et
2009 4322 2311 4385 superna-

803 4394 1045 4456 turaliS.
1081 4395 1397 4460 Naturalis
1429 4417 1554 4460 non
1595 4407 1692 4461 est
1722 4400 1846 4461 nisi
1876 4400 2307 4482 quidditatum

805 4493 1266 4557 universalium
1310 4505 1500 4579 atque
1546 4499 1966 4561 essentiarum
2015 4499 2308 4563 omnium

805 4599 1259 4669 creaturarum,
1294 4595 1394 4657 vel
1439 4596 1505 4658 in
1539 4597 1766 4672 Verb0,
1798 4598 1900 4660 vel
1942 4599 2007 4660 in
2050 4599 2309 4681 propria

803 4699 1046 4754 natura.
1081 4692 1232 4755 Viso
1262 4694 1500 4756 etenim
1529 4695 1735 4759 Verbo
1765 4705 2022 4773 aeterno,
2055 4706 2307 4761 natura-

802 4789 950 4852 liter
988 4791 1374 4873 quidditates
1414 4800 1476 4855 et
1516 4795 1805 4857 essentiae
1844 4795 1968 4860 illae
2008 4797 2307 4860 videntur

801 4889 867 4950 in
901 4889 1039 4970 ipso
1075 4907 1088 4950 :
1123 4898 1186 4951 et
1225 4890 1503 4971 pertinet
1542 4893 2010 4973 quodammodo
2049 4894 2127 4957 ad
2167 4895 2308 4958 bea-

797 4987 1141 5051 titudinem
1179 4990 1585 5053 essentialem
1624 4992 1900 5073 cognitio
1934 4993 2305 5074 hujusmodi

799 5087 1239 5150 essentiarum.
1275 5088 1386 5151 Est
1427 5107 1681 5171 quoque
1731 5092 2036 5153 naturalis
2081 5093 2307 5155 notitia

799 5185 1008 5266 angeli
1041 5186 1462 5268 singularium
1503 5189 2024 5271 participantium
2057 5190 2308 5272 quiddi-

798 5290 978 5346 tateS.
1014 5284 1161 5358 Quae
1201 5285 1548 5367 singularia
1579 5306 1725 5350 mox
1767 5296 1835 5349 ut
1874 5287 2115 5350 fuerint.
2144 5289 2307 5351 exsi-

2421 4297 2782 4359 universale
2821 4297 3147 4378 cognitum
3190 4305 3357 4360 esset
3394 4295 3666 4360 infinitae
3702 4296 3929 4360 effica-

2423 4395 2537 4458 ciae
2575 4395 2641 4457 in
2684 4397 3213 4478 repraesentando.
3249 4398 3487 4459 Iterum
3529 4415 3608 4458 ex
3646 4396 3753 4459 illa
3793 4397 3933 4478 opi-

2422 4493 2613 4556 nione
2642 4495 3219 4578 sequeretur,quod
3247 4495 3573 4577 quodlibet
3602 4494 3929 4576 singulare

2422 4610 2571 4655 mox
2601 4601 2671 4654 ut
2700 4601 2793 4656 est
2824 4594 3157 4669 exsistenS,
3191 4602 3415 4657 notum
3455 4602 3622 4656 esset
3654 4593 3931 4656 cuilibet

2421 4693 2677 4773 ange103
2708 4701 2772 4755 et
2802 4694 2890 4756 ita
2919 4693 3137 4756 localis
3169 4694 3469 4756 distantia
3496 4711 3626 4756 non
3657 4693 3931 4776 impedi-

2421 4799 2516 4853 ret
2556 4792 2763 4873 angeli
2805 4791 3303 4856 intellectionem
3340 4809 3355 4854 :
3390 4793 3560 4875 quod
3589 4798 3859 4874 negatur
3889 4812 3930 4855 a

2421 4891 2666 4964 multiS‚
2698 4898 2761 4953 et
2790 4910 2928 4954 esse
2960 4892 3213 4954 videtur
3243 4899 3461 4955 contra
3490 4891 3927 4972 Augustinum

2420 4992 2487 5052 in
2535 4990 2701 5052 libro
2744 4991 2821 5053 de
2865 4992 3027 5056 Cura
3068 5009 3185 5073 pro
3238 4991 3503 5053 mortuis
3546 4991 3807 5071 agenda.
3840 5027 3927 5038 -

2416 5090 2736 5172 AmpliuS‚
2780 5091 3187 5172 probationes
3233 5091 3469 5172 quibus
3518 5091 3744 5172 probat
3792 5090 3926 5153 sin-

2416 5189 2636 5270 gulare
2668 5207 2795 5253 non
2825 5208 3009 5272 posse
3041 5190 3311 5272 intelligi
3342 5190 3422 5252 ab
3450 5189 3690 5271 angelo,
3706 5209 3927 5273 proce-

2423 5289 2572 5351 dere
2602 5289 2902 5352 videntur
2931 5308 3009 5351 ex
3042 5288 3164 5352 hoc
3205 5290 3373 5371 quod
3410 5289 3923 5373 imperfectionis

3986 3749 4033 3790 p.
4060 3736 4203 3780 ztan.
