4334 6242
150 3743 179 3783 11
192 3757 258 3797 937.
274 3759 299 3794 t,
320 3749 355 3788 5.

510 508 737 564 QcAEST.
774 509 837 554 tv
870 509 885 554 2
918 509 1213 565 QUALt‘rER
1255 510 1533 557 cooNt‘rto
1569 511 1879 557 MATUTINA
1921 511 1995 557 ΕΤ
2032 513 2409 561 VESPERNNA
2450 497 2934 565 DtsrtNGtJUN'TUR
2971 519 3035 565 m
3073 520 3330 568 ANGELIS
3372 500 3494 566 295

387 678 777 743 insinuando
804 682 974 767 quod
1004 699 1081 744 ex
1113 682 1223 744 illo
1259 682 1753 744 manducaturus
1781 700 1887 743 ex·
1916 681 1967 742 A
1997 681 2202 746 habeo
2245 691 2618 766 potestatem
2663 689 2738 750 ad
2789 688 2908 751 hoc
2944 706 2958 750 :
2989 708 3183 771 quam
3225 689 3277 752 si
3327 689 3493 753 Deus

388 777 662 840 sisteret.
698 779 951 840 Poenam
1000 797 1253 861 quoque
1297 780 1356 842 ei
1399 779 1687 843 absolute
1732 799 1886 861 prae-

386 874 581 948 dixit,
619 876 672 937 si
722 877 988 939 violaret
1036 887 1462 960 praeceptum3
1507 897 1625 938 nec
1674 885 1885 939 tamen

383 991 461 1034 ex
502 973 625 1035 hoc
665 974 911 1056 primus
951 976 1142 1038 homo
1181 977 1459 1058 aliquam
1504 976 1729 1038 incidit
1757 993 1886 1058 poe-

384 1091 558 1147 nam,
592 1081 747 1154 puta
784 1074 1107 1136 tristitiam
1145 1083 1254 1136 aut
1283 1074 1586 1136 dolorem.
1622 1074 1784 1154 Ergo
1822 1080 1885 1134 et

383 1170 585 1232 simili
632 1173 819 1235 modo
860 1173 1073 1236 decuit
1120 1174 1344 1255 angelo
1389 1172 1653 1235 revelari
1704 1191 1883 1234 suam

385 1269 643 1350 culpam
684 1289 1089 1352 poenamque,
1123 1289 1239 1332 nec
1274 1279 1483 1332 tamen
1524 1289 1601 1331 ex
1642 1269 1760 1332 hoc
1794 1269 1885 1330 ul-

385 1367 511 1429 lam
565 1368 893 1431 incidisset
941 1368 1381 1432 afflictionem.
1429 1404 1509 1413 —
1556 1368 1881 1439 Praeterea,

382 1485 681 1528 summus
738 1467 847 1528 ille
904 1468 1165 1549 angelus
1226 1467 1335 1548 qui
1394 1465 1703 1549 peccavit,
1755 1483 1882 1527 non

384 1564 702 1646 ignoravit
730 1567 931 1628 Deum
966 1575 1094 1628 tam
1128 1566 1399 1628 infinitae
1430 1583 1566 1628 esse
1595 1563 1879 1645 justitiae,

382 1682 575 1744 quam
608 1663 881 1727 infinitae
912 1665 1203 1728 consistit
1238 1664 1614 1735 clementiae,
1648 1662 1883 1725 idcirco

380 1781 786 1845 nequaquam
849 1765 1216 1845 permittere
1272 1764 1527 1845 culpam
1589 1762 1877 1823 inultam.

2000 781 2154 842 mihi
2203 783 2538 858 conferret,
2574 802 2824 867 possem
2872 786 3177 848 miracula
3220 787 3488 869 operari.

1998 878 2116 940 Sed
2150 879 2284 942 haec
2315 881 2534 962 opinio
2575 901 2688 964 per
2719 884 3064 965 praehabita
3092 884 3490 967 reprobatur,

1998 976 2151 1056 quia
2197 977 2288 1039 sic
2327 977 2392 1040 in
2431 980 2672 1061 angelis
2713 1000 2901 1062 poena
2938 982 3192 1063 culpam
3233 1001 3496 1064 [1163663-

1998 1073 2205 1148 sisset,
2247 1082 2311 1137 et
2358 1077 2692 1158 desperare
2743 1078 2942 1140 coacti
2992 1079 3284 1142 fuissent.
3317 1116 3398 1126 —
3428 1080 3492 1142 Si

1995 1179 2208 1234 autem
2249 1173 2609 1254 objiciatur,
2645 1177 2793 1257 quia
2831 1178 2996 1240 Deus
3037 1180 3244 1260 potuit
3281 1179 3491 1241 dicere

1994 1271 2240 1350 angelO,
2275 1271 2363 1334 Tu
2397 1292 2510 1354 per
2540 1274 2906 1356 superbiam
2939 1276 3161 1355 cades3
3193 1278 3491 1359 quemad-

1997 1371 2259 1432 modum
2310 1372 2469 1432 dixit
2515 1372 2715 1446 Petro,
2749 1374 2867 1435 Ter
2915 1393 3016 1436 me
3064 1374 3346 1455 negabis,
3388 1375 3490 1438 Di-
3569 1389 3747 1495 mig.

3545 1467 3629 1504 xvi,
3716 1483 3727 1495 .

1997 1468 2224 1540 6111163,
2277 1469 2444 1550 quod
2505 1473 2967 1550 argumentatio
3020 1472 3138 1534 ista
3193 1490 3319 1535 non
3377 1493 3486 1535 va·-

1996 1565 2101 1638 let,
2164 1566 2329 1629 Deus
2388 1569 2595 1648 potuit
2653 1569 2893 1650 angelis
2951 1570 3208 1652 culpam
3266 1589 3488 1634 eorum

1995 1663 2360 1744 praedicere,
2411 1683 2561 1746 ergo
2616 1667 2821 1748 potuit
2877 1685 2984 1730 eos
3039 1668 3116 1730 (16
3170 1687 3286 1731 360
3339 1688 3489 1731 6636

1994 1761 2348 1824 certificare
2402 1781 2416 1824 :
2468 1765 2769 1844 quoniam
2820 1774 2916 1828 est
2968 1766 3220 1829 fallacia
3270 1785 3491 1830 601136-

382 1861 582 1923 Scivit
625 1881 879 1944 quoque
921 1863 1119 1926 Deum
1166 1881 1305 1924 6336
1354 1861 1879 1942 omnipotentem,
1919 1860 1966 1923 B
1995 1861 2271 1941 quentis,
2304 1880 2341 1922 a
2383 1863 2695 1943 superiori
2739 1865 2816 1925 ad
2860 1863 3126 1926 inferius
3169 1864 3494 1928 affirman-

382 1961 526 2023 ideo
556 1979 743 2043 posse
771 1979 919 2023 eum
951 1960 1223 2023 faciliter
1253 1961 1635 2040 reintegrare
1666 1978 1885 2021 nume-

383 2078 527 2120 rum
561 2060 969 2132 minorat-um,
994 2067 1057 2120 et
1086 2077 1375 2140 reparare
1406 2077 1477 2119 66
1510 2075 1883 2139 recuperare

382 2157 809 2239 deperditum.
872 2158 1168 2229 Rursum,
1226 2156 1414 2218 scivit
1474 2156 1671 2218 Deum
1744 2173 1882 2216 esse

382 2255 738 2317 sanctitatis
778 2255 1130 2329 immensae,
1167 2254 1307 2316 ideo
1346 2254 1739 2336 impietatem
1780 2271 1883 2314 ve-

383 2353 867 2415 hementissime
919 2353 1239 2425 detestari,
1289 2351 1465 2415 odire
1524 2359 1712 2432 atque
1767 2370 1881 2432 pu—

384 2450 539 2512 nire.
578 2451 711 2513 lmo
742 2451 891 2514 talia
918 2451 1106 2513 scivit
1134 2450 1336 2512 multo
1366 2449 1664 2512 subtilius
1694 2467 1882 2528 quam

382 2548 617 2629 aliquis
646 2548 985 2610 viatorum.
1021 2549 1195 2622 Quod
1231 2555 1429 2610 totum
1461 2547 1552 2608 sic
1587 2565 1724 2608 6336
1756 2545 1882 2607 exi-

382 2646 595 2719 stimo,
658 2647 743 2708 ita
801 2648 969 2728 quod
1029 2647 1243 2708 omnia
1300 2647 1419 2708 ista
1476 2644 1883 2706 habitualiter

380 2745 591 2818 scivit,
627 2745 918 2826 quamvis
958 2745 1245 2807 fortassis
1282 2763 1357 2806 ea
1394 2743 1723 2805 actualiter
1752 2760 1880 2805 non

382 2842 694 2924 pensavit,
749 2862 956 2925 neque
1006 2843 1306 2905 discussit
1352 2861 1432 2904 an
1485 2842 1650 2903 Deus
1700 2858 1881 2902 suam

381 2941 797 3005 rebellionem
848 2942 1282 3014 ulcisceretur,
1315 2961 1395 3002 an
1445 2958 1591 3002 non.
1635 2940 1709 3001 Et
1755 2939 1879 3002 for-

381 3059 493 3102 san
540 3041 621 3103 de
679 3040 799 3103 hoc
848 3039 949 3102 vel
1006 3040 1338 3102 actualiter
1384 3038 1718 3119 cogitavit3
1769 3038 1877 3100 sed
1917 3038 1961 3102 C

380 3138 595 3218 agnita
638 3137 749 3200 Dei
794 3139 1145 3219 majestate,
1186 3144 1375 3218 atque
1422 3135 1695 3218 propriae
1746 3135 1882 3216 pul-

382 3236 728 3299 chritudini
759 3255 833 3299 ac
863 3236 1227 3298 eminentiae
1258 3254 1398 3297 cum
1430 3233 1882 3316 complacentia

382 3343 443 3396 et
484 3334 905 3397 delectatione
954 3334 1257 3406 intentuS,
1294 3351 1438 3395 mox
1488 3333 1545 3394 ei
1591 3331 1880 3413 subrepit

384 3433 715 3514 conceptio
755 3432 1053 3514 pessima,
1086 3439 1151 3494 et
1183 3431 1449 3494 ambitio
1487 3430 1880 3493 intoleranda

382 3549 654 3612 sequens
696 3549 771 3592 cx
812 3549 885 3592 ea
920 3547 934 3592 :
967 3549 1109 3611 quae
1146 3528 1269 3590 fuit
1314 3529 1726 3608 transgressio
1765 3547 1879 3589 sua

381 3627 773 3710 gravissima.
810 3627 1004 3700 Quam
1052 3627 1147 3707 (ni
1195 3625 1407 3707 fallor)
1450 3644 1575 3687 non
1621 3625 1877 3688 incidis-

382 3734 495 3800 set,
518 3726 572 3788 si
606 3726 923 3808 posuisset
953 3743 1061 3788 cor
1089 3745 1277 3786 suum
1311 3744 1503 3806 super
1532 3726 1667 3787 vias
1698 3743 1872 3786 suas:

382 3825 547 3906 quod
580 3843 708 3886 non
740 3822 1046 3897 faciendo,
1064 3823 1457 3904 negligenter
1484 3831 1545 3885 et
1576 3823 1876 3886 omissive

381 3941 447 3984 se
488 3923 733 3984 habuit.
1738 3935 1745 3942 ’

458 4022 775 4104 Ampliu8‚
808 4039 883 4082 ea
911 4039 1051 4101 quae
1091 4021 1169 4082 de
1200 4020 1316 4081 hac
1357 4020 1619 4081 materia
1655 4019 1878 4081 scribit

380 4118 675 4182 Albertus
724 4120 791 4181 in
839 4118 1004 4180 libro
1056 4119 1135 4180 de
1184 4119 1261 4179 tv
1309 4117 1712 4199 CoaequaeviS,
1764 4137 1878 4198 per

1993 1957 2093 2020 do.
2132 1959 2322 2021 Porro
2360 1959 2412 2020 si
2456 1960 2621 2022 Deus
2661 1961 2926 2024 dixisset
2964 1962 3208 2042 angelo,
3244 1964 3334 2025 Tu
3380 1981 3494 2044 per

1993 2057 2358 2138 superbiam
2409 2059 2616 2132 cadeS,
2648 2060 2911 2140 angelus
2963 2061 3182 2123 debuit
3231 2061 3352 2124 hoc
3403 2062 3494 2123 in-

1993 2155 2275 2236 telligere
2305 2156 2426 2218 sub
2457 2157 2819 2220 conditione
2849 2166 2958 2220 aut
2993 2158 3490 2222 comminatione

1990 2261 2099 2314 aut
2146 2254 2688 2335 praeadvisatione,
2741 2257 2907 2318 sicut
2957 2257 3254 2320 Ninivitae
3306 2258 3488 2320 intel-

1990 2351 2281 2414 lexerunt
2319 2353 2512 2415 verba
2547 2355 2716 2418 Jonae
2755 2354 2832 2416 (16
2870 2373 3092 2417 6016111
3133 2356 3490 2419 subversio·
3528 2373 3778 2426 aeneum.

1990 2468 2091 2521 ne,
2125 2458 2189 2512 et
2218 2451 2434 2512 Petrus
2466 2451 2659 2513 verba
2691 2451 2917 2514 Christi
2952 2453 3029 2514 de
3069 2473 3182 2514 sua
3213 2454 3487 2534 negatio-

1991 2567 2089 2609 ne.
2126 2584 2204 2592 —
2233 2549 2374 2610 Haec
2422 2549 2976 2612 AntisiodorensiS.
3012 2552 3128 2625 Qui
3176 2552 3367 2614 etiam
3419 2552 3482 2614 in

1991 2645 2108 2707 hac
2138 2647 2486 2726 quaestione
2529 2648 2706 2730 ponit
2735 2657 3097 2730 praetactam
3132 2649 3486 2712 distinctio·
3539 2658 3753 2714 6294οἓ

1992 2763 2137 2806 116111
2191 2745 2267 2806 (16
2325 2746 2566 2826 duplici
2627 2765 2834 2828 poena,
2884 2748 3182 2811 videlicet
3237 2767 3485 2831 promo-

1991 2850 2178 2905 vente
2221 2850 2284 2904 et
2326 2842 2700 2906 suffocante.

2429 3169 2900 3242 QUAESTIO
2969 3171 3076 3234 IV

2134 3433 2402 3496 Uaeritur
2445 3444 2690 3516 quart0,
2727 3437 3088 3516 Qualiter
3134 3429 3490 3516 cognitio

2152 3534 2555 3600 matutina
2594 3536 2677 3616 et
2708 3537 3168 3616 vespertina
3207 3537 3486 3604 dietin-

1989 3631 2344 3707 guantur
2386 3632 2471 3695 in
2513 3632 2849 3709 ang-elis.

2072 3727 2163 3788 Ex
2195 3726 2378 3806 cujus
2408 3727 2837 3791 distinctionis
2866 3729 3288 3810 assignatione
3321 3739 3489 3812 pate-

1986 3825 2101 3898 bit,
2124 3825 2395 3906 qualiter
2427 3825 2685 3888 fuerunt
2715 3826 2780 3888 in
2812 3827 3053 3908 angelis
3081 3835 3227 3890 ante
3259 3828 3489 3890 confir-

1990 3923 2332 3984 mationem
2363 3923 2675 3987 bonorum
2709 3933 2771 3986 et
2802 3925 3047 4007 lapsum
3081 3926 3403 4000 malorum,
3423 3934 3488 3988 et

1987 4021 2261 4102 qualiter
2304 4029 2537 4102 postea.

377 4219 593 4281 omnia
651 4226 1000 4280 consonant
1051 4216 1417 4298 praehabitis
1466 4216 1679 4278 verbis
1736 4215 1875 4296 ejus
1905 4220 1957 4280 D
2054 4218 2360 4290 Quocirca
2390 4217 2613 4280 scribit
2642 4219 3318 4282 BonaventurazCirca
3350 4220 3484 4282 haec

377 4337 451 4379 ex
493 4317 759 4379 Summa
802 4334 931 4377 sua.
968 4351 1049 4361 —-
1089 4314 1265 4377 Dicta
1308 4332 1562 4395 quoque
1604 4314 1876 4375 Udalrici

378 4416 440 4477 in
480 4417 749 4478 Summa
786 4432 921 4486 sua,
956 4412 1118 4474 libro
1150 4420 1395 4493 quart0,
1426 4411 1690 4474 omnino
1729 4429 1875 4473 con-

378 4515 639 4578 cordant
682 4513 943 4574 eisdem.

442 4615 768 4676 Postremo
793 4609 1325 4672 Antisiodorensis
1356 4609 1421 4670 in
1453 4609 1715 4671 Summa
1744 4628 1871 4682 sua,

379 4711 541 4773 libro
596 4709 790 4772 refert
838 4708 1117 4770 secundo
1168 4725 1183 4769 t
1236 4707 1543 4771 Dixerunt
1590 4707 1872 4788 quidam,

376 4810 545 4892 quod
596 4810 759 4870 Deus
805 4808 1011 4889 potuit
1051 4805 1292 4886 angelis
1339 4805 1615 4868 revelare
1659 4825 1875 4867 casum

378 4928 567 4970 suum
609 4905 921 4978 futurum,
957 4905 1078 4986 ipsi
1122 4913 1329 4966 tamen
1374 4921 1500 4966 non
1536 4911 1879 4985 potuerunt

381 5007 565 5070 illum
628 5003 949 5086 praescire,
1009 5002 1308 5085 quoniam
1372 5020 1500 5064 non
1560 5001 1879 5064 habebant

382 5113 760 5190 potestatem
792 5104 911 5165 hoc
943 5102 1315 5183 praesciendi
1353 5119 1366 5162 :
1399 5119 1587 5182 quam
1627 5100 1678 5162 si
1711 5102 1876 5162 Deus

381 5208 471 5268 613
522 5205 828 5278 dedisset,
880 5202 1235 5284 potuissent
1286 5201 1403 5262 1106
1452 5200 1661 5279 36116;
1713 5200 1879 5262 sicut

381 5323 497 5389 ego
526 5320 656 5366 non
688 5319 950 5386 possum
982 5300 1287 5363 miracula
1315 5298 1543 5374 facere,
1572 5299 1722 5382 quia
1750 5317 1877 5362 non

1988 4324 2137 4378 sunt
2187 4315 2532 4397 positiones
2574 4317 2859 4389 diversa),
2904 4335 3045 4397 quae
3095 4321 3492 4398 consurgunt'

1988 4434 2064 4476 ex
2096 4413 2634 4477 diversificatione
2666 4415 3004 4477 verborum
3036 4415 3375 4496 Augustini
3419 4417 3484 4479 in

1989 4513 2108 4575 ista
2156 4513 2430 4574 materia.
2465 4513 2729 4586 Quidam
2777 4532 3041 4594 namque
3088 4515 3482 4577 attendentes

1988 4613 2063 4673 ad
2105 4612 2299 4674 verba
2333 4611 2669 4691 Augustini
2711 4631 2902 4694 super
2932 4611 3225 4674 Genesim
3266 4614 3343 4674 ad
3388 4613 3485 4675 lit-

1988 4719 2210 4782 teram,
2245 4710 2466 4771 dicunt
2502 4711 2669 4790 quod
2713 4710 2861 4771 dum
2906 4711 3232 4791 quaeritur‚
3263 4719 3478 4774 utrum

1986 4808 2193 4889 angeli
2226 4828 2262 4870 a
2292 4808 2610 4890 principio
2645 4827 2774 4870 suae
2806 4808 3142 4871 creationis
3174 4809 3478 4890 cognitio-

1986 4925 2131 4968 nem
2162 4905 2497 4967 habuerint
2529 4905 2920 4978 matutinam,
2941 4906 3229 4969 facienda
3257 4915 3352 4969 est
3383 4908 3480 4970 vis

1986 5006 2063 5066 de
2095 5004 2330 5085 quibus
2361 5013 2680 5085 quaeratur
2705 5022 2718 5065 :
2744 5005 2895 5085 quia
2927 5013 3034 5066 aut.
3068 5004 3372 5086 quaeritur
3402 5007 3480 5069 de

1985 5102 2310 5174 omnibus,
2335 5109 2442 5163 aut.
2473 5103 2550 5164 (16
2579 5102 2921 5183 aliquibus.
2957 5102 3018 5164 Si
3051 5103 3128 5164 de
3157 5103 3480 5178 omnibuS‚

1986 5200 2210 5263 dicunt
2251 5199 2417 5280 quod
2462 5217 2588 5261 non
2633 5217 2854 5261 omnes
2893 5219 3030 5262 eam
3072 5200 3430 5264 habuerunt
3466 5220 3480 5265 :

1987 5297 2289 5380 quoniam
2334 5296 2588 5362 Lucifer
2629 5304 2691 5362 et
2734 5316 2951 5362 secum
2993 5297 3292 5383 prolapsi,
3325 5320 3486 5366 nun-
