4334 6242
844 495 1066 552 QUAEST.
1112 498 1172 542 lv
1216 495 1229 542 2
1272 493 1357 543 ΑΝ
1401 493 1552 544 DEUS
1595 495 1658 542 IN
1701 495 1922 544 tomus
1963 493 2317 542 vtstmLuws
2360 493 2611 551 UNQUAM
2655 495 3037 543 APPARUERIT

3372 472 3487 542 461

391 664 744 746 quemlibet
801 667 1098 748 angelum
1151 685 1289 730 esse
1339 666 1591 729 realiter
1639 666 1706 728 in
1754 673 1885 730 toto
1914 666 1966 730 A
2000 685 2117 730 mae
2158 665 2369 729 taliter
2410 675 2807 748 arreptorum
2852 685 2929 728 ex
2972 665 3170 748 signis
3213 684 3326 728 seu
3364 663 3489 728 for-

391 762 712 838 univers0,
747 784 866 827 nec
911 765 1049 828 loco
1091 766 1306 847 aliquo
1349 765 1582 838 claudi,
1617 783 1734 826 nec
1774 784 1888 826 un-

389 879 579 942 quam
623 863 877 925 realiter
915 863 992 926 de
1035 863 1196 927 coelo
1239 863 1304 924 in
1351 870 1580 926 terram
1626 863 1884 925 descen-

389 960 558 1033 dere,
593 979 803 1044 neque
834 962 911 1024 de
943 969 1110 1023 terra
1149 961 1214 1024 in
1246 962 1480 1025 coelum
1519 961 1878 1024 ascendere.

387 1059 534 1132 Quae
582 1060 802 1142 opinio
857 1060 1222 1143 ScripturiS,
1274 1061 1626 1124 rationibus
1674 1069 1884 1122 aucto-

387 1157 812 1240 ritatibusque
861 1165 1192 1241 repugnat,
1239 1166 1310 1221 ut
1358 1177 1552 1241 supra
1600 1159 1884 1241 primum

386 1263 716 1317 ostensum
757 1265 889 1336 est3
922 1275 1041 1320 nec
1085 1256 1276 1337 digna
1319 1265 1415 1318 est
1466 1256 1739 1331 recitari,
1773 1258 1883 1319 sed

386 1370 562 1414 error
602 1353 816 1416 fatuus
859 1355 1162 1438 reputari.
1227 1343 1230 1346 ⁴

466 1450 754 1532 Denique
794 1451 1164 1515 Parisiensis
1205 1452 1388 1514 tertia
1425 1459 1602 1533 parte
1633 1453 1712 1514 de
1741 1451 1884 1515 Uni-

386 1567 572 1612 verso
615 1569 808 1632 super
850 1550 951 1613 his
999 1550 1307 1624 scribens,
1342 1557 1566 1613 tractat
1612 1550 1886 1633 qualiter

385 1648 707 1711 daemones
754 1649 1049 1712 dicantur
1091 1649 1264 1732 ipsos
1305 1649 1596 1712 homines
1637 1649 1886 1712 obside-

385 1766 476 1821 re,
510 1767 712 1829 quum
743 1748 1034 1811 obsidere
1065 1749 1145 1811 sit
1174 1748 1255 1811 ab
1285 1756 1462 1810 extra
1490 1747 1884 1812 circumdare

1997 764 2118 826 mis
2148 774 2211 827 e‘t
2238 765 2640 847 passionibus
2670 764 3277 847 apprehensivarum
3306 782 3493 845 appe-

1996 862 2451 945 titivarumque
2477 863 2735 936 virium,
2754 869 3054 945 operante
3085 862 3393 934 daemone,
3411 861 3489 923 ad

1997 960 2162 1022 intra
2212 961 2549 1023 trahuntur
2581 961 2658 1023 ad
2701 961 3160 1022 intendendum
3201 959 3301 1021 his
3339 977 3492 1041 quo-

1997 1076 2140 1118 rum
2172 1058 2281 1120 illa
2310 1067 2459 1120 sunt
2488 1059 2687 1140 signa,
2722 1066 2784 1120 et
2814 1077 2955 1140 quae
2988 1077 3102 1139 per
3131 1057 3493 1119 similitudi-

1995 1174 2108 1217 nes
2156 1156 2588 1236 designantur,
2639 1175 2713 1218 ac
2760 1156 2929 1218 circa
2974 1175 3116 1238 quae
3164 1155 3491 1236 passiones

1998 1253 2120 1316 illae
2168 1261 2522 1328 versantur,
2568 1254 2635 1316 in
2683 1261 2930 1316 tantum
2979 1253 3149 1335 quod
3200 1253 3490 1315 libertate

1994 1353 2340 1416 voluntatis
2396 1353 2819 1435 expeditoque
2878 1372 3000 1414 usu
3051 1351 3313 1414 rationis
3368 1351 3493 1436 pri-

1994 1457 2225 1512 vantur
2258 1468 2272 1512 :
2306 1470 2383 1513 ex
2424 1469 2551 1532 quo
2590 1451 2749 1513 solet
2786 1450 3073 1512 accidere
3114 1458 3185 1512 ut
3222 1455 3493 1512 noceant

1995 1547 2119 1611 sibi
2160 1549 2318 1630 ipsis
2356 1567 2430 1610 ac
2468 1549 2610 1615 aliis
2651 1549 2775 1611 nisi
2815 1548 3111 1629 ligentur.
3145 1548 3217 1611 In
3255 1547 3489 1629 quibus

1995 1647 2217 1709 itidem
2266 1665 2342 1708 ex
2388 1647 2870 1728 praedominanti
2910 1646 3314 1709 vehementia
3354 1664 3492 1728 pas-

1995 1745 2273 1820 sionum,
2308 1744 2502 1808 robur
2539 1753 2825 1826 augetur,
2859 1746 3012 1807 dum
3042 1746 3139 1807 vis
3170 1743 3491 1826 imperati-

382 1865 497 1909 seu
527 1846 798 1922 ambire,
831 1848 1150 1910 daemones
1179 1855 1392 1910 autem
1433 1847 1600 1909 intra
1635 1863 1741 1911 eos
1772 1846 1880 1928 qui
1913 1851 1960 1913 B
1993 1863 2072 1906 va
2101 1843 2412 1906 intensius
2452 1844 2684 1906 excitat
2712 1863 2785 1906 ac
2827 1843 3103 1925 instigat,
3139 1844 3203 1906 in
3242 1849 3490 1905 tantum

382 1944 628 2032 obsessi
689 1955 1018 2020 vocantur,
1072 1946 1448 2019 consistunt,
1502 1964 1700 2027 quum
1759 1944 1882 2007 l're-

383 2052 656 2125 quenter
685 2063 800 2126 per
831 2045 1002 2126 ipsos
1036 2043 1393 2126 loquantur.
1428 2079 1510 2088 —
1536 2044 1770 2106 Verum
1803 2044 1882 2105 ad

383 2141 554 2204 istud
584 2151 730 2206 ante
761 2161 1138 2226 responsum
1167 2149 1286 2216 est,
1320 2142 1471 2224 quia
1506 2141 1753 2205 obsidio
1783 2162 1884 2204 su-

384 2240 584 2303 mitur
612 2259 729 2323 per
773 2248 1133 2324 respectum
1171 2240 1249 2304 ad
1279 2241 1582 2315 animam,
1617 2239 1720 2302 cui
1756 2257 1882 2303 non

382 2338 670 2401 illabitur
699 2340 966 2402 daemon.
1002 2339 1254 2402 Obsessi
1294 2356 1548 2422 quoque
1584 2338 1884 2400 dicuntur

383 2456 499 2518 per
545 2437 1035 2499 similitudinem
1085 2437 1446 2520 quamdam.
1499 2437 1656 2502 Nam
1717 2437 1885 2500 sicut

379 2553 418 2596 a
449 2535 817 2598 visibilibus
848 2535 1140 2600 hostibus
1176 2536 1640 2598 circumvallati
1668 2535 1882 2616 egredi

381 2633 826 2715 prohibentur,
857 2642 922 2698 et
958 2652 1182 2698 eorum
1224 2635 1414 2697 amici
1454 2635 1533 2696 ad
1577 2635 1748 2716 ipsos
1789 2633 1882 2695 in·

379 2731 559 2810 gredi
590 2749 718 2794 non
759 2732 1091 2811 sinuntur;
1124 2733 1215 2796 sic
1255 2733 1551 2795 obsessus
1579 2751 1616 2794 a
1653 2732 1885 2796 daemo-

381 2847 486 2904 ne,
518 2830 599 2891 ad
628 2838 809 2892 actus
848 2831 1254 2893 rationabiles
1292 2830 1516 2913 nequit
1544 2831 1740 2904 exire,
1773 2850 1881 2893 ne·

382 2947 510 3009 que
567 2928 644 2990 ad
703 2928 1004 2992 interiora
1065 2948 1180 2991 sua
1242 2929 1496 2991 intrare.
1555 2929 1879 2991 Interdum

1993 1942 2160 2024 quod
2214 1943 2381 2005 vires
2438 1942 2817 2006 exsecutivae
2876 1949 3085 2005 motus
3138 1941 3489 2024 plurimum

1993 2040 2412 2116 invalescunt,
2440 2050 2505 2102 et
2533 2050 2759 2103 natura
2785 2049 3143 2104 extremum
3174 2041 3272 2102 sui
3306 2058 3489 2122 posse

1991 2147 2261 2201 exercet.
2296 2175 2377 2185 -—-
2405 2139 2548 2203 Haec
2589 2140 2987 2204 GuillelmuS.

2070 2337 2163 2401 Ad
2195 2338 2477 2420 primum
2508 2357 2656 2420 ergo
2684 2339 3050 2413 dicendum,
3079 2338 3247 2420 quod
3277 2336 3490 2399 anima

1992 2453 2117 2498 non
2149 2444 2247 2498 est
2276 2437 2341 2498 in
2373 2455 2635 2519 corpore
2665 2437 2829 2499 sicut
2859 2437 2925 2498 in
2957 2437 3095 2500 loco
3130 2454 3143 2499 :
3180 2437 3319 2499 ideo
3351 2436 3489 2518 ipsa

1991 2544 2054 2597 et
2084 2535 2333 2599 daemon
2372 2554 2499 2599 non
2538 2545 2685 2600 sunt
2725 2537 2792 2598 in
2832 2555 3094 2619 corpore
3133 2544 3205 2600 ut
3244 2536 3309 2598 in
3350 2536 3489 2599 loco

1991 2635 2235 2697 eodem.
2258 2670 2339 2680 —
2358 2635 2450 2697 Ad
2480 2635 2855 2710 secundum,
2880 2636 3049 2718 quod
3079 2636 3327 2699 daemon
3358 2653 3487 2698 non

1991 2741 2087 2795 est
2129 2733 2195 2795 in
2238 2739 2444 2796 statua
2486 2732 2752 2796 interius
2798 2741 3101 2815 tanquam
3144 2732 3351 2796 forma
3395 2733 3486 2794 in·

1990 2833 2285 2906 trinseca,
2318 2840 2415 2894 est
2452 2840 2662 2896 tamen
2705 2833 2869 2896 intra
2907 2831 3206 2894 terminos
3240 2832 3486 2914 quanti·
3526 2885 3531 2888 .

1992 2930 2217 2992 tativos
2248 2929 2438 2992 illius,
2463 2966 2540 2976 —-
2560 2930 2653 2993 Ad
2682 2931 2877 3005 aliud,
2901 2930 3067 3013 quod
3100 2930 3362 3010 angelus
3392 2937 3487 2992 est

379 3025 597 3098 etiam,
632 3033 702 3087 ut
734 3027 932 3107 tangit
962 3027 1068 3088 hic
1097 3028 1338 3102 doctor,
1371 3025 1663 3089 homines
1693 3045 1732 3088 a
1760 3027 1880 3090 dae-
1917 3027 1961 3092 C
1992 3027 2058 3090 in
2107 3037 2319 3091 mente
2376 3047 2491 3111 per
2540 3028 2965 3102 influentiam,
3016 3028 3371 3091 efficaciam
3423 3035 3487 3090 et

379 3125 680 3187 monibus
739 3125 1114 3188 obsidentur
1169 3124 1544 3200 forinsecus,
1606 3125 1762 3187 dum
1817 3135 1882 3188 et

378 3223 554 3304 ipsos
585 3223 902 3287 daemoues
935 3224 1001 3286 in
1030 3223 1447 3288 horribilibus
1477 3225 1880 3306 conspiciunt

376 3321 630 3397 formis,
681 3330 871 3404 atque
935 3340 1156 3385 eorum
1218 3321 1620 3404 praesentiam
1686 3341 1877 3385 sensu

378 3421 658 3502 quodam
696 3427 936 3484 naturae
976 3420 1338 3502 percipiunt
1376 3429 1440 3484 et
1477 3420 1874 3495 horrescunt,

376 3519 917 3601 quemadmodum
964 3519 1102 3582 ovis
1153 3520 1552 3601 praesentiam
1601 3518 1760 3601 lupi,
1805 3539 1878 3582 ac

375 3615 572 3678 homo
610 3615 872 3679 latronis
911 3615 1313 3698 praesentiam
1349 3633 1362 3678 ε
1395 3624 1460 3679 et
1497 3616 1615 3680 hoc
1658 3635 1881 3679 secun-

377 3714 536 3779 dum
579 3714 1066 3776 determinatam
1108 3715 1492 3777 distantiam.

458 3811 934 3894 Consequenter
999 3819 1226 3875 tractat
1290 3813 1366 3876 de
1433 3813 1876 3876 vexationibus

377 3930 538 3992 quas
568 3911 939 3974 hominibus
972 3911 1276 3988 inferunt,
1309 3930 1435 3975 non
1471 3913 1678 3976 solum
1703 3912 1878 3993 justa

377 4010 490 4073 sed
548 4016 613 4072 et
669 4011 776 4092 pia
831 4010 1142 4073 Creatoris
1199 4012 1636 4093 permissione.
1700 4011 1874 4094 Quod

376 4108 628 4171 duobus
676 4108 884 4189 agitur
927 4109 1156 4182 modis,
1188 4109 1484 4172 videlicet
1527 4129 1562 4172 a
1607 4108 1764 4172 foris
1813 4117 1876 4172 et

1990 3126 2319 3202 effectum,
2373 3146 2499 3190 non
2548 3146 2661 3209 per
2706 3127 3109 3190 essentialem
3162 3126 3481 3209 illapsum.

2419 3451 2905 3526 QUAESTIO
2952 3450 3059 3514 IV

2132 3714 2319 3777 Uarto
2367 3713 2693 3796 quaeritur,
2742 3715 2873 3781 An
2924 3714 3133 3782 Deus
3187 3717 3275 3781 111
3329 3711 3481 3780 for·

2162 3814 2321 3880 mis
2384 3812 2846 3880 visibilibus
2907 3811 3483 3894 corporanbus-

1985 3927 2138 3993 que
2186 3911 2471 3990 figuris
2515 3926 2861 3992 unquam
2905 3912 3387 3992 apparuerit.

2064 4011 2327 4074 Videtur
2355 4009 2523 4090 quod
2556 4026 2702 4071 non.
2728 4010 2958 4084 Primo,
2982 4009 3285 4091 quoniam
3316 4009 3482 4071 inter

1984 4109 2257 4171 formam
2315 4127 2428 4170 seu
2480 4106 2753 4188 figuram
2812 4115 3368 4190 repraesentantem
3418 4116 3481 4170 et

374 4206 459 4269 ab
489 4206 682 4269 intuS.
717 4207 768 4269 A
795 4205 953 4269 foris
991 4206 1352 4289 dupliciter,
1386 4215 1539 4288 puta
1577 4207 1645 4269 in
1685 4207 1876 4270 rebus
1903 4213 1953 4275 D
1985 4226 2118 4270 rem
2169 4213 2634 4288 praesentatam,
2668 4206 2855 4269 debet
2899 4206 3114 4289 aliqua
3153 4225 3293 4268 esse
3340 4224 3481 4288 pro-

375 4313 570 4388 atque
609 4304 982 4386 corporibus
1018 4322 1032 4366 z
1068 4312 1138 4366 ut
1177 4313 1347 4389 patet
1386 4307 1450 4367 in
1489 4313 1708 4368 sancto
1735 4306 1872 4378 Job,

377 4423 572 4487 quem
603 4403 788 4466 nobis
827 4403 1158 4486 proposuit
1196 4405 1361 4466 Deus
1399 4422 1526 4466 non
1561 4404 1766 4466 solum
1809 4404 1875 4466 in

377 4502 746 4584 exemplum
786 4502 1131 4584 patientiae,
1165 4503 1271 4564 sed
1311 4503 1504 4564 etiam
1544 4503 1876 4585 providen-

377 4601 481 4664 tiae
513 4619 642 4663 suae
681 4600 934 4674 divinae,
968 4619 1094 4683 qua
1125 4609 1324 4674 curat,
1358 4603 1520 4682 regit
1557 4620 1629 4664 ac
1663 4609 1875 4664 tuetur

377 4717 526 4762 suos
575 4700 832 4773 electoS,
882 4717 961 4761 ne
1011 4699 1077 4760 in
1124 4699 1407 4761 adversis
1454 4699 1875 4762 formidemus

377 4816 494 4860 nos
523 4817 560 4859 a
598 4798 726 4860 Deo
756 4797 1029 4860 relictos
1063 4798 1160 4860 Ab
1201 4798 1373 4860 intus
1406 4816 1557 4861 vero
1595 4807 1744 4860 sunt
1773 4817 1876 4860 ve-

377 4897 664 4958 xationes
712 4895 946 4978 quibus
995 4897 1240 4958 animas
1288 4897 1620 4959 hominum
1665 4897 1876 4958 multi-

379 4995 634 5077 pliciter
695 4996 932 5058 laedunt
989 5014 1062 5058 ac
1131 4996 1437 5058 tribulare
1499 5004 1869 5058 noscuntur.

376 5095 538 5157 Hinc
587 5094 978 5176 arreptiones
1023 5104 1331 5157 vocantur
1374 5115 1514 5177 quae
1562 5095 1732 5157 fiunt
1780 5095 1873 5156 in-

377 5193 714 5268 trinsecuS,
747 5192 985 5274 quibus
1026 5193 1352 5275 arrepticii
1392 5194 1778 5268 detinentur,
1813 5199 1876 5255 et

379 5311 416 5355 a
443 5291 741 5372 malignis
771 5290 1152 5373 infliguntur
1181 5292 1536 5375 spiritibuS,
1559 5293 1712 5356 dum
1741 5292 1874 5354 ani·

1984 4307 2191 4388 portio
2225 4323 2238 4368 τ
2272 4304 2427 4367 alias
2478 4323 2677 4367 unum
2727 4323 2855 4368 non
2903 4313 3117 4387 posset
3162 4305 3333 4367 aliud
3382 4324 3479 4368 re·

1983 4412 2364 4488 praesentare
2393 4410 2502 4465 aut
2539 4402 2888 4485 designare.
2922 4404 3042 4466 Sed
3082 4404 3247 4466 inter
3274 4404 3477 4466 Deum

1982 4503 2347 4566 eminentiae
2378 4502 2648 4566 infinitae
2676 4509 2739 4565 et
2770 4509 3109 4578 creaturaS‚
3134 4503 3309 4565 nulla
3338 4520 3480 4565 con·

1982 4601 2150 4664 sistit
2192 4600 2536 4684 proportio,
2579 4635 2661 4646 -
2698 4601 3009 4674 Secundo,
3048 4600 3191 4662 talis
3232 4600 3478 4683 appari-

1982 4701 2072 4763 tio
2111 4707 2278 4762 esset
2316 4699 2567 4762 errandi
2607 4699 2876 4775 occasio,
2911 4706 3128 4782 utpote
3162 4699 3473 4780 [putandi]

1982 4799 2150 4881 quod
2184 4799 2347 4860 Deus
2380 4798 2446 4860 in
2476 4817 2591 4860 sua
2628 4807 2853 4861 natura
2885 4797 3228 4880 corporalis
3260 4797 3477 4861 visibi-

1983 4897 2190 4980 lisque
2229 4897 2505 4959 exsistat.
2534 4931 2615 4942 ——
2645 4896 2875 4972 Tertio,
2908 4897 3075 4959 Deus
3115 4895 3344 4958 nullibi
3380 4903 3477 4958 est

1981 4997 2059 5059 de
2101 5013 2290 5070 novo,
2325 4997 2455 5058 imo
2497 4996 2956 5058 invariabiliter
2993 5002 3197 5058 exstat
3239 4994 3303 5056 in
3345 5013 3477 5058 om-

1981 5093 2193 5156 nibus.
2228 5096 2297 5157 In
2341 5093 2519 5156 nullo
2562 5113 2711 5175 ergo
2754 5094 2829 5156 de
2875 5111 3039 5157 novo
3081 5099 3360 5176 apparet.
3394 5129 3477 5139 ——

1981 5193 2233 5267 Quart0,
2268 5194 2432 5255 Deus
2477 5193 2708 5274 legitur
2748 5212 2913 5275 saepe
2956 5193 3245 5276 patribus
3287 5211 3477 5275 appa-

1981 5291 2187 5354 ruisse
2223 5308 2237 5354 :
2270 5299 2333 5354 et
2365 5299 2573 5354 tamen
2605 5293 2671 5354 in
2702 5293 2987 5368 veritate,
3010 5292 3122 5375 qui
3153 5292 3469 5378 apparuit,
