4334 6242
45 4737 47 4758 ²
118 4725 173 4783 ΓῙ.
187 4733 214 4773 t.
228 4729 325 4781 XIX.

104 4793 327 4842 [13626615.

1000 519 1085 567 ΑΝ
1126 519 1349 568 ANGELI
1392 519 1780 567 COGNOSCANT
1822 517 1938 566 PER
1979 518 2220 566 SPECIES
2265 515 2696 577 UNIVRRSALES,
2738 521 2864 566 ETc.

3359 499 3478 570 257

380 685 809 759 accidentalis,
844 687 999 749 dicit
1036 696 1250 750 actum
1291 691 1593 771 primum.
1631 690 1707 751 Et
1748 709 1881 751 rur-
1908 689 1959 751 A
1988 690 2502 752 authenticorum
2552 689 3075 752 scholasticorum
3125 691 3476 764 doctorum,

379 801 505 852 sus,
539 783 593 844 si
635 786 920 866 operatio
960 789 1313 849 secundum
1356 807 1421 850 se
1462 796 1624 850 esset
1665 789 1879 870 aliqua

378 880 601 954 forma,
645 883 787 963 ejus
834 893 1000 946 esset
1047 885 1264 967 aliqua
1311 887 1615 968 operati0,
1658 887 1877 968 sicque

379 979 827 1060 procederetur
870 983 935 1044 in
981 983 1311 1046 infinitum
1355 1002 1369 1046 τ
1415 985 1716 1066 quoniam
1757 985 1878 1046 for-

376 1095 495 1139 mae
543 1086 710 1140 esset
760 1077 984 1153 forma,
1027 1089 1087 1143 et
1132 1082 1517 1164 operationis
1569 1083 1869 1165 operatio.

376 1173 536 1255 Ergo
591 1177 879 1257 operatio
937 1177 1156 1242 sormae
1215 1196 1340 1242 non
1401 1187 1497 1242 est
1554 1179 1759 1243 forma
1815 1180 1874 1242 ei

371 1272 603 1336 addita.
648 1310 729 1320 —
774 1276 1041 1359 Insuper
1090 1277 1253 1352 dico,
1300 1279 1470 1360 quod
1520 1279 1873 1360 intelligere

370 1378 433 1431 et
480 1373 719 1434 sentire
769 1382 917 1435 sunt
966 1375 1031 1437 in
1079 1375 1265 1438 nobis
1324 1395 1437 1458 per
1487 1395 1553 1438 se
1601 1396 1637 1438 a
1686 1378 1872 1440 dante

368 1485 630 1530 sensum
675 1471 775 1532 vel
829 1471 1247 1548 intellectum,
1290 1475 1459 1556 quod
1513 1483 1609 1537 est
1652 1494 1871 1537 creans

367 1565 470 1627 vel
516 1585 869 1648 generans3
910 1571 989 1632 ab
1040 1571 1294 1652 obJecto
1340 1581 1578 1648 autem,
1624 1574 1789 1635 sicut
1836 1593 1873 1634 a

368 1681 558 1726 causa
606 1665 745 1728 sine
790 1687 916 1749 qua
963 1685 1109 1731 non.
1156 1670 1360 1742 Quum
1409 1672 1581 1733 enim
1633 1672 1723 1733 nil
1766 1673 1869 1733 ad-

366 1762 513 1824 dant
568 1783 762 1847 supra
816 1767 1188 1847 potentiam,
1241 1776 1389 1830 sunt
1436 1769 1515 1830 ab
1563 1770 1786 1831 eodem
1835 1789 1872 1832 a

1986 787 2349 860 Alexandri,
2384 788 2658 862 Thomas,
2696 787 2960 862 Alberti,
3001 788 3476 864 Bonaventurae,

1987 884 2174 956 Petri,
2206 884 2522 956 Richardi,
2547 884 2798 964 AEgidii,
2826 884 3146 947 Guillelmi
3177 884 3483 947 Parisien-

1987 981 2096 1056 siS,
2129 989 2194 1042 et
2233 981 2477 1043 domini
2514 982 3067 1044 AntisiodorensiS.
3101 983 3260 1055 Quid
3304 983 3480 1045 enim

1986 1088 2081 1141 est
2130 1079 2362 1153 dicere,
2415 1079 2583 1161 quod
2643 1079 2924 1161 operatio
2978 1081 3212 1143 mentis
3257 1089 3480 1146 creatae

1986 1195 2110 1239 non
2157 1175 2415 1240 differat
2457 1177 2710 1240 realiter
2746 1177 2827 1240 ab
2867 1179 3006 1258 ejus
3049 1179 3324 1241 essentia
3365 1198 3478 1242 seu

1984 1275 2288 1356 potentia,
2323 1284 2386 1337 et
2415 1276 2584 1357 quod
2616 1294 2741 1338 non
2772 1276 3153 1357 superaddat
3181 1277 3478 1357 potentiae

1984 1375 2137 1455 quid
2187 1375 2376 1448 reale,
2425 1375 2512 1436 ita
2559 1375 2727 1456 quod
2778 1375 3229 1457 contemplatio
3278 1383 3338 1437 et
3389 1376 3478 1437 di-

1986 1473 2174 1535 lectio
2218 1491 2344 1535 non
2392 1473 2520 1534 sint
2561 1472 2802 1554 aliquid
2853 1474 3333 1555 superadditum
3383 1474 3476 1535 in-

1983 1571 2318 1633 tellectivae
2358 1571 2656 1651 potentiae
2694 1591 2767 1634 ac
2806 1571 3163 1633 voluntati?
3204 1572 3335 1646 Quo
3373 1573 3478 1635 da-

1984 1679 2067 1742 to,
2102 1687 2249 1731 mox
2289 1669 2578 1750 sequitur
2615 1671 2784 1750 quod
2825 1671 3050 1732 merita
3078 1678 3141 1732 et
3170 1671 3478 1732 demerita

1982 1787 2095 1829 seu
2135 1767 2417 1829 actiones
2459 1767 2797 1831 meritoriae
2831 1776 2894 1829 et
2923 1769 3344 1832 demeritoriae
3383 1769 3476 1831 in·

366 1879 493 1941 quo
526 1861 681 1942 ipsae
712 1864 1029 1944 potentia).
1064 1867 1257 1927 Actus
1287 1885 1541 1947 quoque
1572 1869 1867 1949 proprius
1906 1871 1953 1933 B
1986 1866 2267 1939 ter-iores,
2302 1884 2428 1927 non
2469 1872 2618 1926 sunt
2646 1866 2886 1946 aliquid
2923 1867 3088 1928 reale
3120 1867 3286 1928 ultra
3318 1887 3474 1949 prae—

366 1960 629 2041 speciei,
662 1970 756 2023 est
786 1981 823 2023 a
854 1963 1043 2025 dante
1073 1965 1366 2038 formam,
1402 1985 1515 2046 per
1545 1985 1736 2046 quam
1768 1985 1868 2028 res

291 2047 305 2058 ”
368 2056 429 2118 in
480 2058 698 2138 specie
750 2061 1027 2141 ponitur.
1082 2061 1347 2143 Insuper
1395 2063 1641 2144 species
1691 2065 1868 2127 nullo

368 2157 555 2219 modo
588 2158 938 2240 requiritur
968 2161 1045 2221 ad
1077 2168 1291 2222 actum
1323 2160 1743 2242 intelligendi,
1778 2163 1869 2224 ni-

366 2254 417 2316 si
467 2254 678 2317 solum
730 2263 800 2318 ut
850 2265 1259 2338 repraesentet
1306 2259 1652 2340 objectum,
1696 2269 1759 2322 61
1803 2261 1866 2322 in

366 2353 483 2415 hoc
525 2360 625 2415 est
668 2373 859 2416 causa
900 2355 1038 2417 sine
1080 2375 1207 2438 qua
1252 2375 1397 2419 non.

439 2452 721 2533 Angelus
770 2471 920 2516 vero
981 2455 1277 2536 intelligit
1327 2475 1393 2518 se
1442 2465 1506 2518 et
1555 2457 1679 2518 alia
1731 2475 1745 2518 :
1799 2477 1866 2519 se

364 2551 623 2630 quidem
658 2569 773 2632 per
802 2553 1143 2614 essentiam
1178 2573 1383 2627 suam,
1416 2573 1543 2617 non
1583 2574 1697 2636 per
1725 2575 1864 2638 spe-

364 2648 513 2722 cie-S,
549 2656 620 2709 ut
661 2650 1018 2711 concedunt
1059 2651 1424 2734 philosophi
1467 2661 1657 2734 atque
1697 2654 1866 2717 theo-

364 2745 506 2824 logi.
532 2746 675 2808 Alia
706 2764 877 2820 vern,
904 2749 1257 2810 secundum
1292 2768 1698 2812 communem
1730 2752 1864 2833 opi-

364 2843 645 2917 nionem,
681 2844 980 2925 intelligit
1019 2865 1134 2926 per
1173 2847 1419 2928 species
1460 2849 1519 2910 ei
1563 2849 1860 2923 influan,

364 2958 487 3002 non
538 2941 903 3022 acquisitas.
952 2943 1072 3005 Sed
1116 2943 1237 3006 hoc
1286 2951 1451 3006 stare
1500 2963 1627 3007 non
1672 2947 1859 3018 valet,

1980 1964 2139 2025 fatas
2190 1964 2382 2037 vireS,
2433 1964 2652 2044 sicque
2701 1981 2826 2026 non
2885 1965 2966 2026 sit
3013 1965 3255 2046 aliquid
3308 1965 3473 2028 reale

1980 2061 2045 2123 in
2092 2063 2326 2123 sanctis
2369 2070 2433 2123 et
2474 2062 2694 2123 electis
2737 2062 2977 2142 angelis
3021 2062 3474 2144 mentibusque

1977 2160 2297 2233 humanis,
2339 2178 2454 2241 per
2496 2160 2665 2240 quod
2716 2159 2990 2222 Creatori
3039 2161 3474 2243 complaceant

1978 2264 2039 2318 et
2088 2257 2220 2319 vita
2277 2265 2511 2320 aeterna
2570 2258 2866 2338 condigni
2926 2259 3074 2332 sint,
3125 2266 3354 2339 praeter
3409 2264 3473 2320 et

1979 2355 2143 2418 ultra
2201 2355 2264 2417 id
2324 2356 2492 2437 quod
2552 2362 2648 2417 est
2705 2356 2771 2417 in
2829 2355 3224 2418 daemonibus
3281 2364 3472 2437 atque

1979 2453 2218 2535 iniquis
2267 2453 2655 2515 hominibus.
2699 2455 2768 2515 ln
2812 2453 3110 2517 omnibus
3152 2455 3325 2516 enim
3371 2456 3470 2517 his

1976 2559 2123 2612 sunt
2168 2551 2452 2633 potentia
2502 2551 2890 2614 intellectiva
2931 2560 2993 2613 et
3037 2553 3348 2614 voluntaS.
3395 2553 3472 2615 Et

1974 2649 2027 2710 si
2058 2649 2338 2711 actiones
2372 2649 2790 2711 immanentes
2818 2649 3054 2711 virium
3085 2650 3312 2712 harum
3343 2669 3470 2714 non

1974 2756 2122 2809 sunt
2169 2748 2412 2828 aliquid
2471 2749 2637 2809 reale
2697 2748 3174 2829 superadditum
3224 2749 3471 2811 viribus

1974 2843 2134 2917 istis,
2167 2862 2284 2905 nec
2325 2843 2577 2906 realiter
2607 2844 2920 2907 distinctae
2957 2843 3038 2906 ab
3077 2845 3192 2918 eiS,
3227 2853 3472 2909 constat

1972 2943 2141 3022 quod
2185 2942 2347 3002 nihil
2388 2943 2555 3004 reale
2595 2943 2678 3004 sit
2708 2943 2772 3003 in
2804 2943 3022 3004 electi-s
3053 2951 3116 3005 et
3144 2944 3467 3018 virtuosiS,

363 3039 511 3117 quia
542 3039 897 3102 secundum
929 3040 1069 3114 hoc,
1096 3060 1350 3122 semper
1378 3043 1456 3104 de
1488 3045 1861 3106 necessitate
1899 3045 1943 3109 C
1974 3059 2087 3120 per
2127 3041 2294 3121 quod
2336 3040 2770 3122 complaceant
2810 3042 2936 3103 Deo
2975 3048 3039 3101 et
3077 3041 3470 3104 beatitudine

362 3134 748 3216 intelligeret
804 3145 949 3199 actu
1006 3139 1222 3201 omnia
1278 3158 1551 3221 quorum
1616 3143 1861 3222 species

360 3231 570 3307 habet,
622 3253 823 3315 quum
873 3236 951 3296 ad
999 3237 1311 3299 actualem
1364 3237 1859 3301 intellectionem

358 3349 483 3392 non
527 3330 675 3412 plus
715 3332 1005 3412 exigatur
1039 3353 1230 3415 quam
1272 3335 1632 3398 intellectus
1664 3344 1726 3398 et
1756 3337 1861 3399 ob-

352 3428 505 3509 jecti
553 3431 909 3512 praesentia.
948 3432 1297 3494 Dicendum
1338 3451 1508 3515 ergo,
1542 3435 1710 3516 quod
1752 3455 1859 3497 an-

354 3527 477 3608 geli
521 3545 651 3590 non
693 3527 1059 3609 intelligunt
1097 3529 1221 3591 alia
1259 3550 1295 3591 a
1330 3550 1397 3593 se
1438 3550 1551 3613 per
1590 3534 1857 3614 specieS,

356 3645 473 3688 nec
523 3627 719 3688 etiam
778 3645 893 3708 per
940 3647 1119 3690 suam
1170 3631 1533 3703 essentiam,
1586 3632 1697 3693 sed
1746 3651 1861 3714 per

356 3724 645 3806 ipsarum
698 3743 909 3787 rerum
962 3727 1363 3809 praesentiam
1417 3728 1481 3789 in
1530 3747 1597 3790 se
1640 3738 1749 3792 aut
1792 3730 1859 3793 in

356 3824 566 3886 causis
600 3823 732 3886 suis
768 3843 783 3886 ε
819 3844 958 3906 quae
989 3826 1326 3906 praesentia
1356 3845 1481 3889 non
1512 3829 1860 3891 attenditur

354 3921 713 3984 secundum
754 3923 973 3996 situm,
1007 3922 1115 3984 sed
1157 3925 1508 3987 secundum
1544 3927 1855 4002 ordinem,

354 4020 467 4102 qui
512 4019 636 4082 hoc
676 4018 831 4082 facit
874 4021 1449 4101 inspiritualibuS,
1485 4025 1653 4106 quod
1699 4025 1858 4088 situs

354 4117 421 4180 in
469 4116 926 4198 corporalibus.
962 4118 1160 4192 Quem
1201 4121 1487 4183 ordinem
1533 4139 1660 4184 non
1703 4130 1858 4204 puto

1973 3137 2148 3217 digni
2197 3139 2344 3211 sint,
2387 3138 2554 3219 quod
2600 3155 2726 3199 non
2769 3139 3029 3200 exsistat
3071 3139 3136 3200 in
3180 3140 3470 3221 reprobis

1970 3253 2043 3296 66
2086 3235 2342 3316 iniquis.
2377 3236 2524 3297 Ideo
2561 3254 2737 3298 error
2776 3236 2893 3298 iste
2935 3243 3030 3298 est
3063 3237 3353 3311 stoliduS,
3387 3256 3467 3300 ne

1971 3333 2179 3394 dicam
2224 3333 2579 3396 haereticus.

2050 3431 2492 3493 Persuasiones
2551 3449 2805 3513 quoque
2851 3451 2888 3493 a
2937 3433 3231 3495 Durando
3288 3433 3470 3495 indu-

1972 3536 2107 3603 ctae,
2172 3529 2510 3592 levissimae
2575 3539 2722 3591 sunt
2779 3549 2851 3592 ac
2910 3531 3150 3593 nullius
3209 3531 3461 3594 valoris,

1970 3627 2178 3690 Unum
2223 3646 2499 3708 namque
2541 3636 2605 3688 et
2645 3627 2814 3689 idem
2857 3637 3148 3710 respectu
3194 3629 3470 3692 diverso-

1970 3745 2113 3786 rum
2147 3733 2408 3788 vocatur
2442 3732 2619 3787 actus
2645 3725 2906 3807 'primus
2938 3735 2999 3788 et
3028 3735 3207 3789 66165
3247 3747 3470 3791 566611-

1969 3824 2110 3898 (165,
2146 3824 2686 3906 quemadmodum
2727 3825 2918 3886 etiam
2959 3845 3159 3888 unum
3193 3845 3265 3887 66
3296 3826 3466 3889 idem

1970 3930 2263 4004 respectu
2314 3922 2710 3985 diversorum
2759 3930 2854 3984 est
2901 3922 3167 3986 formale
3214 3943 3288 3986 ac
3337 3943 3468 3986 ma-

1969 4021 2208 4083 teriale.
2243 4021 2462 4083 Nonne
2498 4021 2712 4083 anima
2740 4029 2834 4083 est
2862 4029 3040 4083 actus
3081 4023 3327 4103 primus
3366 4024 3466 4086 sui

1971 4119 2276 4200 corporiS,
2310 4126 2372 4180 et
2412 4119 2576 4180 ultra
2618 4118 2822 4181 forma
2865 4119 3298 4182 substantialis
3336 4141 3466 4186 suae

354 4233 495 4278 esse
526 4215 655 4277 nisi
686 4217 1160 4299 proportionem
1199 4217 1556 4281 intellectus
1586 4220 1856 4302 angelici
1889 4223 1939 4288 D
1971 4217 2294 4281 materiae?
2334 4224 2396 4279 et
2439 4225 2649 4279 tamen
2691 4217 2905 4280 anima
2953 4226 3243 4302 respectu
3289 4218 3468 4283 Crea—

354 4315 432 4376 ad
482 4331 675 4377 omne
723 4315 892 4396 quod
941 4323 1233 4378 naturam
1282 4317 1447 4381 entis
1494 4319 1851 4402 participat.

356 4445 434 4460 ——
465 4413 613 4476 Haec
656 4413 1009 4477 DuranduS.

434 4512 675 4576 Verum
723 4513 875 4594 quid
922 4512 998 4574 de
1042 4513 1163 4575 ista
1213 4515 1477 4577 materia
1518 4515 1599 4578 sit
1644 4523 1857 4579 tenen-

356 4609 535 4685 dum,
589 4611 833 4673 dictum
880 4618 976 4672 est
1026 4630 1219 4692 supra
1278 4613 1581 4693 primum,
1632 4615 1855 4676 distin—

356 4710 568 4772 ctione
618 4710 826 4782 tertia,
887 4709 994 4770 ubi
1048 4727 1293 4772 errores
1357 4710 1549 4792 hujus
1610 4713 1855 4794 opinio—

357 4807 458 4869 nis
507 4814 658 4869 sunt
710 4807 1047 4888 reprobati.
1092 4808 1237 4870 Ideo
1288 4809 1533 4870 sufficit
1584 4810 1704 4872 ista
1752 4811 1855 4872 hic

356 4905 739 4968 brevissime
787 4904 1089 4984 tetigisse.
1144 4906 1220 4966 Et
1268 4905 1566 4980 breviter,
1620 4907 1686 4969 in
1739 4908 1856 4970 1166

356 5003 708 5085 quaestione
748 5002 969 5064 scribit
1001 5002 1119 5065 iste
1150 5004 1483 5066 Durandus
1518 5013 1608 5068 tot
1636 5014 1699 5068 et
1729 5015 1858 5069 tam

358 5101 731 5164 manifestos
774 5118 1040 5175 errorem,
1074 5109 1141 5162 ut
1187 5101 1476 5164 videatur
1524 5103 1856 5185 indignum

360 5207 583 5262 contra
611 5217 719 5261 eos
750 5217 1027 5279 arguere.
1044 5199 1201 5262 Sunt
1226 5200 1417 5263 etiam
1450 5211 1667 5264 contra
1697 5221 1862 5265 com-

366 5316 629 5360 munem
698 5296 1093 5379 solidamque
1152 5298 1505 5362 doctrinam
1568 5301 1856 5363 omnium

616 5431 681 5482 Τ.
720 5431 799 5482 21.

1968 4315 2123 4381 toris
2170 4323 2268 4378 est
2314 4323 2492 4378 actus
2541 4316 2882 4393 secundus,
2928 4324 2992 4380 et
3038 4335 3152 4400 per
3201 4318 3464 4383 modum

1968 4416 2059 4478 rei
2118 4413 2474 4478 materialis
2520 4433 2586 4478 se
2644 4414 2906 4491 habens,
2954 4417 3320 4499 recipiendo
3368 4417 3463 4481 in-

1966 4513 2267 4576 fluentias
2311 4514 2409 4576 sui
2453 4514 2701 4576 actoriS.
2736 4514 2889 4576 Esse
2933 4533 3186 4597 quoque
3230 4517 3464 4580 dicitur

1967 4620 2144 4674 actus
2179 4612 2444 4693 primus,
2477 4621 2539 4673 ct
2570 4612 2851 4693 operatio
2881 4622 3060 4675 actus
3092 4617 3408 4677 secundus
3443 4635 3457 4680 2

1968 4718 2030 4772 et
2068 4720 2279 4772 tamen
2320 4728 2456 4772 esse
2499 4729 2609 4792 per
2645 4712 3182 4792 comparationem
3221 4714 3299 4775 ad
3339 4713 3462 4777 for-

1968 4826 2136 4869 mam
2170 4827 2283 4869 seu
2313 4808 2676 4882 essentiam,
2708 4827 2745 4869 a
2775 4829 2900 4890 qua
2937 4808 3140 4872 fluere
3171 4811 3461 4892 perhibe-

1965 4914 2091 4980 tur,
2124 4914 2221 4968 est
2258 4906 2438 4988 quasi
2479 4914 2658 4968 actus
2701 4908 3018 4970 secundus
3061 4918 3125 4971 et
3162 4928 3454 4991 sequenS.

1970 5004 2273 5067 Similiter
2313 5005 2596 5086 operatio
2639 5006 2921 5080 interior,
2963 5026 3105 5088 quae
3147 5016 3244 5070 est
3281 5016 3460 5072 actus

1969 5103 2286 5165 secundus
2335 5111 2627 5184 respectu
2680 5104 2880 5185 ipsius
2929 5123 3088 5178 esse,
3138 5113 3236 5167 est
3280 5115 3458 5169 actus

1969 5201 2217 5283 primus
2256 5209 2548 5282 respectu
2591 5210 2768 5263 actus
2811 5203 3141 5266 exterioris
3180 5204 3260 5266 ab
3301 5205 3458 5266 inte-

1971 5299 2122 5361 riori
2172 5306 2317 5360 actu
2368 5300 2681 5361 manantis
2729 5317 2743 5360 :
2789 5302 3325 5382 quemadmodum
3376 5302 3460 5364 lo-

3144 5435 3205 5488 17
