4334 6242
1229 510 1313 556 AN
1357 509 1653 556 DAEMONES
1697 506 2106 555 PRAENOSCANT
2149 508 2408 565 FUTURA,
2450 510 2575 555 mc.

3342 490 3460 554 413

350 678 616 762 spiritus
649 681 978 744 veritatem
1021 680 1176 743 fidei
1218 698 1626 761 corrumpere
1668 680 1848 743 moli·
1879 678 1932 743 A
1961 680 2151 743 tionis
2193 680 2657 755 immutatione,
2700 679 2802 743 vel
2848 680 2913 741 in
2958 678 3351 753 dormiendO,
3390 686 3463 741 ut

348 786 550 853 entes,
584 778 936 841 abutuntur
964 780 1328 861 operatione
1369 778 1846 852 miraculorum,

347 884 418 938 ut
447 895 730 940 errorem
761 878 1079 949 inducant,
1099 884 1666 959 argumentumque
1695 876 1848 938 fidei

343 994 424 1037 ex
465 976 866 1039 miraculosis
905 975 1208 1059 operibus
1249 984 1578 1058 sumptum
1625 974 1850 1037 debili-

343 1081 502 1146 tent,
546 1092 676 1136 non
727 1084 937 1136 tamen
987 1093 1136 1136 vere
1183 1073 1491 1135 miracula
1538 1071 1846 1145 faciendo,

343 1172 456 1233 sed
504 1191 578 1234 ea
625 1192 766 1254 quae
809 1172 1180 1235 hominibus
1232 1170 1612 1233 miraculosa
1659 1190 1850 1252 appa-

344 1279 539 1349 rent3
595 1272 688 1333 sic
749 1290 1000 1353 quoque
1061 1270 1413 1333 abutuntur
1470 1269 1851 1352 praenuntia-

344 1369 520 1430 tione
587 1370 982 1451 prophetica,
1052 1386 1181 1432 non
1251 1369 1473 1449 utique
1540 1367 1853 1429 veraciter

345 1467 810 1549 prophetandO,
861 1469 970 1530 sed
1018 1467 1232 1549 aliqua
1282 1467 1634 1529 secundum
1689 1465 1853 1528 ordi-

345 1583 495 1626 nem
553 1585 890 1628 causarum
939 1565 1184 1629 homini
1237 1565 1632 1627 occultarum
1690 1582 1852 1645 prae-

345 1664 725 1738 nuntiand0,
778 1672 850 1725 ut
906 1663 1120 1726 futura
1169 1665 1233 1726 in
1285 1683 1352 1725 se
1409 1662 1564 1746 ipsis
1615 1680 1854 1744 praeco-

345 1779 653 1842 gnoscere
688 1764 1040 1825 videantur.
1076 1763 1153 1825 Et
1191 1763 1486 1844 quamvis
1527 1780 1604 1823 ex
1645 1759 1852 1823 causis

1960 799 2160 861 quum
2223 799 2335 861 per
2384 780 2631 841 somnia
2688 779 3049 860 aliquorum
3099 778 3459 840 futurorum

1963 885 2317 940 monstrant
2348 878 2601 953 indicia,
2629 878 2762 940 sive
2794 877 2986 939 etiam
3021 874 3085 937 in
3117 875 3459 956 vigilandO,

1962 982 2031 1036 ut
2079 975 2144 1037 in
2195 975 2551 1057 arrepticiis
2598 985 2789 1057 atque
2832 974 3222 1057 phreneticis
3266 981 3459 1054 patet,

1962 1073 2068 1154 qui
2103 1073 2320 1135 futura
2355 1076 2643 1154 quaedam
2681 1072 3463 1157 praenuntiant3a1iquan-

1961 1174 2041 1235 do
2080 1191 2233 1235 vero
2273 1191 2387 1254 per
2423 1172 2735 1235 exteriora
2775 1171 3031 1245 indicia,
3069 1178 3138 1231 ut
3181 1189 3295 1252 per
3334 1189 3463 1233 mo-

1963 1280 2062 1333 tus
2110 1272 2513 1353 garritusque
2560 1270 2798 1345 avium,
2831 1276 2889 1331 et
2936 1288 3049 1351 per
3092 1269 3464 1352 apparentia

1962 1370 2028 1431 in
2060 1370 2223 1432 extis
2262 1369 2659 1443 animalium,
2692 1388 2766 1431 ac
2810 1369 2875 1429 in
2908 1368 3330 1449 quorumdam
3361 1368 3466 1429 de-

1963 1469 2309 1551 scriptione
2350 1476 2758 1550 punctorum‚
2798 1468 2954 1529 etin
2992 1466 3461 1541 consimilibuS,

1963 1588 2104 1650 quae
2133 1566 2276 1629 fieri
2315 1574 2481 1629 sorte
2519 1566 2789 1649 quadam
2822 1566 3154 1644 videntur;
3186 1566 3466 1647 quando-

1964 1686 2088 1748 que
2136 1684 2289 1728 vero
2337 1665 2679 1727 visibiliter
2724 1665 3109 1748 apparendo,
3150 1664 3463 1727 sensibili-

1965 1774 2185 1850 terque
2219 1752 2553 1847 loquendo.
2579 1800 2655 1809 -—
2686 1764 2829 1827 Haec
2861 1763 2971 1825 ibi.
3008 1763 3126 1827 Ubi
3155 1771 3220 1826 et
3254 1764 3331 1825 de
3361 1764 3463 1827 his

345 1860 750 1923 naturalibus
797 1862 950 1923 tales
991 1860 1260 1924 effectus
1301 1858 1700 1943 proveniant,
1733 1858 1853 1921 dae-
1888 1861 1935 1923 B
1965 1862 2267 1925 diffusius
2300 1862 2523 1924 scribit
2551 1863 2818 1924 Thomas
2849 1862 3041 1923 etiam
3073 1861 3138 1923 in
3170 1862 3463 1943 capitulis

347 1978 570 2023 mones
636 1967 846 2022 tamen
910 1958 1260 2021 subtilitate
1324 1960 1424 2021 sui
1488 1958 1851 2020 intellectus

345 2058 550 2139 magis
589 2075 968 2140 cognoscere
1002 2064 1272 2139 possunt
1303 2076 1494 2139 quam
1533 2055 1846 2128 homineS,

343 2158 498 2239 quia
536 2164 930 2238 cognoscunt
963 2157 1218 2238 quando
1257 2163 1318 2217 et
1360 2155 1632 2237 qualiter
1671 2162 1850 2216 natu-

343 2255 578 2317 ralium
639 2253 924 2343 effectus
968 2274 1303 2317 causarum
1352 2254 1602 2316 valeant
1650 2253 1849 2335 impe-

343 2354 468 2415 diri
523 2372 538 2415 ε
593 2353 736 2416 ideo
793 2353 859 2415 in
915 2352 1399 2436 praenuntiando
1450 2351 1686 2425 futura,
1733 2351 1850 2412 mi-

343 2452 680 2515 rabiliores
743 2470 815 2514 ac
875 2452 1230 2515 veraciores
1289 2458 1596 2534 apparent
1655 2469 1847 2532 quam

345 2550 644 2613 homines
693 2558 1290 2633 quantumcumque
1332 2549 1623 2611 scientes.
1669 2548 1850 2610 Deni-

345 2669 474 2731 que
518 2650 684 2712 inter
723 2668 942 2711 causas
983 2648 1322 2721 naturale8‚
1357 2666 1672 2729 supremae
1713 2654 1774 2708 et
1813 2665 1850 2707 a

343 2756 562 2810 nostra
593 2748 954 2829 cognitione
984 2747 1186 2828 magis
1218 2754 1474 2808 remotae
1505 2753 1652 2807 sunt
1680 2744 1849 2806 vires

344 2845 708 2909 coelestium
755 2863 1116 2928 corporum,
1151 2863 1306 2927 quas
1347 2849 1590 2905 constat
1620 2843 1849 2905 daemo-

343 2944 538 3006 nibus
571 2943 926 3006 secundum
959 2942 1410 3025 proprietatem
1449 2960 1580 3003 suae
1611 2947 1850 3002 naturae

1962 1962 2104 2024 aliis
2137 1961 2454 2043 pluribuS‚
2487 1961 2597 2023 sed
2628 1968 2692 2023 et
2732 1961 2797 2022 in
2829 1960 3105 2022 secunda
3143 1961 3459 2037 secundae,

1965 2068 2035 2121 ut
2077 2060 2244 2122 infra
2287 2067 2596 2139 tangetur.

2041 2256 2345 2319 Praeterea
2375 2255 2702 2319 Udalricus
2735 2256 2800 2318 in
2834 2255 3095 2319 Summa
3124 2276 3259 2330 sua,
3283 2274 3465 2340 quar-

1961 2362 2027 2416 to
2068 2354 2230 2416 libro
2264 2372 2277 2415 :
2313 2355 2630 2416 Divinatio
2658 2354 2926 2436 (inquit)
2966 2374 3080 2437 per
3118 2355 3459 2431 daemoneS,

1960 2453 2038 2514 sit
2069 2472 2184 2534 per
2214 2451 2547 2535 praefatum
2590 2453 2873 2515 scientiae
2906 2471 3127 2516 eorum
3165 2472 3457 2527 acumen,

1961 2559 2032 2612 ut
2075 2550 2376 2630 Origenes
2420 2558 2484 2612 ct
2520 2549 2914 2631 Augustinus
2957 2558 3284 2615 testantur.
3316 2551 3463 2614 Pro-

1962 2657 2179 2733 pterea
2227 2650 2472 2712 daemon
2517 2656 2779 2711 vocatur
2820 2649 3085 2731 spiritus
3128 2649 3462 2712 divinatio-

1961 2749 2081 2823 niS,
2115 2749 2298 2829 juxta
2340 2747 2498 2810 illud
2541 2747 2809 2809 Levitici
2844 2764 2858 2809 ε
2894 2748 3003 2809 Vir
3044 2748 3178 2810 sive
3225 2748 3459 2810 mulier
3486 2766 3753 2817 Lamum.

1960 2847 2026 2909 in
2057 2846 2294 2929 quibus
2327 2845 2707 2929 pythonicus
2738 2864 2850 2907 seu
2891 2845 3300 2910 divinationis
3331 2847 3458 2929 spi·

1961 2946 2120 3007 ritus
2151 2945 2178 3007 f
2182 2945 2362 3007 uerit.
2398 2945 2557 3006 Hinc
2587 2944 2812 3007 asserit
2842 2944 3179 3025 Origenes:
3206 2945 3458 3008 Divina-

343 3042 632 3123 cognitas
687 3059 846 3103 csse.
903 3040 1240 3125 Quumque
1300 3046 1530 3101 cuncta
1587 3055 1851 3121 corpora
1886 3040 1929 3103 C
1964 3044 2048 3105 tio
2077 3042 2645 3124 dicitur‚quoniam
2674 3042 2959 3123 gentium
2990 3042 3162 3104 natio
3192 3044 3460 3106 credidit

343 3139 650 3201 inferiora
696 3139 1050 3201 secundum
1095 3138 1262 3200 vires
1305 3146 1367 3199 et
1413 3145 1623 3199 motus
1669 3136 1852 3198 coele-

341 3238 539 3299 stium
591 3254 928 3319 corporum
979 3235 1418 3318 disponantur,
1468 3241 1734 3316 possunt
1783 3233 1847 3295 hi

341 3336 610 3417 spiritus
659 3335 861 3397 multo
903 3334 1048 3417 plus
1091 3353 1284 3415 quam
1326 3333 1718 3415 quicumque
1758 3350 1852 3393 as-

341 3434 651 3513 trologus,
695 3432 1122 3514 praenuntiare
1154 3439 1374 3493 ventos
1414 3438 1476 3491 et
1519 3437 1851 3512 tempesta-

343 3540 462 3605 teS,
518 3530 1094 3611 hujuscemodique
1145 3528 1439 3603 effectus,
1493 3535 1563 3589 ut
1615 3537 1844 3609 pestes,

345 3630 422 3691 Et
455 3628 750 3712 quamvis
781 3628 1064 3691 coelestia
1094 3645 1356 3708 corpora
1385 3645 1579 3707 super
1609 3626 1852 3688 intelle-

347 3729 584 3790 ctivam
624 3728 854 3789 animae
895 3734 1139 3809 partem
1180 3726 1419 3787 directe
1457 3742 1585 3787 non
1615 3732 1852 3805 queant

347 3827 746 3909 imprimere,
780 3833 1220 3888 verumtamen
1251 3824 1554 3906 quoniam
1586 3824 1849 3905 plurimi

347 3927 634 4008 impetus
682 3924 1052 4006 passionum
1103 3922 1675 4003 inclinationesque
1721 3940 1852 3985 cor-

345 4024 597 4107 porales
647 4030 1003 4104 sequuntur
1046 4020 1312 4103 (quibus
1361 4020 1480 4083 soli
1532 4019 1850 4103 sapientes

343 4144 418 4186 ac
461 4122 733 4186 virtuosi
777 4120 1100 4194 resistunt,
1144 4120 1256 4202 qui
1308 4120 1494 4201 pauci
1540 4120 1736 4199 sunt),
1785 4120 1850 4181 in

1961 3160 2098 3203 esse
2130 3141 2420 3203 divinum
2463 3158 2651 3202 omne
2681 3140 2849 3221 quod
2886 3159 2999 3221 per
3028 3140 3461 3222 qualemcum-

1959 3258 2084 3321 que
2134 3239 2433 3321 spiritum
2486 3236 2824 3320 profertur.
2878 3238 3052 3311 Quod
3101 3238 3457 3319 intelligen-

1960 3339 2114 3399 dum
2145 3345 2242 3400 est
2270 3338 2347 3400 de
2385 3337 2620 3399 futuris
2652 3355 2793 3418 quae
2833 3336 3010 3398 nulla
3046 3346 3313 3419 possunt
3342 3337 3456 3400 hu-

1961 3455 2150 3498 mana
2195 3435 2476 3517 praesciri
2520 3434 2750 3517 peritia
2787 3451 2801 3496 :
2844 3434 2979 3496 sive
3019 3436 3457 3516 praeexsistant

1963 3535 2026 3595 in
2087 3532 2487 3596 naturalibus
2547 3534 2779 3607 causis,
2834 3552 3106 3614 quarum
3167 3534 3457 3597 collectio

1961 3633 2159 3695 scitur
2200 3631 2533 3693 sufficiens
2577 3650 2614 3693 a
2656 3630 3055 3693 daemonibus
3093 3650 3169 3692 ex
3213 3632 3456 3714 perspi-

1959 3731 2225 3793 cacitate
2256 3748 2502 3803 eorum,
2532 3729 2641 3791 sed
2671 3749 2708 3791 a
2737 3728 2922 3791 nobis
2955 3729 3102 3791 sciri
3134 3748 3259 3792 non
3291 3729 3459 3792 valet

1961 3829 2082 3891 nisi
2128 3848 2273 3910 pars
2317 3827 2511 3908 hujus
2555 3827 2857 3901 scientiae,
2896 3846 3010 3909 per
3054 3846 3245 3909 quam
3293 3828 3457 3889 nihil

1961 3934 2204 3989 certum
2241 3926 2318 3987 de
2356 3925 2467 3987 illo
2500 3924 2737 3987 effectu
2773 3943 3283 4007 praecognoscere
3318 3943 3458 4008 pos-

1960 4043 2231 4103 sumusj.
2278 4024 2412 4086 sive
2457 4024 2522 4085 in
2566 4023 2744 4086 nulla
2784 4042 2973 4085 causa
3020 4024 3457 4106 praeexsistant

1957 4124 2085 4185 nisi
2124 4123 2191 4184 in
2233 4123 2382 4197 Deo,
2418 4129 2487 4182 ut
2528 4130 2677 4183 sunt
2721 4121 3040 4184 mirabilia
3079 4121 3311 4184 divinae
3350 4140 3456 4205 po-

344 4242 503 4304 quas
546 4220 874 4303 passiones
913 4226 976 4281 et
1015 4218 1460 4281 inclinationes
1489 4216 1848 4280 efficaciam
1882 4226 1930 4287 D
1959 4221 2173 4285 tentiae
2207 4239 2221 4283 :
2257 4222 2400 4284 ideo
2432 4220 2659 4282 talium
2690 4220 3088 4301 praescientia
3125 4220 3321 4283 solius
3360 4229 3456 4283 est

344 4320 585 4383 habent
625 4318 909 4383 coelestia
949 4335 1248 4400 corpora;
1289 4317 1439 4378 hinc
1484 4324 1548 4379 et
1585 4317 1662 4378 de
1701 4316 1852 4378 acti-

347 4420 470 4483 bus
517 4419 855 4482 hominum
915 4418 1116 4480 multa
1166 4416 1510 4499 praedicere
1560 4424 1847 4498 possunt,

348 4518 646 4601 quamvis
678 4516 994 4579 interdum
1022 4524 1086 4577 et
1116 4516 1237 4597 ipsi
1270 4515 1334 4576 in
1367 4514 1852 4597 praenuntiando

349 4617 680 4691 deficiant,
734 4622 993 4698 propter
1039 4613 1290 4676 arbitrii
1339 4613 1696 4676 libertatem
1745 4620 1854 4675 aut

351 4716 588 4779 diviuae
637 4714 1052 4797 providentiae
1100 4712 1604 4795 dispositionem.
1648 4747 1730 4757 —
1769 4712 1856 4774 Ea

351 4833 506 4879 vero
537 4834 680 4897 quae
710 4812 1695 4895 praecognoscunt,praenuntiant
1724 4812 1859 4893 qui-

356 4916 527 4988 dem,
573 4931 704 4975 non
754 4920 1033 4975 mentem
1085 4912 1527 4984 illuminand0‚
1579 4912 1747 4973 sicut
1789 4911 1856 4972 in

359 5012 744 5077 revelatione
795 5012 1010 5074 divina
1055 5028 1069 5072 :
1115 5029 1244 5072 non
1295 5010 1467 5073 enim
1519 5010 1857 5072 intendunt

358 5122 642 5176 mentem
673 5112 752 5173 ad
783 5110 1065 5174 veritatis
1095 5111 1522 5191 cognitionem
1554 5110 1857 5192 provehe-

358 5232 450 5287 re,
477 5214 588 5275 sed
628 5210 842 5295 potius
871 5229 907 5272 a
936 5210 1200 5272 veritate
1227 5217 1532 5271 avertere.
1567 5208 1860 5271 Praenun-

359 5312 522 5375 tiant
560 5319 777 5374 autem
827 5310 1206 5392 quandoque
1253 5308 1514 5391 quidem
1560 5306 1859 5388 imagina-

1961 4320 2091 4382 Dei.
2125 4320 2270 4383 Ideo
2303 4319 2579 4402 probans
2610 4336 2677 4379 se
2708 4318 2915 4379 solum
2945 4336 3083 4381 esse
3116 4318 3337 4394 Deum,
3369 4320 3457 4383 ait

1961 4438 2076 4501 per
2102 4419 2328 4480 isaiam
2356 4435 2369 4479 τ
2393 4416 2782 4479 Annuntiate
2815 4436 2957 4497 quae
2986 4425 3251 4479 ventura
3284 4427 3453 4493 sunt,
3486 4441 3549 4486 ι..
3576 4454 3658 4494 m.
3680 4444 3749 4487 23.

1961 4526 2024 4580 et
2067 4517 2343 4579 sciemus
2389 4516 2542 4598 quia
2584 4514 2672 4576 dii
2716 4514 2887 4576 estis.
2937 4514 3259 4578 Daemones
3308 4536 3457 4598 ergo

1963 4617 2112 4678 talia
2151 4634 2278 4679 non
2318 4616 2551 4687 sciunt,
2584 4613 2709 4675 nisi
2746 4633 2821 4676 ex
2855 4614 3237 4677 revelatione
3275 4634 3459 4696 ange-

1964 4716 2170 4777 lorum
2220 4722 2329 4777 aut
2375 4714 2852 4796 Prophetarum.
2894 4712 3202 4775 Videntur
3245 4722 3458 4777 autem

1963 4812 2333 4876 hominibus
2405 4812 2805 4894 prophetare,
2876 4829 3075 4891 quum
3144 4812 3461 4873 naturales

1965 4912 2273 4995 quosdam
2314 4910 2668 4994 praedicunt
2706 4907 2976 4971 effectus
3018 4927 3291 4991 quorum
3324 4928 3464 4971 cau·

1967 5030 2050 5075 sae
2096 5010 2189 5071 eis
2240 5016 2387 5070 sunt
2438 5017 2623 5082 notae,
2673 5007 3042 5070 hominibus
3090 5026 3241 5071 vero
3290 5010 3461 5073 inco·

1965 5109 2176 5191 gnitae.

2053 5206 2213 5268 Hinc
2255 5205 2366 5268 tali
2408 5203 2661 5267 fallacia
2702 5205 2917 5269 schola
2958 5205 3313 5268 Stoicorum
3356 5207 3462 5269 de-

1972 5306 2131 5381 lusa,
2164 5305 2328 5367 dixit
2366 5322 2625 5368 omnem
2666 5303 3125 5367 divinationem
3160 5302 3308 5366 fieri
3347 5324 3461 5387 per
