4334 6242
598 4898 658 4942 Is.
683 4913 753 4950 vn,
774 4902 817 4951 0,

548 4962 674 5018 juxta
690 4961 805 5005 Lxx.

868 458 986 526 170
1549 483 1613 530 m
1652 484 1875 531 Limum
1918 484 1961 530 n
2003 483 2484 530 sauram-runnu.
2528 500 2608 511 —
2648 483 2801 529 msr.
2848 483 2931 546 113
2975 483 3198 538 Qumsr.
3242 484 3282 526 v

865 657 995 714 tem
1026 653 1103 715 ad
1136 653 1347 716 locum
1376 655 1696 736 operando
1727 655 1895 718 circa
1926 655 2158 738 ipsum,
2189 655 2357 736 quod
2388 653 2439 715 Α
2469 654 2545 716 ad
2601 653 2818 726 situm,
2870 673 2995 736 qua
3048 654 3135 715 ita
3189 653 3372 716 finita
3417 660 3533 726 est,
3585 660 3656 714 ut
3703 670 3976 715 necesse

865 752 1148 833 potentia
1170 753 1307 833 ejus
1332 771 1457 816 non
1482 761 1577 816 est
1602 755 1759 816 ratio
1780 754 2123 817 exsistendi
2152 754 2358 835 ipsum

868 851 934 912 in
966 851 1125 924 loco,
1160 853 1282 914 nisi
1314 853 1525 915 forsan
1559 853 1839 935 potentia
1869 853 2009 933 ejus
2042 853 2120 915 sit
2156 852 2358 914 mino-

864 950 952 1012 ris
979 949 1421 1012 abstractionis
1460 971 1651 1033 quam
1692 971 1803 1014 sua
1833 952 2107 1014 essentia
2139 969 2154 1012 :
2188 952 2358 1032 quod

865 1047 918 1108 si
960 1047 1047 1110 ita
1074 1056 1191 1122 est,
1226 1066 1341 1130 ego
1380 1049 1443 1110 in
1485 1049 1606 1111 hoc
1645 1049 2058 1130 intelligendo
2099 1048 2354 1122 deficio,

864 1143 1031 1205 sicut
1069 1145 1134 1206 in
1173 1145 1315 1207 aliis
1362 1146 1599 1207 multis,
1636 1147 1798 1227 Ergo
1836 1146 1889 1208 si
1933 1146 2215 1227 potentia
2253 1165 2359 1207 an-

861 1243 983 1324 geli
1017 1261 1141 1306 non
1174 1244 1253 1305 sit
1286 1244 1549 1307 forsitan
1580 1246 1737 1308 ratio
1766 1244 2354 1326 exsistendi‘ipsum

862 1341 928 1402 in
966 1341 1102 1404 loco
1131 1342 1329 1424 (quod
1367 1344 1446 1405 ad
1487 1363 1764 1424 praesens
1808 1362 1934 1405 non
1977 1343 2352 1418 determino,

862 1457 1069 1520 neque
1100 1440 1405 1514 sustine0,
1427 1460 1545 1503 nec
1575 1441 1895 1522 defendo),
1914 1448 2160 1522 oportet
2193 1461 2358 1522 quae-

861 1557 999 1600 rere
1028 1538 1270 1620 aliquid
1300 1540 1473 1602 aliud
1505 1541 1673 1622 quod
1704 1541 1788 1602 sit
1819 1540 1978 1602 ratio
2009 1540 2354 1602 exsistendi

860 1637 1156 1718 angelum
1199 1637 1411 1720 ipsum
1453 1639 1518 1700 in
1561 1639 1715 1701 loco.
1753 1640 1822 1701 In
1854 1656 1981 1720 quo
2010 1637 2167 1700 alios
2205 1638 2355 1699 mal-

860 1736 986 1798 lem
1030 1737 1272 1810 audire,
1314 1757 1506 1818 quam
1554 1737 1795 1820 aliquid
1845 1737 2091 1816 dicere3
2132 1745 2355 1819 estque

2467 753 2550 815 sit
2598 772 2735 814 eam
2787 771 2926 815 esse
2975 752 3234 826 alicubi,
3287 771 3414 814 non
3474 771 3790 833 nusquam
3843 769 3974 814 nec

2469 851 2708 933 ubique
2739 869 2756 930 ,ε
2791 871 2932 933 quae
2976 851 3271 914 limitatio
3313 851 3589 933 pertinet
3624 851 3703 912 ad
3743 849 3976 933 praedi-

2468 957 2830 1012 camentum
2882 952 3020 1020 ubi,
3070 957 3425 1012 etcertum
3483 956 3578 1011 est
3625 968 3766 1011 eam
3823 968 3976 1011 esse

2468 1068 2582 1131 per
2620 1048 3038 1112 substantiam
3085 1049 3150 1111 in
3192 1048 3477 1131 qualibet
3513 1055 3801 1110 creatura
3843 1047 3975 1110 sub

2467 1146 2817 1228 quantitate
2847 1156 3196 1221 extensam,
3228 1147 3328 1209 vel
3369 1147 3490 1208 sub
3522 1146 3764 1208 ratione
3801 1165 3976 1228 pun-

2467 1248 2552 1310 cti
2581 1247 2988 1310 intellectam.
3024 1248 3234 1321 Porro‚
3269 1248 3436 1328 quod
3473 1246 3682 1309 omnis
3721 1254 3976 1308 creatu-

2467 1365 2536 1408 ra
2592 1345 2850 1407 differat
2907 1365 2944 1406 a
2991 1346 3118 1407 Deo
3176 1363 3288 1427 per
3347 1345 3621 1426 primam
3680 1343 3975 1405 limitati·

2465 1461 2676 1517 onem,
2729 1444 2896 1506 clare
2956 1443 3321 1526 conspici03
3372 1444 3689 1524 quomodo
3745 1450 3974 1504 autem

2465 1560 2724 1604 necesse
2769 1542 2852 1603 sit
2893 1559 3149 1604 omnem
3199 1548 3552 1603 creaturam
3601 1541 3835 1603 distare
3878 1548 3977 1603 at-

2465 1659 2589 1721 que
2639 1639 2900 1702 differre
2949 1660 2985 1702 a
3034 1640 3160 1702 Deo
3209 1659 3323 1722 per
3373 1639 3816 1702 limitationem
3869 1659 3972 1702 se·

2465 1739 2762 1812 cundam,
2805 1745 2868 1800 et
2915 1757 2996 1800 an
3048 1737 3344 1799 limitatio
3392 1737 3598 1819 prima
3645 1737 3728 1799 sit
3773 1757 3974 1801 causa

858 1835 1057 1896 tutius
1090 1834 1246 1897 mihi
1279 1836 1344 1897 in
1377 1837 1699 1918 proposito
1732 1835 2017 1918 profiteri
2054 1854 2153 1898 me
2187 1835 2356 1916 igno·
2385 1833 2432 1895 B
2466 1837 2759 1899 secundae
2791 1836 2996 1908 istiuS,
3032 1837 3274 1917 ignoro,
3307 1854 3424 1897 nec
3457 1837 3534 1898 de
3566 1835 3685 1897 hoc
3718 1835 3968 1917 aliquid

861 1951 998 1994 rare
1046 1932 1201 2015 quid
1259 1933 1488 2007 dicam,
1541 1953 1733 2015 quam
1792 1934 2034 2016 aliquid
2084 1934 2161 1995 de
2213 1951 2355 1995 meo

861 2029 1200 2092 indiscrete
1259 2029 1564 2111 ingerere.
1617 2030 1776 2103 Quid
1826 2031 1999 2092 enim
2060 2030 2218 2091 illud
2273 2030 2355 2091 sit

858 2128 1094 2202 nescio,
1128 2128 1253 2190 nisi
1284 2127 1445 2190 forte
1475 2129 1761 2191 dicamus
1793 2128 2215 2190 substantiam
2244 2149 2352 2190 an-

856 2227 981 2308 geli
1026 2226 1163 2289 sine
1210 2226 1575 2310 operatione
1618 2247 1755 2291 esse
1802 2229 1866 2290 in
1912 2227 2069 2302 loc0,
2108 2227 2351 2290 scilicet

857 2345 971 2406 per
1015 2326 1373 2406 passionem
1419 2344 1611 2407 quam
1662 2327 1725 2388 in
1770 2345 1837 2388 se
1880 2326 2109 2408 recipit
2146 2346 2182 2388 a
2222 2343 2354 2388 cor-

856 2421 1179 2505 poralibus
1219 2423 1409 2486 rebus
1450 2443 1591 2506 quae
1631 2432 1777 2486 sunt
1818 2425 1884 2487 in
1925 2425 2085 2497 1060,
2118 2431 2190 2485 ut
2230 2424 2351 2486 dae-

857 2540 1076 2584 mones
1107 2521 1187 2585 ab
1218 2523 1363 2603 igne
1393 2522 1703 2595 infernali,
1721 2531 1981 2604 propter
2003 2523 2173 2604 quod
2204 2530 2351 2584 sunt

856 2621 922 2682 in
953 2621 1225 2694 inferno,
1262 2621 1369 2683 ubi
1403 2621 1567 2702 ignis
1610 2621 1715 2683 ille
1748 2631 1860 2684 est.
1898 2622 2016 2684 Sed
2054 2621 2246 2694 istud,
2283 2629 2352 2682 ut

855 2720 1063 2794 cred0,
1097 2719 1257 2781 nihil
1292 2720 1368 2781 ad
1402 2721 1835 2802 quaestionem.
1862 2718 2143 2802 AEqualis
2177 2719 2350 2781 enim

854 2836 1030 2881 error
1075 2817 1235 2880 forte
1280 2817 1694 2898 judicabitur,
1746 2818 2164 2880 substant-iam
2223 2836 2351 2880 non

854 2935 993 2979 esse
1029 2915 1093 2978 in
1134 2916 1273 2978 loco
1311 2917 1449 2978 sine
1491 2917 1804 2998 passione,
1839 2916 2003 2979 sicut
2034 2916 2173 2978 sine
2203 2934 2352 2997 ope-

2464 1934 2661 1996 doceo
2704 1942 2813 1996 aut
2854 1934 3130 1998 affirmo.
3167 1935 3437 2016 Haecque
3484 1932 3702 1995 induxi
3749 1940 3821 1994 ut
3871 1934 3966 1995 rei

2462 2030 2912 2094 difficultatem
2974 2031 3388 2105 insinuarem,
3439 2039 3502 2092 et
3550 2031 3829 2112 aliquem
3885 2032 3970 2094 ad

2461 2130 2602 2210 ejus
2633 2130 3120 2193 declarationem
3161 2130 3254 2192 sic
3295 2147 3724 2212 provocarem.
3760 2129 3834 2190 Et
3866 2149 3968 2192 se-

2461 2229 2742 2290 cundum
2782 2229 2914 2309 jam
2954 2229 3144 2303 dicta,
3178 2229 3321 2291 dico
3361 2229 3532 2310 quod
3571 2228 3833 2308 angelus
3869 2249 3968 2291 se-

2463 2328 2743 2389 cundum
2790 2327 3207 2390 substantiam
3253 2346 3434 2389 suam
3477 2325 3667 2389 habet
3711 2346 3849 2390 esse
3896 2327 3964 2390 in

2463 2425 2600 2487 loco
2635 2443 2649 2486 :
2683 2432 2745 2487 et
2789 2425 2983 2506 hujus
3025 2425 3186 2488 ratio
3229 2433 3434 2508 potest
3477 2444 3638 2498 esse,
3673 2425 3772 2488 vel
3815 2444 3970 2509 ope—

2462 2523 2621 2585 ratio
2668 2524 2830 2604 ejuS,
2876 2525 2977 2587 vel
3030 2523 3324 2587 limitatio
3373 2543 3508 2596 sua,
3561 2532 3671 2586 aut
3717 2524 3966 2606 aliquid

2461 2620 2652 2683 aliud.
2689 2622 2863 2683 Unde
2894 2641 3094 2704 quum
3123 2631 3422 2705 operatur
3455 2621 3520 2683 in
3552 2621 3690 2684 loco
3723 2631 3966 2704 quanto

2459 2738 2532 2781 ac
2574 2738 2686 2799 per
2726 2720 2847 2781 hoc
2891 2720 3223 2793 divisibili,
3256 2739 3480 2782 verum
3521 2727 3618 2782 est
3655 2721 3824 2801 quod
3865 2730 3966 2784 est

2431 2818 2528 2880 -in
2571 2819 2708 2880 loco
2752 2838 2866 2900 per
2909 2838 3038 2882 suae
3082 2819 3501 2900 quantitatem
3545 2819 3823 2882 virtutis.
3857 2822 3966 2885 Ni-

2460 2917 2592 2980 hilo
2641 2918 2856 2978 minus
2908 2923 3118 2980 tamen
3167 2937 3361 2998 quum
3403 2925 3498 2979 est
3542 2918 3612 2980 in
3655 2918 3793 2981 loco
3831 2938 3961 2983 non

852 3015 1093 3077 ratione
1146 3034 1159 3078 :
1213 3015 1299 3076 ita
1346 3015 1515 3096 quod
1576 3014 1844 3076 intentio
1899 3013 2186 3096 episcopi
2243 3013 2347 3086 sit,
2386 3021 2429 3084 C
2460 3016 2801 3096 operand0,
2834 3016 2997 3077 bene
3037 3023 3413 3098 potestesse
3451 3016 3515 3077 in
3557 3015 3697 3078 loco
3735 3035 3963 3079 secun-

854 3113 1273 3176 substantiam
1313 3113 1521 3193 angeli
1565 3131 1704 3175 esse
1750 3113 1815 3175 in
1862 3113 2019 3186 loco,
2055 3113 2348 3195 quamvis

852 3212 1022 3274 circa
1052 3230 1283 3294 corpus
1326 3212 1522 3275 locale
1554 3212 1643 3273 nil
1676 3220 1994 3294 operetur,
2030 3231 2238 3292 neque
2267 3211 2347 3272 ab

853 3310 992 3392 ipso
1031 3311 1185 3392 quid
1228 3310 1532 3393 patiatur3
1574 3309 1625 3372 si
1667 3318 1877 3372 tamen
1924 3308 2227 3392 possibile
2267 3309 2350 3370 sit

852 3408 1021 3490 quod
1063 3408 1583 3490 nihifoperetur.

930 3507 1066 3569 Non
1125 3513 1317 3568 restat
1364 3523 1513 3587 ergo
1570 3505 1695 3568 nisi
1755 3504 2049 3567 limitatio
2106 3511 2348 3567 naturae

849 3603 1172 3685 angelicae,
1223 3604 1324 3667 vel
1384 3604 1547 3666 forte
1604 3604 1757 3686 quid
1815 3604 2010 3676 aliud,
2071 3603 2347 3664 maxime

850 3710 1062 3765 tamen
1113 3702 1428 3777 limitatio,
1471 3709 1542 3764 ut
1577 3723 1654 3765 ex
1697 3703 1817 3766 hoc
1860 3703 2027 3784 quod
2078 3702 2348 3763 limitata

848 3807 945 3862 est
989 3808 1212 3863 natura
1258 3800 1488 3881 angeli,
1530 3807 1815 3883 oporteat
1857 3800 2027 3881 quod
2078 3799 2215 3880 ipse
2265 3798 2348 3860 sit

847 3898 1084 3962 alicubi
1144 3899 1212 3961 in
1272 3898 1570 3962 universo
1628 3898 1960 3981 corporali,
2012 3917 2139 3960 non
2201 3917 2347 3959 nus-

846 4018 1038 4082 quam
1083 4018 1201 4061 nec
1245 3998 1506 4080 ubique,
1540 3999 1833 4079 quamvis
1877 4015 2002 4058 uon
2047 3996 2344 4058 determi-

846 4105 989 4160 nate
1044 4099 1150 4160 hic
1207 4105 1316 4160 aut
1374 4097 1484 4159 ibi.
1538 4097 1989 4158 Verumtamen
2048 4095 2204 4176 quid
2262 4095 2344 4156 sit

2461 3115 2612 3176 dum
2675 3113 3092 3175 substantiam
3155 3133 3332 3175 suam
3395 3132 3510 3196 per
3564 3113 3738 3176 aliud
3788 3117 3961 3197 quod

2462 3211 2633 3273 illius
2683 3218 2779 3273 est
2828 3212 3008 3284 ratio,
3054 3211 3200 3272 licet
3251 3229 3376 3273 non
3428 3211 3494 3273 in
3543 3211 3855 3274 divisibili
3899 3221 3962 3275 et

2459 3317 2718 3391 quant0,
2757 3310 2867 3371 sed.
2918 3309 2981 3371 in
3032 3309 3311 3390 simplici
3356 3316 3420 3371 et
3463 3308 3865 3386 indivisibili,
3897 3319 3960 3373 et

2459 3407 2622 3470 forte
2664 3409 2855 3470 etiam
2900 3407 2964 3469 in
3007 3415 3244 3489 quanto
3281 3427 3354 3470 ac
3393 3407 3700 3470 divisibili
3745 3429 3759 3472 :
3803 3428 3958 3491 quo-

2461 3506 2647 3568 modo
2686 3513 2921 3578 tamen,
2959 3514 3021 3568 et
3061 3505 3126 3566 in
3169 3513 3408 3588 quanto
3450 3505 3610 3579 1060,
3645 3514 3820 3589 puta,
3854 3527 3958 3590 pe·

2459 3603 2585 3666 dali
2634 3611 2742 3665 aut
2790 3603 3091 3685 bipedali,
3145 3603 3370 3683 majori
3420 3604 3523 3666 vel
3581 3603 3836 3681 minori,
3888 3607 3955 3668 in

2458 3701 2736 3784 simplici
2788 3701 2887 3764 vel
2947 3701 3278 3776 divisibili,
3334 3709 3404 3763 ut
3449 3721 3673 3765 verum
3732 3703 3954 3777 fatear,

2457 3801 2692 3862 nescio.
2735 3836 2816 3845 -—
2854 3800 2996 3862 Haec
3038 3799 3365 3862 HenricuS.

2525 3899 2720 3979 Cujus
2752 3899 3080 3980 responsio
3111 3899 3318 3980 prima
3347 3918 3549 3980 usque
3579 3899 3656 3961 ad
3689 3899 3752 3961 id
3785 3901 3956 3981 quod

2455 4005 2694 4059 tactum
2733 4003 2828 4060 est
2858 3997 2936 4059 de
2973 3998 3242 4060 articulo
3281 3997 3534 4060 Parisiis
3577 3998 3956 4061 condemna-

2454 4104 2538 4170 to,
2574 4096 2725 4158 satis
2757 4096 3095 4158 concordat
3136 4095 3532 4177 responsioni
3564 4096 3820 4159 Thomae
3853 4117 3956 4159 su-

846 4196 1004 4258 illud
1050 4215 1162 4279 per
1202 4196 1372 4276 quod
1413 4194 1677 4274 angelus
1722 4195 1808 4256 ita
1849 4193 1931 4256 sit
1977 4195 2041 4255 in
2088 4193 2247 4266 1000,
2281 4201 2341 4255 et
2373 4198 2424 4261 D
2455 4215 2568 4277 pra
2607 4195 2914 4277 primum,
2947 4194 3358 4256 distinctione
3397 4194 3720 4256 tricesima
3757 4197 3952 4278 sept-i-
4039 4223 4152 4260 tom.
4177 4216 4252 4259 xx.

845 4293 999 4376 quid
1048 4295 1131 4356 sit
1174 4294 1237 4355 in
1286 4311 1361 4356 eo
1410 4293 1651 4355 ratione
1702 4293 1887 4373 cujus
1936 4293 2019 4354 sit
2063 4292 2126 4353 in
2181 4291 2340 4364 loco,

846 4391 981 4454 sive
1024 4391 1106 4453 sit
1151 4391 1288 4473 ipsa
1330 4399 1571 4454 naturae
1616 4390 1932 4465 limitatio,
1965 4390 2099 4452 sive
2143 4389 2339 4460 aliud,

848 4509 1069 4552 revera
1109 4489 1346 4570 ignoro.
1382 4490 1674 4551 Attamen
1716 4488 1878 4552 bene
1910 4489 2165 4551 credere
2202 4507 2342 4569 pos-

846 4608 1012 4661 sum,
1046 4589 1215 4670 quod
1260 4587 1342 4650 sit
1386 4588 1521 4669 ipsa
1564 4607 1692 4650 suae
1736 4595 1974 4650 natura>
2024 4586 2340 4660 limitatio,

847 4687 1135 4768 quamvis
1166 4705 1293 4749 non
1320 4685 2011 4767 intelligam,quatenus
2036 4685 2348 4746 credendo

849 4785 1203 4866 intelligere
1251 4784 1518 4857 valeam,
1570 4803 1767 4866 quum
1830 4784 2139 4864 scriptum
2200 4782 2280 4844 sit
2325 4801 2338 4845 ε

846 4883 978 4946 Nisi
1026 4882 1445 4955 credideritis,
1488 4901 1613 4944 non
1668 4881 2052 4962 intelligetis
2086 4882 2346 4943 Verum-

848 4989 1060 5044 tamen
1095 4982 1228 5044 scio
1257 4980 1581 5063 duplicem
1612 4999 1749 5042 esse
1782 4988 2084 5043 creaturae
2115 4979 2345 5042 limita-

850 5080 1088 5143 tionem
1122 5097 1137 5142 :
1174 5098 1367 5142 unam
1414 5079 1475 5140 in
1522 5098 1635 5140 sua
1678 5078 1953 5140 essentia
1996 5086 2058 5140 et
2096 5086 2342 5150 natura,

848 5197 975 5260 qua
1013 5179 1079 5240 in
1120 5197 1235 5240 sua
1272 5177 1663 5259 perfectione
1693 5186 1756 5238 et
1786 5176 1999 5258 specie
2036 5184 2132 5238 est
2163 5175 2348 5238 finita

849 5283 911 5338 et
940 5275 1231 5339 terminis
1266 5275 1454 5337 certis
1489 5281 1818 5354 contenta3
1858 5273 2047 5336 aliam
2079 5293 2223 5356 quae
2252 5282 2348 5336 est

2455 4312 2578 4366 ma,
2609 4293 2901 4355 inductae.
2929 4291 3005 4352 Et
3037 4292 3219 4353 multi
3251 4291 3538 4355 doctores
3567 4292 3952 4356 parisienses
3981 4279 4254 4333 ⁹⁴⁵⁰C⁰¹⁵

2453 4389 2700 4471 antiqui
2744 4397 3080 4452 senserunt
3121 4390 3262 4463 hoc,
3303 4390 3846 4472 quemadmodum
3889 4400 3951 4453 et

2451 4487 2770 4562 Albertus,
2822 4495 2892 4548 ut
2941 4487 3145 4570 patuit
3191 4507 3383 4568 supra
3439 4488 3746 4570 primum,
3799 4509 3951 4571 prae-
3981 4511 4266 4568 imaum&

2453 4586 2672 4647 sertim
2714 4586 2808 4647 illi
2850 4586 2958 4667 qui
3000 4586 3329 4648 dominum
3362 4586 3756 4668 Stephanum
3799 4608 3952 4670 prae-
3981 4578 4034 4616 ‘²²
4055 4589 4098 4617 Β·

2455 4692 2799 4747 cesserunt.
2853 4684 3200 4748 Richardus
3249 4702 3420 4758 ver0,
3464 4685 3682 4747 Petrus
3733 4694 3798 4748 et
3841 4687 3950 4749 alii

2457 4781 2638 4843 multi
2691 4781 3096 4843 consentiunt
3146 4782 3486 4862 Stephano,
3540 4785 3950 4864 quemadmo-

2455 4881 2606 4942 dum
2639 4887 2701 4941 et
2731 4879 3040 4941 Henricus
3079 4880 3145 4941 in
3183 4880 3408 4942 ultima
3442 4881 3561 4943 ista
3597 4883 3951 4964 responsio—

2455 4997 2554 5040 ne.
2589 4978 2801 5040 Nihilo
2834 4978 3046 5040 minus
3077 4978 3337 5060 quidam
3369 4979 3774 5060 posterioreS,
3801 5001 3954 5064 prae-

2457 5077 2674 5139 sertim
2707 5094 2834 5139 non
2863 5077 3267 5151 ParisienseS,
3297 5078 3520 5158 primae
3551 5080 3952 5159 responsioni

2455 5174 2796 5248 adhaerent,
2831 5182 2893 5236 et
2936 5175 3012 5237 de
3055 5175 3716 5238 excommunicatione
3768 5176 3877 5239 illa
3916 5197 3952 5240 a

2461 5273 2780 5356 Stephano
2813 5273 2977 5335 facta
3017 5291 3144 5336 non
3178 5281 3424 5348 curant,
3458 5273 3746 5338 dicentes
3783 5277 3946 5359 quod
