4334 6242
877 481 957 545 96

1578 500 1642 547 tN
1682 502 1905 548 Lmnnn
1946 502 1991 547 11
2032 500 2514 548 SENTENTIARUM.
2559 520 2640 531 --
2679 502 2832 549 msr.
2880 504 2941 567 13
2985 505 3208 561 QUAEST.
3255 506 3318 551 vl

960 670 1149 732 Porro
1189 668 1549 751 philosophi
1593 671 1703 751 qui
1739 672 2037 733 dixerunt
2068 672 2378 733 mundum
2411 670 2462 733 A
2495 670 2948 753 regionemque
2991 672 3395 734 tenebrarum
3439 674 3504 735 in
3545 674 3802 736 mundis
3843 674 4000 737 duo-

879 785 1017 829 esse
1066 768 1329 829 domum
1378 786 1489 829 seu
1542 768 1864 831 civitatem
1914 769 2380 831 habitaculum-

878 884 1003 947 que
1048 866 1312 928 deorum
1354 884 1427 928 ac
1473 867 1830 941 hominum,
1874 885 2001 929 non
2052 868 2380 930 irrationa-

879 963 1095 1025 biliter
1134 971 1283 1026 sunt
1325 964 1540 1039 locuti,
1575 966 1699 1027 nisi
1738 967 1909 1047 quod
1954 966 2214 1028 nomine
2254 966 2382 1029 dei-

878 1062 1024 1123 tatis
1058 1062 1240 1124 abusi
1279 1072 1447 1137 sunt,
1484 1083 1625 1146 quae
1656 1082 1781 1127 non
1820 1065 1943 1126 nisi
1982 1063 2093 1125 uni
2126 1081 2381 1126 summo

876 1178 949 1221 ac
980 1161 1187 1241 primo
1218 1161 1663 1225 universorum
1705 1163 2023 1246 principio
2055 1164 2373 1226 convenit.

878 1259 1161 1341 Denique
1207 1260 1349 1322 ideo
1390 1260 1687 1323 dixerunt
1734 1264 2045 1324 mundum
2093 1281 2233 1324 esse
2277 1264 2380 1324 ha-

879 1356 1251 1419 bitationem
1292 1359 1553 1421 deorum
1593 1367 1655 1421 et
1687 1359 2043 1433 hominum,
2079 1378 2206 1422 non
2246 1361 2379 1422 ani-

878 1455 1141 1517 malium
1206 1456 1693 1532 irrationalium,
1761 1459 2063 1539 quoniam
2130 1459 2240 1520 illa
2299 1459 2378 1520 ad

876 1554 1211 1617 hominum
1251 1555 1591 1617 utilitatem
1634 1564 1783 1618 sunt
1815 1555 1999 1631 facta,
2034 1558 2252 1639 sicque
2285 1558 2378 1619 ni-

878 1651 967 1713 hil
1008 1653 1173 1734 juris
1214 1662 1324 1716 aut
1370 1656 1790 1736 possessionis
1835 1656 2133 1718 convenit
2175 1656 2267 1717 eis
2313 1655 2377 1717 in

878 1753 1135 1815 mundo.
1170 1788 1251 1797 —
1279 1754 1406 1815 Nec
1435 1754 1662 1828 obstat,
1697 1756 1867 1836 quod
1898 1756 2188 1837 quaedam
2229 1762 2378 1816 sunt

2496 768 2638 841 buS‚
2675 777 2739 830 ut
2776 769 3006 849 legitur
3037 771 3102 832 in
3132 770 3404 853 epistola
3443 772 3767 835 Manichaei
3801 792 3998 855 quam

2492 867 2778 929 nominat
2819 868 3326 931 Fundamentum
3359 888 3374 933 :
3409 870 3520 951 qui
3558 888 3737 932 error
3779 888 3998 953 repro·
4027 888 4234 936 usonem
4286 910 4288 919 ·

2490 962 2674 1025 batus
2715 972 2812 1027 cst
2855 985 3066 1048 supra.
3101 967 3332 1040 Quarta
3372 976 3469 1030 est
3509 968 3996 1042 Pharisaeorum,

2489 1062 2598 1142 qui
2639 1063 3064 1143 dogmatizant
3102 1065 3300 1129 alium
3347 1066 3659 1127 mundum
3703 1066 3999 1129 futurum

2489 1169 2634 1241 post
2679 1160 2894 1235 istum,
2931 1162 2995 1223 iu
3044 1181 3171 1244 quo
3219 1163 3340 1245 ipsi
3387 1164 3454 1225 in
3497 1183 3688 1226 aurea
3728 1172 3793 1226 et
3825 1184 4002 1245 gem-

2493 1265 2659 1319 mata
2685 1259 3033 1321 Jerusalem
3072 1260 3470 1335 exsistenteS‚
3505 1262 3846 1325 clientulos
3889 1262 3999 1323 ha-

2491 1354 2733 1417 bebunt
2763 1357 3050 1436 gentium
3085 1377 3284 1440 reges,
3309 1368 3372 1421 et
3403 1360 3650 1441 reginas
3683 1360 3994 1422 nutrices.

2492 1452 2771 1517 Dicendo
2821 1462 3034 1517 autem
3086 1458 3398 1519 mundum
3443 1476 3582 1521 esse
3632 1476 3860 1534 unum,
3905 1458 3999 1519 di-

2437 1592 2448 1603 ,
2490 1550 2696 1613 cimus
2745 1560 2921 1614 extra
2980 1553 3192 1635 ipsum
3247 1574 3365 1617 nec
3418 1557 3626 1619 locum
3677 1575 3816 1619 esse
3877 1575 4001 1617 nec

2489 1658 2764 1732 tempuS,
2799 1652 2910 1713 sed
2939 1652 3134 1714 vitam
3173 1653 3442 1716 beatam.
3477 1691 3558 1700 —
3586 1655 3774 1717 Porro
3807 1675 3998 1716 mun-

2489 1748 2644 1809 dum
2675 1767 2813 1811 esse
2846 1768 3039 1811 unum
3070 1751 3362 1833 probavit
3391 1753 4002 1835 PhilosophuS‚quo-

874 1849 1233 1930 spiritualia
1276 1858 1338 1913 et
1382 1852 1846 1923 immaterialia,
1889 1852 2013 1914 alia
2052 1869 2204 1915 vero
2247 1871 2378 1916 cor·
2413 1851 2459 1914 B
2491 1846 2661 1908 niam
2705 1856 2798 1909 est
2843 1868 2920 1911 ex
2965 1857 3094 1913 tota
3134 1870 3248 1913 sua
3301 1852 3599 1931 maler583
3639 1860 3701 1914 θῑ
3743 1871 3994 1925 rursm,

876 1948 1135 2030 poralia,
1171 1970 1369 2031 quum
1410 1951 1627 2013 omnia
1667 1951 1941 2013 invicem
1984 1952 2111 2013 sint
2151 1968 2377 2013 conne-

875 2066 953 2110 xa
1001 2055 1189 2129 atque
1242 2049 1605 2112 coordinata
1650 2069 1687 2111 a
1736 2068 1990 2112 summo
2044 2069 2245 2131 usque
2298 2050 2375 2111 ad

876 2145 1197 2209 infimum.
1240 2147 1397 2209 Nam
1438 2155 1500 2208 et
1541 2147 1679 2229 ipse
1718 2148 1929 2220 hom0‚
1964 2148 2258 2230 quamvis
2299 2167 2376 2210 ex

874 2244 1191 2326 spirituali
1239 2254 1303 2306 et
1350 2246 1662 2327 corporali
1712 2246 2067 2309 substantia
2108 2254 2374 2319 constet,

872 2350 1152 2405 attamen
1201 2364 1366 2406 unus
1424 2352 1519 2407 est
1578 2353 1641 2406 et
1691 2364 1891 2406 unum
1949 2344 2372 2426 suppositum.

874 2478 955 2487 -—
1008 2442 1151 2505 Haec
1210 2443 1608 2506 Guillelmus.
1671 2444 1787 2517 Qui
1855 2443 2018 2506 libro
2078 2450 2377 2524 praetacto

875 2541 1370 2623 disputationem
1416 2542 1601 2603 istam
1652 2542 1897 2622 prolixe
1944 2542 2372 2623 prosequitur,

876 2639 1202 2720 probando
1260 2657 1387 2702 non
1437 2658 1575 2702 esse
1636 2640 1948 2702 mundum
1998 2647 2176 2701 extra
2235 2639 2378 2701 ulti-

876 2756 1046 2800 mam
1106 2737 1419 2818 sphaeram
1469 2738 1750 2800 universi
1809 2737 2017 2811 istim,
2070 2756 2189 2800 nec
2238 2757 2375 2800 esse

874 2836 1194 2917 regionem
1223 2836 1628 2899 'tenebrarum
1660 2845 1835 2897 extra
1867 2836 2037 2899 hunc
2070 2837 2378 2921 mundum

875 2943 1065 3017 prout
1112 2934 1435 2997 Manichaei
1486 2934 1836 3008 finxerunt,
1880 2934 2046 2996 sicut
2096 2936 2162 2996 in
2215 2934 2377 2996 libro

879 3032 989 3095 illo
1035 3033 1271 3115 poteris
1318 3032 1623 3095 invenire.

956 3131 1223 3212 Insuper
1255 3130 1553 3193 Alhcrtus
1594 3149 1721 3193 non
1764 3131 1828 3192 in
1870 3129 2120 3213 Scripto
2157 3150 2380 3193 secun-

875 3230 962 3303 di,
1005 3230 1115 3291 sed
1168 3229 1332 3293 libro
1378 3246 1493 3291 suo
1533 3230 1611 3291 de
1656 3229 1944 3302 Homine,
1987 3230 2063 3291 ad
2116 3229 2236 3291 hoc
2288 3248 2380 3291 re-

875 3328 1147 3409 spondet
1204 3327 1543 3409 quaesitum
1598 3347 1611 3390 :
1665 3327 1969 3389 Mundum
2020 3327 2378 3408 (inquiens)

876 3426 1150 3488 dicimus
1181 3444 1319 3488 esse
1350 3444 1717 3499 unum‚non
1750 3427 2089 3498 multoS‚ut
2119 3426 2378 3508 quidam

876 3522 1175 3585 dixerunt
1206 3523 1508 3595 haeretici,
1532 3542 1805 3605 quorum
1837 3529 2023 3587 sectae
2052 3530 2202 3585 sunt
2232 3543 2378 3605 qua-

876 3621 1241 3703 dripartitae.
1284 3621 1551 3695 Quidam
1601 3622 1773 3683 enim
1818 3622 2113 3684 dixerunt
2160 3621 2376 3685 infini—

875 3728 970 3782 tos
1014 3738 1154 3782 esse
1204 3721 1473 3783 mundos
1524 3740 1638 3802 per
1684 3720 2174 3783 successionem.
2218 3722 2376 3795 Quo-

874 3838 1019 3881 rum
1058 3827 1279 3882 auctor
1316 3819 1437 3881 fuit
1474 3819 1911 3901 Empedocles,
1945 3819 2163 3881 dicens
2203 3820 2372 3901 quod

874 3918 1191 4000 completo
1240 3936 1367 3980 uno
1418 3924 1592 3979 motu
1644 3916 1785 3980 coeli
1837 3918 2190 3979 secundum
2243 3936 2372 3980 mo-

872 4024 1009 4077 tum
1054 4015 1227 4078 orbis
1272 4015 1557 4089 decliviS‚
1600 4016 1817 4078 omnia
1860 4023 2264 4078 revertuntur
2307 4016 2374 4076 in

872 4114 1145 4195 primam
1187 4114 1561 4193 materiam;
1602 4123 1663 4176 ct
1700 4114 2045 4196 incipiente
2085 4114 2210 4177 alio
2250 4131 2376 4177 mo-

2489 1945 2790 2026 quoniam
2834 1948 3048 2009 omnia
3092 1966 3355 2031 corpora
3403 1950 3619 2029 gravia
3666 1968 3780 2013 seu
3826 1952 3998 2013 levia

2489 2053 2825 2106 moventur
2854 2046 2933 2107 ad
2965 2066 3166 2109 unum
3199 2048 3409 2111 locum
3442 2050 3938 2112 determinatum
3976 2068 3992 2111 :

2487 2140 2706 2223 sicque
2753 2143 2970 2205 omnia
3027 2162 3290 2227 corpora
3349 2147 3721 2210 naturaliter
3781 2168 3998 2212 move-

2488 2248 2707 2301 rentur
2752 2241 2832 2303 ad
2882 2250 3172 2305 centrum
3223 2252 3404 2307 terrai
3465 2246 3670 2319 istius,
3721 2254 3784 2307 et
3832 2247 3994 2309 alibi

2487 2338 2798 2401 violenter
2847 2340 3284 2404 detinerentur
3332 2363 3347 2406 z
3400 2344 3572 2425 quod
3627 2345 3836 2407 ordini
3901 2364 3996 2407 re-

2489 2455 2631 2497 rum
2689 2439 2960 2500 naturali
3019 2457 3146 2502 non
3198 2442 3516 2517 convenit,
3568 2460 3686 2504 nec
3733 2461 3995 2525 sempe-r

2487 2536 2762 2608 duraret,
2797 2555 2996 2617 quum
3037 2538 3288 2600 nullum
3327 2539 3678 2603 violentum
3724 2541 3808 2603 sit
3849 2561 3996 2623 per-

2488 2641 2772 2715 petuum.
2810 2635 2950 2699 Haec
2994 2636 3311 2700 Albertus.

2564 2732 2856 2814 Amplius
2900 2734 3169 2797 Thomas
3219 2734 3286 2798 in
3331 2736 3536 2819 prima
3585 2745 3762 2819 parte
3808 2739 3994 2801 Sum-

2489 2849 2628 2904 mae,
2687 2832 3036 2913 quaestione
3093 2836 3578 2916 quadragesima
3637 2837 3914 2918 septima
3973 2856 3990 2901 τ

2487 2929 2800 2992 Unitatem
2843 2931 3110 3013 (inquit)
3148 2934 3369 2994 mundi
3420 2934 3784 2997 manifestat
3829 2936 3994 2998 ordo
4079 2956 4210 2997 nrm.

2410 3029 2454 3093 C
2489 3026 2551 3088 in
2585 3027 2776 3090 rebus
2811 3029 3037 3091 creatis
3079 3031 3407 3093 exsistens
3443 3033 3712 3095 Mundus
3743 3034 3992 3117 quippe

2488 3126 2592 3187 hic
2622 3126 2857 3189 dicitur
2887 3148 3051 3189 unus
3085 3128 3323 3191 unitate
3355 3130 3991 3206 ordiniS‚secundum

2488 3225 2655 3305 quod
2709 3226 2999 3306 quaedam
3055 3226 3134 3289 ad
3189 3226 3316 3289 alia
3363 3228 3758 3291 ordinantur.
3812 3231 3992 3304 Quae-

2487 3342 2764 3405 cumque
2801 3342 2950 3387 vero
2979 3343 3016 3385 a
3046 3325 3174 3387 Deo
3213 3333 3382 3401 sunt,
3415 3328 3704 3389 ordinem
3744 3328 3989 3391 habent

2486 3421 2563 3482 ad
2610 3421 2885 3483 invicem
2933 3430 3123 3503 atque
3170 3424 3249 3485 ad
3299 3426 3522 3499 Deum,
3563 3426 3730 3487 sicut
3773 3436 3988 3489 osten·
4039 3448 4253 3503 cmxix.

2486 3538 2628 3581 sum
2691 3527 2787 3582 est
2843 3528 2906 3581 et
2961 3522 3116 3583 ordo
3175 3523 3420 3584 entium
3485 3524 3740 3585 indicat.
3805 3526 3986 3588 Unde
4015 3510 4252 3619 mgb-¹⁴⁷²

2485 3617 2901 3700 Philosophus
2946 3626 3355 3695 contestatur,
3397 3622 3566 3702 quod
3607 3623 3986 3687 universum

2486 3715 2757 3778 refertur
2815 3725 2878 3777 et
2939 3726 3342 3800 eomparatur
3401 3720 3480 3781 ad
3547 3720 3746 3781 Deum
3813 3721 3990 3784 sicut

2483 3814 2798 3876 exercitus
2829 3814 2906 3875 ad
2939 3814 3186 3877 militiae
3215 3816 3593 3899 principem.
3613 3817 3774 3879 Hinc
3804 3835 3994 3900 opor-

2486 3918 2572 3972 tet
2619 3920 2690 3972 ut
2737 3913 2953 3974 omnia
2997 3914 3076 3974 ad
3126 3932 3324 3975 unum
3383 3914 3741 3996 pertineant
3799 3936 3988 3979 mun-

2483 4011 2650 4072 dum.
2666 4011 2813 4073 Ideo
2843 4011 2934 4073 illi
2967 4020 3254 4092 poterant
3286 4013 3500 4094 plures
3533 4032 3768 4095 ponere
3803 4035 3990 4078 mun-

2482 4108 2616 4183 dos,
2677 4109 2786 4191 qui
2847 4128 3103 4171 causam
3163 4111 3384 4172 mundi
3442 4130 3569 4175 non
3629 4124 3988 4195 posuerunt

870 4220 940 4273 tu
971 4212 1138 4287 coeli,
1174 4222 1624 4293 regenerantur
1662 4212 1786 4273 alia
1828 4230 2093 4273 numero
2123 4213 2368 4286 eadem,
2405 4215 2452 4278 D
2481 4206 2759 4289 aliquam
2817 4208 3194 4289 sapientiam
3244 4210 3665 4284 ordinantem,
3717 4212 3828 4273 sed
3877 4232 3986 4275 ca-

871 4318 935 4372 et
965 4310 1192 4391 incipit
1230 4310 1393 4372 alius
1434 4310 1711 4371 mundus
1753 4308 2051 4387 inferior3
2094 4310 2370 4391 complc-

873 4418 1103 4490 turque
1135 4416 1343 4471 motus
1381 4408 1487 4470 ille
1518 4408 1663 4469 coeli
1700 4408 2053 4469 secundum
2094 4407 2370 4469 fixarum

874 4516 1082 4570 motus
1143 4507 1470 4570 stellarum
1530 4506 1611 4567 ab
1661 4505 1990 4568 occidente
2052 4504 2115 4566 in
2166 4505 2370 4567 orien-

872 4612 1024 4680 tem,
1058 4624 1186 4688 quo
1218 4611 1393 4667 motu
1435 4612 1773 4665 moventur
1814 4602 2080 4684 planetae
2110 4604 2371 4685 proprio

870 4714 1049 4767 motu
1084 4722 1098 4767 :
1131 4703 1509 4785 completur,
1545 4702 1829 4783 inquam,
1865 4701 1929 4762 in
1962 4702 2222 4781 triginta
2259 4722 2369 4765 sex

872 4804 1159 4866 millibus
1215 4801 1438 4880 annis3
1488 4808 1550 4861 et
1605 4806 1831 4862 vocant
1890 4798 2008 4860 hoc
2066 4799 2365 4880 spatium,

870 4920 1171 4982 magnum
1229 4917 1490 4961 annum.
1542 4896 1683 4959 Alia
1738 4904 1909 4959 secta
1964 4896 2146 4970 dixit,
2199 4898 2368 4977 quod

868 5006 1019 5061 sunt
1048 4997 1271 5059 mundi
1312 4995 1574 5068 infiniti,
1609 5012 1737 5056 uno
1767 5004 1944 5056 extra
1978 4993 2180 5075 alium
2209 4995 2370 5056 exsi-

868 5104 1072 5159 stente
1108 5113 1121 5157 :
1154 5114 1347 5177 quam
1392 5092 1756 5174 reprobavit
1784 5090 2202 5173 Philosophus
2245 5092 2370 5173 pri-

868 5213 975 5259 mo
1014 5194 1168 5259 Coeli
1213 5200 1276 5255 et
1322 5192 1564 5253 mundi.
1609 5190 1816 5252 Tertia
1863 5199 2035 5252 secta
2082 5189 2208 5251 fuit
2247 5191 2370 5253 Ma-

867 5295 1279 5365 nichaeorum,
1351 5288 1727 5372 ponentium
1800 5287 2122 5369 regionem
2200 5288 2364 5350 lucis

2481 4325 2624 4367 sum
2660 4326 2673 4370 :
2708 4306 2867 4367 sicut
2902 4307 3321 4381 DemocrituS,
3355 4308 3464 4389 qui
3501 4309 3684 4383 dixit,
3717 4328 3794 4372 ex
3829 4329 3983 4374 con-

2481 4422 2672 4466 cursu
2715 4414 3070 4468 atomorum
3117 4406 3354 4468 factum
3398 4425 3537 4469 esse
3581 4407 3752 4469 hunc
3799 4429 3987 4471 mun-

2479 4503 2655 4577 dum,
2705 4513 2769 4566 et
2813 4503 2971 4567 alios
3030 4505 3337 4568 infinitos
3391 4505 3606 4587 ltaque
3657 4507 3816 4569 ratio
3863 4526 3988 4571 cur

2481 4603 2755 4664 mundus
2785 4611 2882 4665 est
2913 4611 3209 4678 unus‚est
3239 4602 3540 4684 quoniam
3573 4612 3819 4685 oportet
3848 4623 3990 4669 om·

2479 4699 2584 4761 nia
2621 4718 2759 4761 esse
2797 4700 3085 4763 ordinata
3119 4702 3340 4763 ordine
3382 4718 3509 4763 uno
3538 4710 3602 4764 et
3631 4703 3709 4765 ad
3751 4723 3978 4767 unum.

2478 4798 2636 4859 Hinc
2684 4799 3061 4861 duodecimo
3107 4799 3568 4882 M'etaphysicae,
3613 4820 3690 4863 ex
3733 4802 3982 4866 unitate

2476 4896 2718 4958 ordinis
2747 4898 3110 4959 exsistentis
3153 4898 3217 4959 in
3258 4898 3448 4959 rebus
3484 4899 3808 4961 concludit
3836 4900 3984 4963 Phi-

2478 4993 2779 5075 losophus
2844 4995 3152 5057 unitatem
3215 4995 3325 5057 Dei
3387 4995 3847 5075 gubernantis3
3909 5007 3982 5060 et

2475 5092 2646 5155 Plato
2684 5110 2762 5154 ex
2801 5093 3044 5155 unitate
3081 5094 3463 5176 exemplaris
3504 5094 3728 5176 probat
3766 5095 3980 5159 unita-

2475 5198 2602 5253 tem
2651 5192 2872 5254 mundi
2913 5192 3093 5274 quasi
3137 5192 3500 5275 exemplati.
3533 5228 3612 5239 --
3647 5194 3710 5257 Si
3753 5204 3976 5259 autem

2475 5290 2835 5371 objiciatur,
2869 5291 3037 5372 quod
3085 5290 3314 5354 melius
3363 5298 3528 5354 esset
3569 5309 3708 5354 esse
3749 5292 3976 5374 plures
