4334 6242
1133 491 1409 538 Erimus-3
1455 489 1920 536 Dls'rlchloNt’M
1965 489 2122 534 unm
2165 490 2207 534 11
2252 488 2715 534 SENTENTIARFM
3392 464 3469 528 15

352 663 690 732 peccatum.
739 661 884 716 Hinc
929 659 1038 717 suit
1083 660 1348 716 voluntas
1405 661 1502 716 illa
1554 663 1710 715 recta
1763 675 1866 732 per
1893 659 1946 721 A
1974 661 2076 714 ter.
2095 659 2257 715 Unde
2288 661 2461 730 patet,
2486 675 2586 730 per
2615 661 2915 730 peccatum
2946 655 3315 714 vulneratum
3346 671 3470 711 esse

353 749 506 803 mali
544 749 888 805 carentiam.
925 751 1038 806 Nec
1075 749 1355 821 sequitur,
1389 751 1495 805 Per
1531 766 1660 806 eam
1707 748 1862 803 malo

351 838 632 894 resistere
689 839 892 910 potuit,
932 855 1070 911 crgo
1125 843 1182 895 et
1231 839 1441 896 mereri
1457 857 1472 904 ;
1521 854 1702 910 quum
1753 837 1864 892 hoc

351 927 556 998 ipsum
597 929 882 992 resistere,
913 928 989 983 sit
1027 928 1256 984 mereri.
1291 929 1406 984 Hoc
1445 928 1600 983 enim
1645 944 1758 982 non
1803 927 1862 982 in

353 1015 556 1086 primo
613 1016 870 1081 homine,
918 1019 1020 1073 sed
1073 1016 1132 1071 in
1186 1017 1354 1074 nobis
1409 1019 1580 1078 tenet,
1631 1015 1730 1088 qui
1787 1017 1859 1070 ad

357 1104 590 1160 malum
630 1105 947 1162 incitamur
979 1125 990 1160 :
1024 1108 1178 1178 quod
1219 1107 1278 1161 in
1322 1105 1668 1162 innocentiae
1709 1107 1863 1160 statu

355 1209 476 1250 non
505 1193 634 1250 t'uit.
661 1195 791 1251 Fuit
818 1198 1012 1251 autem
1044 1195 1330 1252 auxilium
1363 1196 1487 1258 hoc,
1507 1194 1696 1266 ipsum
1731 1194 1866 1248 libe-

353 1300 493 1339 rum
533 1283 848 1340 arbitrium
888 1285 1076 1356 gratia
1112 1285 1403 1357 adjutum,
1437 1287 1592 1356 quod
1622 1283 1860 1356 quidem

352 1377 442 1426 cst
473 1371 724 1428 facultas
743 1373 1056 1429 voluntatis
1083 1376 1140 1430 et
1170 1373 1409 1429 rationis
1434 1391 1446 1428 ε
1471 1389 1586 1445 quo
1609 1376 1666 1428 et
1692 1374 1862 1428 bruta

354 1467 578 1524 carent.
613 1479 744 1534 quae
780 1480 1014 1519 sensum
1057 1466 1286 1519 tantum
1329 1464 1548 1519 habent
1581 1467 1636 1518 et
1665 1480 1864 1518 sensu-

351 1549 576 1606 alitatis
615 1553 962 1623 appetitum.
1003 1553 1150 1607 Nam
1195 1552 1258 1608 id
1299 1554 1455 1624 quod
1494 1568 1628 1608 cum
1677 1552 1861 1608 brutis

352 1657 676 1696 commune
705 1641 1009 1701 habemus.
1041 1658 1145 1714 per
1173 1642 1456 1698 rationem
1488 1640 1860 1698 excedimus:

351 1745 490 1800 quae
535 1733 594 1785 et
642 1729 700 1784 in
749 1730 1074 1802 portionem
1121 1731 1481 1802 superiorem
1527 1735 1582 1786 et
1629 1730 1862 1786 inferio-

1974 749 2221 805 liberum
2263 749 2571 805 arbitrium
2604 751 2795 820 quoad
2836 747 3142 812 naturalia,
3173 749 3229 802 et
3266 745 3473 818 spolia-

1973 842 2098 894 tum
2131 840 2324 910 quoad
2366 839 2617 909 gratuita
2648 855 2661 893 z
2693 854 2727 894 a
2755 837 2964 910 quibus
3002 836 3127 891 sine
3167 835 3351 908 gratia
3388 852 3474 891 re-

1975 927 2166 1000 parari
2223 943 2339 983 non
2397 930 2599 998 potest,
2650 927 2801 983 sicut
2852 927 2909 982 in
2962 925 3141 980 simili
3198 929 3355 998 patet
3400 928 3470 982 dc

1973 1017 2181 1078 occiso.
2215 1017 2353 1087 quia
2392 1016 2670 1088 implicat.
2702 1017 2799 1071 Est
2836 1019 3029 1070 autem
3066 1013 3275 1086 triplex
3305 1015 3473 1070 liber-

1973 1108 2080 1168 tas,
2112 1105 2335 1161 seilicet
2366 1123 2379 1161 :
2410 1123 2445 1162 a
2483 1105 2798 1168 coactione,
2840 1121 2969 1184 quoe
3008 1107 3209 1159 manet
3247 1104 3470 1159 homini

1973 1211 2235 1266 semper;
2277 1199 2331 1250 et
2370 1212 2405 1250 a
2442 1194 2697 1258 miseria,
2728 1197 2785 1250 ct
2820 1194 2968 1250 hanc
3007 1193 3331 1249 libertatem
3370 1193 3470 1250 ha-

1973 1284 2100 1340 huit
2129 1284 2187 1339 iu
2218 1287 2371 1339 statu
2413 1284 2603 1356 primo
2643 1287 2699 1340 et
2736 1283 2971 1340 habebit
3010 1282 3068 1338 in
3106 1281 3321 1354 gloria;
3352 1286 3409 1338 et
3436 1299 3472 1338 a

1975 1376 2226 1444 peccato,
2261 1391 2437 1446 quam
2484 1390 2583 1445 per
2612 1373 2859 1445 gratiam
2902 1372 3231 1444 assequitur
3268 1372 3327 1426 in
3356 1373 3465 1428 via.

1973 1462 2237 1518 Carentia
2272 1466 2467 1520 autem
2490 1463 2751 1535 justitiae,
2785 1478 2898 1516 non
2942 1461 3177 1518 libertas
3219 1463 3472 1542 sedser-

1971 1554 2122 1609 vitus
2152 1555 2235 1608 est
2276 1553 2541 1608 dicenda.
2576 1551 2850 1618 Quamvis
2888 1553 3083 1607 autem
3119 1555 3177 1607 et
3213 1568 3378 1622 posse
3408 1551 3468 1606 in

1973 1643 2193 1698 bonum
2222 1644 2279 1697 et
2317 1641 2561 1702 malum,
2596 1643 2908 1711 utrumque
2937 1639 3011 1693 sit
3040 1656 3073 1694 a
3106 1637 3287 1696 libero
3317 1639 3469 1694 arbi·
3531 1703 3541 1710 ·

1973 1731 2082 1792 trio
2101 1749 2115 1797 ;
2147 1735 2345 1786 tamen
2377 1731 2625 1786 alterum
2664 1730 2837 1785 habet
2872 1745 2941 1785 ex
2972 1746 3049 1794 se,
3083 1729 3341 1801 primum
3372 1746 3471 1785 au-

351 1835 480 1874 rem
534 1818 834 1882 dividitur,
867 1836 982 1875 non
1027 1820 1191 1891 quasi
1236 1822 1368 1876 duae
1409 1819 1526 1875 sint
1569 1820 1857 1892 potentiae,
1895 1813 1941 1874 B
1973 1825 2087 1876 tem
2143 1837 2179 1876 a
2225 1819 2426 1891 gratia,
2477 1819 2599 1875 sine
2649 1835 2763 1890 qua
2810 1819 2870 1873 in
2918 1819 3137 1874 bonum
3187 1834 3303 1874 non
3356 1817 3467 1873 nisi

351 1909 460 1964 sed
510 1913 748 1979 propter
790 1908 1064 1964 distincta
1113 1909 1384 1980 potentiae
1429 1909 1605 1964 unius
1650 1908 1858 1970 officia,

349 2013 488 2068 quoe
517 2000 675 2058 sunt,
701 1998 1002 2054 intendere
1032 1998 1281 2064 aeternis,
1301 2001 1357 2054 ct
1386 1998 1691 2069 disponere
1721 2003 1864 2054 tcm-

349 2085 599 2156 poralia.
639 2086 936 2158 Contingit
980 2090 1174 2143 autem
1236 2087 1292 2142 in
1342 2088 1510 2144 nobis
1557 2091 1858 2160 peecatum

347 2177 428 2230 ad
457 2174 649 2230 instar
677 2176 896 2247 peccati
935 2177 1262 2247 primorum
1307 2180 1633 2248 parentum,
1665 2179 1729 2233 ut
1756 2176 1863 2232 sci-

347 2264 488 2320 licet
517 2265 640 2320 vice
678 2265 962 2336 serpentis
1001 2265 1284 2322 habeatur
1316 2266 1681 2330 sensualitas,
1713 2266 1860 2321 ratio

351 2351 600 2409 inferior
631 2353 754 2408 vice
803 2353 1084 2416 mulieris,
1115 2357 1172 2410 et
1209 2353 1474 2425 superior
1514 2355 1640 2410 viri.
1677 2355 1860 2410 Motus

351 2459 494 2514 ergo
525 2441 746 2513 pcccati
777 2443 826 2497 si
855 2443 917 2498 in
951 2443 1073 2499 sola
1101 2443 1176 2498 sit
1213 2442 1604 2506 sensualitate,
1637 2443 1747 2500 erit
1772 2460 1862 2499 vc-

349 2531 546 2586 nialis.
589 2532 757 2596 Quod
795 2532 844 2586 si
885 2534 962 2588 ad
1005 2531 1362 2602 superiorem
1404 2531 1690 2588 rationem
1735 2549 1860 2603 per-

349 2619 566 2683 veniat,
613 2619 680 2674 fit
724 2618 970 2676 mortale
1011 2637 1024 2675 :
1065 2623 1121 2676 et
1149 2620 1256 2676 hoe
1301 2624 1390 2676 est
1433 2620 1622 2676 virum
1673 2637 1862 2677 come-

349 2711 512 2765 dere.
545 2709 603 2764 Si
633 2725 770 2764 vero
799 2709 856 2764 in
891 2709 1150 2766 inferiori
1180 2711 1272 2774 sit,
1306 2726 1412 2767 nec
1443 2711 1542 2768 diu
1574 2712 1856 2774 teneatur,

346 2801 454 2854 sed
483 2799 690 2854 statim
729 2798 1060 2870 repellatur,
1096 2804 1296 2856 manet
1321 2800 1562 2857 veniale.
1596 2803 1665 2855 At
1700 2799 1749 2854 si
1782 2799 1858 2855 ibi

348 2888 454 2944 diu
511 2887 840 2944 voluntarie
895 2891 1174 2952 teneatur,
1231 2889 1341 2945 erit
1397 2889 1535 2945 item
1593 2889 1856 2954 mortale,

347 2975 534 3031 etiam
571 2975 620 3030 si
659 2976 935 3047 perficere
970 2976 1116 3032 nolit
1146 2993 1158 3032 :
1191 2981 1248 3033 et
1285 2977 1393 3034 hoc
1431 2982 1518 3033 cst
1555 2979 1857 3035 comedere
1897 2971 1939 3034 C

352 3063 689 3120 mulierem.
739 3066 1172 3122 Advertendum
1221 3083 1450 3138 quoque
1498 3068 1654 3138 quod
1710 3066 1856 3123 ratio

347 3152 599 3209 inferior
632 3156 984 3226 quandoque
1024 3171 1126 3226 pro
1169 3154 1294 3226 ipsa
1329 3155 1586 3212 sumitur
1625 3173 1859 3212 sensua-

348 3243 516 3299 litate
540 3244 732 3315 :quod
763 3241 916 3299 inter
941 3243 1253 3316 legendum
1285 3248 1549 3302 auctores
1577 3244 1856 3317 perpendi

349 3333 543 3387 debet.

349 3455 682 3513 Arbitrium,
717 3471 953 3507 summm
983 3461 1196 3520 partem
1231 3457 1466 3508 rationis
1497 3472 1794 3520 amoenam,

418 3527 546 3584 Quo
577 3526 730 3578 mala
756 3528 976 3585 vitaret,
1009 3529 1226 3592 primus
1258 3527 1497 3578 habebat
1526 3529 1712 3581 homo.

779 3769 1204 3832 DISTINCTIO
1255 3769 1430 3832 XXV.

399 3919 538 3982 Jam
569 3937 723 3981 vero
752 3919 830 3980 ad
863 3921 1260 4000 propositum
1299 3919 1651 3995 redeamuS,
1687 3929 1802 3983 etc.

1973 1911 2227 1966 multum
2260 1909 2527 1966 debiliter
2555 1912 2756 1981 potest.
2779 1907 2923 1964 Hinc
2952 1911 3010 1964 et
3036 1908 3283 1964 liberum
3315 1907 3467 1964 arbi-

1971 2000 2150 2057 trium
2184 2016 2286 2071 per
2313 2002 2613 2070 peccatum
2654 1999 3091 2071 quodammodo
3125 2001 3465 2070 corruptum

1973 2093 2059 2146 est
2105 2093 2162 2145 et
2211 2088 2614 2150 imminutum,
2663 2105 2731 2143 eo
2778 2089 2933 2160 quod
2981 2091 3115 2143 ante
3162 2090 3465 2159 peccatum

1974 2179 2159 2251 potuit
2186 2177 2310 2234 sine
2342 2176 2679 2233 difficultate
2713 2176 2929 2232 moveri
2965 2178 3037 2232 ad
3068 2177 3308 2240 bonum,
3342 2179 3469 2247 post

1972 2271 2166 2324 autem
2218 2283 2334 2323 non
2376 2267 2477 2322 sic.
2510 2267 2703 2338 Neque
2752 2266 2909 2322 enim
2960 2265 3195 2322 libertas
3244 2268 3468 2321 naturae

1971 2375 2074 2413 seu
2114 2375 2148 2412 a
2189 2357 2485 2413 coactione
2526 2355 2740 2412 sufficit
2774 2357 2850 2410 ad
2890 2357 3109 2412 bonum
3148 2358 3463 2427 agendum,

1972 2447 2084 2501 nisi
2134 2446 2321 2518 gratia
2362 2447 2739 2502 concurrente
2772 2461 2785 2501 ε
2824 2461 3031 2516 nempe
3076 2461 3193 2500 non
3240 2448 3329 2500 est
3371 2462 3467 2500 vo-

1972 2534 2143 2591 lentis
2183 2552 2288 2592 nec
2326 2534 2627 2598 currentiS,
2660 2537 2760 2591 sed
2799 2534 2897 2590 Dei
2938 2551 3041 2606 per
3068 2532 3313 2606 gratiam
3356 2533 3466 2589 mi—

1971 2624 2237 2680 serentis.

1971 2749 2199 2799 Arbitrii
2233 2749 2381 2799 soedo
2412 2748 2787 2813 pulcherrima
2816 2761 3051 2800 munera
3080 2748 3243 2813 lapsu

2035 2821 2206 2870 Primi
2240 2821 2501 2880 hominiS,
2527 2819 2767 2884 quodam
2806 2825 2939 2870 sunt
2970 2825 3243 2870 temerata
3278 2819 3461 2870 modo.

2380 3062 2803 3126 DISTINCTIO
2848 3062 3051 3124 XXVI.

2210 3208 2353 3271 Haec
2396 3215 2491 3269 est
2532 3207 2733 3288 gratia
2776 3223 3064 3288 operanS,
3102 3212 3220 3268 etc.

2100 3422 2395 3478 UPLlCEM
2436 3422 2585 3477 Deus
2619 3421 2866 3493 gratiam
2901 3420 3081 3476 libero
3119 3419 3341 3476 confert
3376 3438 3465 3478 ar-

2117 3509 2289 3568 bitrio
2312 3527 2325 3565 z
2349 3513 2683 3582 operantem
2714 3509 2950 3574 scilicet,
2971 3526 3087 3582 qua
3105 3509 3461 3566 voluntatem

1970 3604 2257 3673 praeparat
2293 3602 2359 3657 ut
2400 3601 2617 3656 bonum
2648 3599 2820 3664 velit;
2851 3602 2907 3655 et
2935 3603 3359 3671 cooperantem,
3392 3614 3463 3656 ne

1967 3688 2183 3746 frustra
2211 3691 2313 3744 sed
2342 3687 2719 3745 effectualiter
2744 3687 2898 3745 velit.
2932 3688 3078 3744 Hine
3107 3687 3259 3744 male
3289 3686 3465 3743 sentit

1967 3778 2291 3842 haereticus,
2323 3780 2533 3850 putans
2571 3777 2872 3834 hominem
2915 3793 3078 3848 posse
3116 3780 3173 3832 et
3199 3776 3342 3832 velle
3371 3777 3466 3832 bo·

1967 3886 2110 3925 num
2169 3867 2395 3940 operari
2442 3884 2511 3924 ex
2560 3865 2742 3924 libero
2786 3867 3028 3923 arbitrio
3074 3867 3199 3923 sine
3255 3866 3461 3939 gratia,

1967 3976 2148 4031 quum
2184 3957 2339 4014 dicat
2366 3957 2709 4028 Apostolus:
2733 3958 2855 4012 Non
2893 3960 2979 4012 est
3004 3955 3247 4012 volentis
3275 3972 3462 4028 neque

1966 4047 2271 4110 currentis,
2300 4049 2401 4102 sed
2440 4046 2767 4103 miserentis
2808 4045 2923 4101 Dei.
2957 4046 3153 4117 Neque
3186 4045 3342 4102 enim
3376 4045 3462 4101 id-

481 4133 624 4190 PUD
663 4133 1034 4206 philosophos
1073 4134 1320 4191 liberum
1367 4133 1674 4190 arbitrium
1712 4134 1856 4191 diei·
1885 4138 1934 4199 D
1966 4154 2034 4194 eo
2071 4137 2221 4194 Deus
2258 4135 2505 4208 aliquus
2544 4133 2866 4198 miseretur,
2900 4134 3038 4206 quia
3072 4133 3209 4190 velit
3243 4137 3301 4189 et
3336 4150 3463 4190 cur-

509 4225 609 4278 tur
645 4239 771 4279 esse
820 4222 1066 4280 liberum
1107 4226 1176 4279 dc
1215 4223 1509 4280 voluntate
1539 4223 1852 4295 judicium,

351 4329 422 4368 eo
449 4311 675 4368 seilicet
702 4313 857 4383 quod
887 4311 1064 4368 libere
1092 4313 1167 4367 ad
1197 4312 1304 4367 hoc
1329 4311 1416 4368 vel
1446 4311 1607 4368 aliud
1639 4313 1854 4369 moveri

351 4401 554 4472 possit.
587 4405 646 4456 et
683 4401 812 4464 hoc,
843 4404 1104 4472 respectu
1151 4399 1481 4456 futurorum
1523 4401 1858 4473 contingen-

349 4489 524 4546 tium.
556 4491 726 4554 Quod
765 4489 1000 4561 quidem
1043 4488 1213 4545 aliter
1249 4492 1334 4545 est
1372 4488 1431 4544 in
1473 4490 1604 4554 De0,
1636 4489 1858 4547 scilicet

351 4581 426 4634 ab
462 4578 630 4634 omni
667 4578 939 4634 servitute
978 4578 1195 4648 peccati
1237 4577 1523 4644 liberum;
1565 4582 1621 4634 et
1657 4579 1715 4635 in
1754 4596 1856 4636 an·

355 4668 498 4740 gelis
529 4667 732 4730 beatis,
749 4666 970 4723 scilicet
1000 4684 1102 4738 per
1129 4667 1378 4739 gratiam
1411 4667 1852 4735 confirmatum;

353 4761 412 4814 et
439 4758 498 4813 in
529 4755 718 4820 nobis,
749 4757 970 4812 scilicet
1008 4757 1259 4814 flexibile
1296 4760 1370 4814 ad
1402 4759 1620 4814 bonum
1651 4762 1706 4813 ct
1738 4776 1858 4814 ma-

353 4847 498 4905 lum.
531 4848 680 4902 Nam
709 4849 767 4903 et
807 4846 864 4900 in
898 4846 1062 4902 nobis
1099 4848 1424 4903 secundum
1464 4850 1647 4903 status
1677 4847 1858 4903 diver-

351 4953 462 5000 sos,
487 4936 716 4992 diversa
745 4952 976 5007 quoque
1005 4934 1298 4991 invenitur
1324 4935 1577 4991 libertas
1609 4937 1670 4991 ln
1701 4940 1854 4992 statu

353 5041 612 5097 namque
658 5024 850 5095 primo
897 5024 1085 5095 potuit
1129 5024 1308 5090 homo
1353 5042 1589 5097 peccare
1634 5029 1692 5080 ct
1739 5041 1853 5081 non

353 5131 630 5187 peccare;
673 5113 734 5168 in
775 5113 1135 5170 beatitudine
1174 5129 1290 5169 non
1331 5113 1540 5187 poterit
1578 5131 1854 5186 pcccare;

351 5209 483 5260 ante
538 5202 970 5275 reparationem
1029 5219 1145 5260 non
1208 5205 1392 5275 potest
1445 5219 1562 5260 non
1620 5219 1857 5275 peccare

353 5292 696 5358 mortaliter,
731 5294 860 5365 post
907 5291 1332 5365 reparationem
1381 5296 1577 5349 autem
1624 5291 1860 5349 veniali·

1967 4229 2088 4290 rat;
2136 4227 2239 4282 sed
2288 4224 2415 4281 ideo
2462 4224 2585 4280 vult
2628 4226 2686 4279 et
2733 4222 2930 4287 currit,
2981 4222 3119 4294 quia
3174 4223 3323 4278 Deus
3368 4221 3459 4280 sui

1969 4316 2312 4371 miseretur:
2338 4314 2416 4369 ita
2444 4316 2509 4370 ut
2536 4315 2723 4369 totum
2754 4313 2868 4368 Deo
2898 4311 3206 4376 tribuatur,
3231 4311 3329 4383 qui
3361 4312 3461 4368 ho-

1968 4404 2146 4461 minis
2174 4403 2529 4460 voluntatem
2570 4401 2849 4472 praevenit
2884 4406 2941 4458 et
2972 4405 3260 4472 praeparat
3295 4402 3461 4474 adju-

1966 4497 2240 4558 vandam,
2270 4497 2327 4548 ct
2354 4493 2591 4564 adjuvat
2624 4494 3009 4563 praeparatam
3038 4492 3113 4546 ad
3152 4490 3463 4548 efficaciter

1966 4585 2350 4654 operandum.
2400 4581 2607 4652 Sicque
2656 4579 2901 4652 gratiam
2950 4579 3264 4635 comitatur
3308 4579 3462 4635 bona
3572 4588 3578 4594 ·

1964 4671 2249 4733 voluntas»,
2301 4684 2416 4725 non
2472 4669 2657 4741 gratia
2706 4668 3082 4725 voluntatem.
3132 4669 3205 4722 At
3250 4669 3457 4724 eadem

1966 4759 2152 4830 gratia
2200 4773 2329 4829 quae
2376 4758 2529 4814 dicta
2574 4760 2661 4813 est
2719 4773 2964 4828 operans
3010 4759 3068 4812 et
3120 4771 3455 4826 cooperans,

1966 4848 2315 4918 quandoque
2344 4851 2400 4902 ct
2429 4845 2783 4918 praeveniens
2812 4849 2869 4901 ct
2894 4845 3251 4917 subsequens
3275 4844 3462 4899 nomi·

1969 4939 2155 4991 natur.
2182 4937 2321 5000 Qum
2349 4950 2595 5006 operans
2622 4951 2723 4991 seu
2754 4933 3126 5006 praeveniens,
3152 4933 3293 4989 tides
3321 4950 3457 4989 cum

1968 5023 2277 5080 dilectione
2321 5023 2623 5088 exsistens,
2672 5021 3030 5078 voluntatem
3078 5022 3291 5077 bonam
3342 5037 3457 5077 non

1967 5111 2205 5185 quidem
2260 5115 2537 5181 tempore,
2596 5113 2698 5167 sed
2754 5113 2962 5167 natura
3013 5114 3071 5166 et
3124 5111 3461 5168 causalitate

1969 5203 2318 5274 praecedenS,
2352 5200 2425 5255 ab
2464 5198 2589 5271 ipsa
2624 5199 2917 5256 voluntate
2955 5215 3071 5255 non
3110 5199 3306 5271 aliquo
3344 5215 3462 5255 me·

1968 5290 2078 5347 rito
2109 5288 2448 5362 acquiritur,
2481 5291 2580 5346 sed
2611 5305 2645 5345 a
2676 5290 2788 5346 Deo
2824 5288 3001 5360 gratis
3031 5290 3233 5355 datur;
3264 5287 3462 5344 habita
