4334 6242
1462 535 1547 583 AN
1589 535 1827 583 ANGELO
1871 535 2185 583 courssTA'r
2225 537 2453 583 novam

3393 518 3510 586 179

397 703 567 767 coelo
602 724 927 787 empyreo,
960 723 1037 768 eo
1076 703 1372 768 videlicet
1412 708 1600 770 modo
1642 723 1769 788 quo
1805 724 1906 769 oc·
1933 704 1986 767 A
2018 705 2282 780 moveri,
2343 706 2495 787 quia
2559 715 2655 769 est
2719 707 3153 783 indivisibilis,
3218 709 3512 790 quamvis

398 822 637 885 cupare
694 812 757 865 et
816 804 1062 886 replere
1119 804 1453 887 spiritibus
1512 805 1905 887 incorporeis

399 908 648 982 queunt
692 911 1075 984 competere.

484 998 789 1062 Praeterea
836 1001 1007 1062 circa
1049 1002 1182 1064 haec
1227 1002 1449 1064 Scotus
1494 1002 1719 1064 scribit
1766 1020 1906 1084 pro-

404 1096 531 1158 lixe
589 1097 943 1179 quaestione
1003 1117 1129 1179 qua
1184 1099 1433 1181 quaerit‚
1498 1118 1577 1161 an
1642 1099 1904 1180 angelus

404 1195 606 1274 possit
636 1195 877 1258 moveri
909 1195 987 1256 de
1018 1196 1156 1259 loco
1185 1197 1263 1260 ad
1296 1197 1506 1259 locum
1550 1205 1725 1260 motu
1758 1215 1905 1260 con-

402 1293 603 1355 tinuo.
657 1293 731 1354 Et
794 1295 1135 1376 respondet
1192 1296 1362 1376 quod
1421 1295 1536 1368 sic,
1598 1295 1901 1378 quoniam

402 1407 595 1452 omne
643 1391 1044 1473 receptivum
1087 1393 1436 1456 formarum
1480 1393 1753 1473 alicujus
1800 1412 1905 1475 ge-

405 1489 577 1550 neris
607 1490 779 1571 quod
809 1509 889 1554 ex
920 1509 988 1552 se
1018 1509 1145 1553 non
1176 1499 1273 1553 est
1302 1491 1795 1554 determinatum
1826 1492 1903 1553 ad

402 1586 686 1668 aliquam
720 1607 913 1650 unam
954 1588 1209 1651 illarum
1252 1608 1370 1650 nec
1405 1588 1795 1651 illimitatum
1827 1590 1905 1651 ad

402 1703 533 1758 eaS,
567 1693 778 1768 potest
810 1687 1055 1750 moveri
1085 1706 1198 1749 seu
1235 1687 1467 1749 mutari
1505 1687 1587 1748 ab
1620 1706 1744 1749 una
1776 1686 1907 1748 illa-

404 1803 549 1845 rum
601 1783 955 1846 formarum
1003 1785 1081 1848 ad
1128 1785 1339 1847 aliam.
1384 1786 1507 1847 Ista
1556 1785 1908 1868 propositio

2014 811 2228 885 posset
2281 803 2556 866 faciliter
2605 806 2996 887 responderi,
3034 806 3203 888 quod
3250 807 3513 888 angelus

2013 910 2284 984 occupat
2323 901 2533 964 locum
2578 903 2993 976 divisibilem,
3025 912 3088 966 et
3129 904 3270 967 ideo
3303 923 3513 986 respe-

2014 1008 2120 1062 ctu
2170 1000 2292 1062 loci
2337 1019 2404 1062 se
2455 1001 2644 1062 habet
2691 1020 2764 1063 ac
2813 1002 2864 1063 si
2914 1001 3258 1064 divisibilis
3306 1009 3512 1081 esset;

2013 1105 2121 1160 aut
2175 1098 2228 1159 si
2287 1106 2557 1180 occupat
2612 1100 2821 1161 locum
2883 1098 3342 1163 indivisibilem
3402 1118 3515 1162 seu

2014 1197 2449 1278 punctualem,
2488 1205 2558 1260 ut
2587 1199 3017 1279 punctualiter
3045 1199 3356 1261 exsistens
3388 1216 3514 1260 non

2017 1302 2225 1376 potest
2264 1295 2565 1357 continue
2606 1296 2848 1358 moveri
2890 1303 2960 1357 ut
2998 1315 3252 1378 semper
3287 1295 3516 1358 habeat

2015 1411 2153 1454 esse
2199 1394 2542 1474 punctuale
2577 1401 2840 1456 :tamen
2890 1395 3042 1476 quia
3092 1412 3218 1457 non
3262 1395 3516 1457 videtur

2016 1491 2176 1558 ratio
2207 1511 2402 1573 quare
2441 1499 2705 1573 negatur
2738 1492 3129 1556 indivisibile
3167 1511 3353 1576 posse
3383 1512 3514 1556 mo-

2015 1589 2174 1663 veri,
2199 1589 2390 1651 etiam
2419 1591 2473 1651 si
2504 1598 2671 1653 esset
2701 1591 3114 1654 indivisibilis
3144 1592 3516 1675 quantitatis

2019 1706 2131 1768 per
2161 1706 2228 1749 se
2261 1688 2592 1763 exsistenS,
2629 1689 2770 1752 ideo
2801 1697 3008 1773 potest
3039 1690 3323 1765 concedi,
3348 1691 3516 1773 quod

2018 1785 2281 1866 angelus
2311 1785 2554 1848 habens
2585 1787 2696 1849 ubi
2733 1788 3098 1870 punctuale,
3132 1797 3340 1871 potest
3371 1807 3517 1852 con-

405 1889 580 1964 patet
611 1901 725 1964 per
755 1901 845 1956 se,
877 1883 1031 1965 quia
1060 1883 1421 1964 subjectum
1454 1883 1726 1945 includit
1756 1903 1909 1966 prae-
1944 1886 1992 1948 B
2022 1884 2198 1946 tinue
2231 1886 2473 1966 moveri
2515 1893 2584 1947 ut
2621 1895 2717 1949 est
2756 1888 2820 1949 in
2858 1897 3097 1970 puncto
3136 1908 3389 1970 semper
3417 1908 3518 1951 ex-

406 1981 711 2042 dicatum.
733 1982 851 2043 Sed
885 1981 1147 2062 angelus
1178 1989 1273 2044 est
1312 1982 1674 2064 receptivus
1712 1982 1909 2044 alicu-

404 2078 513 2159 jus
562 2079 697 2153 ubi,
742 2079 1098 2156 definitive,
1135 2081 1283 2143 licet
1331 2099 1459 2143 non
1510 2080 1913 2143 circumscri-

222 2199 247 2209 ·
326 2197 357 2240 ·.
412 2178 608 2259 ptive,
652 2185 722 2240 ut
765 2179 972 2260 patuit
1016 2179 1207 2260 paulo
1249 2187 1394 2241 ante
1446 2179 1512 2241 in
1564 2179 1910 2261 quaestione

142 4269 307 4311 ,natm
316 4299 329 4310 .

411 2277 493 2338 de
523 2276 835 2339 locatione
862 2277 1113 2357 angeli3
1148 2296 1265 2339 nec
1304 2285 1401 2340 est
1440 2278 1799 2340 illimitatus
1834 2278 1912 2339 ad

410 2375 629 2437 omnia
672 2374 807 2448 ubi,
842 2375 993 2456 quia
1035 2392 1161 2438 non
1204 2383 1301 2438 est
1344 2377 1715 2438 immensus.
1752 2376 1913 2456 Ergo

414 2481 623 2558 potest
653 2473 889 2535 mutari
918 2472 998 2536 ab
1030 2493 1159 2537 uno
1191 2475 1299 2537 ubi
1332 2475 1397 2536 in
1428 2475 1616 2537 aliud.
1638 2475 1714 2537 Et
1744 2474 1913 2556 quod

413 2572 739 2646 continue,
790 2579 985 2654 patet,
1035 2573 1335 2655 quoniam
1389 2573 1555 2635 inter
1600 2573 1728 2635 duo
1778 2572 1910 2646 ubi,

412 2677 566 2733 sunt
614 2669 873 2732 infinita
919 2670 1031 2732 ubi
1080 2671 1292 2733 media
1338 2689 1350 2732 :
1394 2672 1563 2752 quod
1611 2669 1916 2752 probatur

414 2789 496 2831 ex
522 2769 830 2831 continuo
870 2769 1153 2850 corporis
1194 2776 1371 2831 motu
1411 2788 1527 2850 per
1554 2769 1769 2831 omnia
1806 2768 1915 2829 illa

416 2867 546 2930 ubi.
566 2867 643 2928 Et
674 2885 790 2949 per
817 2867 1027 2929 omnia
1058 2867 1167 2928 illa
1195 2867 1456 2948 angelus
1487 2874 1690 2948 potest
1720 2875 1917 2929 trans·

417 2967 531 3038 ire,
569 2966 657 3027 ita
685 2966 855 3047 quod
897 2965 962 3027 in
992 2965 1171 3027 nullo
1202 2983 1421 3028 eorum
1454 2967 1558 3040 sit,
1594 2965 1717 3027 nisi
1752 2965 1914 3027 indi—

2020 1983 2271 2045 sistenS.
2308 1983 2464 2046 Nam
2505 1984 2750 2066 sphaera
2789 1993 2960 2048 mota
2998 2005 3190 2068 super
3227 1987 3514 2068 planum.

2020 2081 2324 2143 describit
2374 2081 2608 2144 lineam
2659 2083 2724 2145 in
2774 2083 2986 2165 plano,
3019 2091 3082 2145 ct
3127 2093 3340 2147 tamen
3389 2103 3518 2148 non

2022 2179 2222 2258 tangit
2253 2180 2375 2241 nisi
2410 2181 2472 2242 in
2505 2189 2744 2263 puncto
2777 2199 2790 2242 ε
2824 2198 2974 2262 ergo
3014 2190 3326 2264 punctum
3358 2183 3518 2245 illud

2022 2279 2366 2358 pertransit
2415 2278 2646 2340 lineam
2697 2287 2910 2341 totam.
2967 2280 3042 2341 Et
3091 2289 3303 2344 tamen
3353 2282 3520 2344 linea

2022 2375 2142 2436 ista
2191 2394 2332 2456 quae
2381 2376 2474 2437 sic
2520 2377 2940 2457 pertransitur
2985 2398 3022 2441 a
3078 2387 3339 2460 puncto,
3392 2397 3517 2443 non

2023 2473 2428 2554 componitur
2459 2493 2535 2536 ex
2577 2476 2832 2556 punctis
2867 2493 2880 2538 :
2916 2494 3065 2557 ergo
3101 2496 3138 2538 a
3171 2478 3367 2540 simili
3401 2497 3517 2541 nec

2024 2571 2137 2634 hoc
2168 2579 2538 2654 sequeretur
2567 2573 2621 2634 si
2653 2573 2760 2635 ille
2793 2582 3058 2656 punctus
3089 2582 3254 2638 esset
3284 2595 3398 2659 per
3427 2595 3513 2638 se.

2104 2671 2294 2733 Porro
2323 2671 2400 2733 de
2432 2689 2621 2733 causa
2658 2673 3080 2736 successionis
3115 2674 3180 2735 in
3211 2692 3520 2756 quocum-

2023 2787 2147 2851 que
2194 2776 2394 2842 motu,
2443 2769 2587 2831 dico
2630 2770 2799 2851 quod
2843 2790 3032 2833 causa
3073 2771 3248 2833 illius
3287 2779 3384 2834 est
3426 2791 3520 2834 re-

2024 2867 2313 2929 sistentia
2361 2867 2616 2929 mobilis
2666 2868 2743 2930 ad
2794 2877 3102 2931 motorem
3146 2887 3160 2930 :
3203 2887 3330 2932 non
3378 2869 3521 2931 talis

2025 2967 2195 3047 quod
2241 2983 2503 3028 movens
2546 2983 2674 3028 non
2719 2967 2916 3048 possit
2959 2967 3214 3029 vincere
3259 2967 3518 3042 mobile,

414 3064 764 3126 visibiliter
798 3081 813 3126 ε
845 3071 909 3125 et
952 3083 1066 3146 per
1104 3081 1499 3146 consequens
1541 3082 1666 3126 non
1708 3069 1916 3145 potest
1952 3062 1995 3126 C
2026 3071 2178 3125 tunc
2221 3064 2394 3126 enim
2439 3083 2566 3127 non
2611 3071 2895 3127 moveret
2936 3064 3187 3146 ipsum3
3218 3084 3338 3126 nec
3377 3065 3520 3126 talis

416 3164 553 3226 haec
592 3162 812 3226 omnia
849 3162 1234 3244 pertransire
1278 3163 1401 3224 nisi
1444 3163 1744 3225 continue
1788 3177 1919 3222 mo-

416 3269 661 3324 veatur.
693 3261 869 3338 Quod
900 3259 1338 3333 confirmatur,
1371 3261 1672 3343 quoniam
1703 3261 1917 3322 anima

418 3359 603 3422 beata
630 3359 991 3440 {equabitur
1016 3358 1258 3439 angelis
1288 3359 1488 3421 beatis
1523 3376 1536 3421 z
1570 3359 1783 3422 anima
1810 3378 1916 3420 au-

418 3469 547 3522 tem
582 3458 767 3521 beata
798 3465 1110 3532 movetur,
1146 3459 1275 3519 imo
1308 3458 1671 3520 beatissima
1704 3458 1917 3520 anima

418 3557 653 3621 Christi
714 3555 1091 3619 movebatur
1139 3555 1422 3617 localiter
1477 3555 1917 3618 descendendo

416 3657 497 3719 ad
527 3655 791 3718 inferos
826 3655 995 3716 Patet
1026 3654 1217 3716 etiam
1249 3673 1327 3716 ex
1358 3653 1724 3734 Scripturis,
1747 3653 1917 3735 quod

417 3753 628 3836 angeli
670 3752 906 3835 saepius
949 3752 1131 3814 missi
1178 3758 1348 3826 sunt,
1383 3757 1446 3812 et
1487 3750 1807 3813 interdum
1853 3751 1917 3811 in

417 3852 769 3934 assumptis
803 3850 1177 3932 corporibus
1204 3867 1217 3910 ε
1243 3858 1305 3911 et
1336 3849 1388 3910 si
1422 3855 1573 3911 tunc
1604 3867 1750 3909 cum
1784 3867 1917 3910 cor-

420 3968 575 4033 pore
610 3948 1053 4021 movebantur,
1084 3947 1338 4010 videtur
1366 3946 1537 4028 quod
1575 3946 1700 4007 alia
1726 3945 1920 4007 ‚fuerit

421 4049 620 4111 motio
650 4046 905 4129 passiva
946 4046 1229 4128 ipsorum
1262 4064 1297 4107 a
1328 4044 1611 4126 corporis
1643 4044 1919 4106 motione

422 4146 695 4230 passiva.
732 4145 834 4208 Sic
866 4152 928 4206 et
958 4144 1324 4226 frequenter
1356 4143 1535 4206 missi
1576 4143 1921 4205 creduntur

2027 3162 2193 3243 quod
2231 3162 2467 3224 mobile
2507 3162 2922 3225 reinclinetur
2948 3171 3058 3224 aut
3097 3163 3406 3225 renitatur
3440 3163 3520 3225 ad

2023 3259 2412 3342 oppositum,
2447 3260 2747 3342 quoniam
2781 3261 2900 3322 hoc
2929 3260 3135 3322 solum
3167 3266 3263 3323 est
3292 3261 3359 3322 in
3390 3278 3520 3323 mo-

2023 3366 2093 3420 tu
2124 3358 2440 3435 violent03
2473 3357 2584 3419 sed
2613 3356 2755 3418 talis
2786 3359 3164 3434 resistentia,
3188 3359 3358 3441 quod
3390 3377 3521 3422 mo—

2024 3456 2153 3540 bile
2208 3463 2305 3518 est
2357 3455 2476 3517 sub
2533 3455 2746 3537 aliquo
2806 3455 2916 3517 ubi
2972 3456 3071 3519 cui
3133 3474 3258 3519 non
3314 3465 3522 3540 potest

2025 3555 2392 3617 immediate
2437 3554 2776 3616 succedere
2815 3555 3125 3617 terminus
3167 3556 3447 3618 intentus
3485 3575 3522 3618 a

2026 3659 2321 3715 movente
2375 3668 2389 3713 :
2437 3658 2500 3713 et
2548 3651 2908 3714 resistentia
2956 3652 3076 3714 ista
3120 3661 3216 3715 est
3264 3660 3526 3736 propter

2026 3749 2350 3812 defectum
2389 3749 2643 3811 virtutis
2684 3751 3020 3824 moventiS‚
3053 3756 3115 3813 et
3153 3751 3345 3813 etiam
3385 3769 3526 3833 pro-

2029 3855 2168 3928 pter
2202 3846 2628 3909 resistentiam
2661 3848 2855 3909 medii
2884 3849 2963 3909 ad
2998 3866 3261 3911 movens
3291 3867 3364 3910 ac
3397 3866 3527 3911 mo-

2029 3945 2178 4007 bile.
2222 3947 2458 4008 Tamen
2509 3945 2560 4006 si
2610 3945 2812 4006 virtus
2863 3946 3175 4008 moventis
3222 3954 3386 4008 esset
3435 3947 3528 4008 in-

2026 4042 2234 4116 finita,
2297 4051 2507 4124 posset
2573 4041 2807 4104 mobile
2874 4043 3086 4105 statim
3153 4061 3388 4125 ponere
3458 4045 3525 4106 in

2028 4141 2304 4204 termino
2361 4142 2439 4202 ad
2487 4159 2698 4222 quem.
2751 4140 2910 4202 Hinc
2970 4142 3262 4221 quamvis
3313 4143 3524 4223 angeli

364 4281 393 4318 ι,
422 4245 559 4308 sine
591 4261 880 4326 corpore,
916 4251 985 4305 ut
1024 4243 1287 4324 angelus
1319 4243 1552 4304 missus
1583 4241 1661 4304 ad
1688 4241 1919 4323 Joseph
1948 4247 1997 4308 D
2029 4239 2205 4302 nulla
2234 4240 2317 4301 sit
2345 4238 2701 4302 resistentia
2739 4239 2816 4300 ad
2846 4257 2935 4312 se,
2968 4245 3179 4302 tamen
3218 4241 3520 4322 quoniam
3595 4221 3606 4231 ⁸

422 4344 502 4405 ad
548 4342 1063 4405 annuntiandum
1112 4341 1171 4402 ei
1221 4348 1603 4421 conceptum
1645 4339 1920 4420 Virginis
2026 4339 2156 4419 agit
2196 4357 2273 4400 ex
2315 4337 2548 4400 virtute
2589 4336 2792 4410 finita,
2824 4337 3077 4418 quando
3117 4345 3215 4399 est
3251 4338 3314 4398 in
3361 4338 3522 4401 coelo

421 4441 732 4522 gloriosse.
778 4475 860 4486 -
905 4439 1033 4501 Nec
1082 4446 1178 4500 est
1227 4437 1683 4500 inconveniens
1734 4454 1921 4499 omne
2029 4455 2155 4500 non
2196 4445 2402 4519 potest
2441 4455 2587 4498 mox
2625 4455 2763 4498 esse
2803 4437 2868 4498 in
2908 4444 3093 4510 terra,
3127 4438 3238 4499 sed
3275 4446 3523 4520 oportet

423 4547 733 4611 creatum,
759 4544 1351 4619 quantumcumque
1384 4535 1761 4618 perfectum,
1785 4553 1921 4597 esse
2032 4535 2315 4598 medium
2365 4534 2766 4617 pertransire.
2801 4570 2882 4580 —
2913 4535 3056 4598 Haec
3105 4536 3327 4599 Scotus
3361 4553 3375 4598 :
3409 4537 3521 4619 qui

424 4656 622 4719 capax
652 4643 719 4698 et
748 4634 1056 4717 possibile
1098 4652 1210 4695 seu
1248 4633 1591 4715 potentiale
1631 4640 1921 4715 respectu
2029 4634 2107 4696 de
2138 4633 2240 4696 his
2274 4633 2499 4696 scribit
2536 4633 2796 4708 diffuse,
2829 4642 2893 4696 et
2928 4641 3299 4715 argumenta
3333 4635 3523 4698 solvit

421 4735 699 4815 alicujus
758 4731 1191 4814 perfectioniS,
1244 4732 1537 4813 quamvis
1588 4732 1696 4794 illa
1743 4731 1922 4794 abso·
2028 4731 2304 4794 Henrici.

424 4834 555 4895 lute
606 4832 819 4894 minor
862 4830 946 4892 sit
989 4839 1214 4893 natura
1259 4830 1433 4892 illius
1480 4830 1674 4892 creati
1710 4847 1723 4892 ε
1758 4829 1925 4892 sicut

420 4939 487 4994 et
516 4929 865 4992 intellectio
903 4928 1112 5009 angeli
1153 4935 1251 4990 est
1287 4928 1502 5010 aliqua
1540 4928 1679 5008 ejus
1721 4927 1923 5009 perfe-

422 5027 573 5102 ctio,
604 5034 671 5089 et
714 5034 927 5088 tamen
973 5044 1088 5088 sua
1128 5025 1406 5088 essentia
1449 5025 1791 5107 perfectior
1836 5025 1927 5087 di-

420 5127 737 5208 gniorque
797 5123 1089 5186 consistit
1146 5123 1254 5186 illa
1312 5123 1453 5204 ejus
1510 5123 1920 5205 perfectione.

422 5227 571 5288 Ideo
620 5224 865 5287 moveri
915 5231 1123 5305 potest
1170 5222 1394 5303 angelo
1443 5222 1803 5284 convenire.
1850 5258 1929 5268 —

422 5323 762 5405 Quumque
811 5320 1118 5402 arguitur,
1172 5320 1342 5401 quod
1388 5320 1652 5400 angelus
1701 5321 1929 5402 nequit

2110 4830 2378 4912 Insuper
2406 4829 2634 4911 quaerit
2662 4829 2906 4903 Scotus,
2925 4849 3004 4892 an
3033 4830 3294 4910 angelus
3325 4831 3526 4912 possit

2032 4946 2099 4990 se
2131 4944 2404 4990 movere.
2442 4928 2589 5001 Quae
2620 4928 2886 5010 quaestio
2917 4945 3042 4990 non
3072 4928 3326 4992 videtur
3354 4928 3526 4992 diffi-

2033 5026 2334 5088 cultatem
2365 5025 2620 5100 habere,
2652 5045 2853 5106 quum
2891 5025 3150 5106 angelus
3189 5026 3272 5088 sit
3308 5026 3526 5091 liberae

2034 5124 2364 5204 potestatis
2420 5131 2482 5185 et
2538 5122 3024 5205 sapientissimae
3079 5124 3527 5206 apprehensio-

2034 5222 2155 5295 niS,
2208 5229 2270 5283 et
2315 5220 2555 5284 habens
2614 5230 2902 5284 naturam
2952 5223 3017 5284 in
3067 5242 3195 5304 qua
3241 5223 3524 5287 conside-

2035 5326 2256 5381 rantur
2281 5325 2459 5380 actus
2486 5325 2548 5380 et
2588 5320 2868 5400 potentia
2897 5337 2911 5381 :
2946 5320 3090 5382 ideo
3123 5320 3288 5384 sicut
3316 5323 3524 5406 quoad
