4334 6242
120 2075 198 2117 dist.
218 2089 269 2127 ιιι,
316 2107 327 2117 .

1015 512 1100 564 ΑΝ
1142 513 1365 564 meam
1409 513 1471 564 m
1514 513 1739 564 cama
1776 513 2025 562 aaaron
2068 513 2367 564 numum
2409 516 2624 566 cnam
2668 517 2803 566 smr
3333 501 3452 568 287

354 692 532 746 nent.
584 685 745 748 Hinc
789 687 1032 760 dicunt,
1083 688 1251 770 quod
1312 706 1426 768 per
1472 686 1849 748 divisionem
1882 685 1933 748 A
1962 684 2213 748 bonitas
2253 686 2562 749 Creatoris
2601 705 2726 750 non
2764 687 3033 751 contulit
3061 688 3152 750 eis
3188 690 3453 769 gratiam

356 782 520 844 lucis
562 803 599 844 a
643 784 923 846 tenebris
972 786 1257 865 signatur
1303 784 1617 866 separatio
1659 784 1853 845 bono-

354 901 499 944 rum
540 883 911 963 angelorum
944 904 979 945 a
1009 884 1215 945 malis,
1250 884 1419 945 Inter
1448 902 1637 964 quam
1680 901 1857 964 sepa-

351 981 667 1042 rationem
709 990 773 1043 et
810 1001 1029 1044 eorum
1074 982 1455 1045 creationem
1499 982 1855 1044 concedunt

352 1078 553 1141 fuisse
602 1098 867 1143 moram.
911 1081 987 1142 Et
1027 1080 1289 1162 quidam
1338 1098 1559 1143 eorum
1608 1079 1851 1150 dicunt,

352 1179 527 1259 quod
582 1177 829 1240 morula
876 1178 999 1240 fuit
1041 1198 1256 1260 parva,
1291 1197 1433 1260 quae
1475 1177 1734 1239 suffecit
1775 1177 1854 1239 ad

353 1273 805 1354 cogitationem
854 1278 931 1340 de
980 1278 1239 1360 propria
1285 1285 1615 1359 potestate,
1664 1283 1726 1336 et
1774 1275 1853 1337 ad

354 1372 841 1438 delectationem
883 1394 1217 1439 morosam.
1253 1375 1375 1438 Alii
1406 1375 1650 1449 dicunt,
1684 1374 1853 1455 quod

352 1474 637 1534 secunda
673 1473 776 1535 die
820 1474 985 1536 facta
1028 1474 1111 1536 sit.
1151 1474 1463 1556 separatio
1501 1473 1631 1548 illa,
1665 1481 1853 1555 prout

352 1571 647 1652 Magister
688 1573 753 1635 in
796 1573 1079 1636 historiis
1124 1582 1351 1635 narrat.
1385 1574 1645 1655 Propter
1684 1572 1854 1654 quod

350 1671 693 1732 secundam
726 1670 945 1733 feriam
976 1671 1301 1734 celebrant
1327 1671 1392 1733 in
1424 1671 1661 1734 honore
1691 1677 1853 1732 stan-

352 1769 515 1830 tium
550 1769 941 1851 angelorum.
966 1806 1049 1816 —-
1077 1771 1219 1833 Haec
1248 1770 1467 1852 opinio
1496 1770 1679 1832 valde
1712 1786 1851 1851 pro-

1966 784 2029 845 in
2071 784 2280 865 primo
2318 786 2654 847 creationis
2696 787 3002 861 instante3
3049 788 3454 868 respondent,

1964 883 2131 963 quod
2177 882 2488 963 sapientia
2526 883 2635 945 Dei
2679 885 2881 946 voluit
2921 893 2992 946 ut
3029 886 3236 967 primo
3270 904 3458 967 expe-

1964 978 2242 1040 rirentur
2289 979 2441 1060 quid
2492 981 2585 1041 eis
2635 980 3002 1043 conveniret
3043 1001 3120 1044 ex
3169 1001 3237 1044 se
3279 989 3342 1044 et
3382 1001 3460 1044 ex

1964 1083 2209 1148 natura,
2243 1076 2469 1138 deinde
2499 1077 2653 1159 quid
2684 1097 2759 1140 ex
2789 1078 3026 1159 gratia:
3051 1079 3216 1140 Deus
3245 1087 3458 1142 autem

1964 1175 2064 1236 dat
2106 1175 2372 1255 gratiam
2413 1176 2718 1238 creaturis
2757 1179 3109 1240 secundum
3150 1179 3459 1242 rationem

1964 1291 2035 1334 ac
2084 1273 2373 1336 ordinem
2433 1275 2760 1356 sapientiae
2817 1295 2964 1339 suae.
3009 1312 3089 1322 —
3135 1278 3460 1340 Postremo

1963 1370 2029 1432 hi
2080 1371 2273 1433 etiam
2333 1373 2554 1434 dicunt
2602 1374 2882 1455 primum
2944 1375 3268 1438 hominem
3329 1395 3457 1440 non

1963 1467 2161 1531 fuisse
2204 1470 2270 1530 in
2307 1471 2508 1551 gratia
2545 1479 2794 1551 gratum
2837 1471 3108 1536 faciente
3149 1482 3454 1550 creatum,

1963 1567 2073 1628 sed
2124 1568 2336 1648 potius
2387 1568 2451 1630 in
2502 1571 2703 1650 gratia
2748 1571 2942 1650 gratis
2990 1573 3134 1634 data
3177 1592 3192 1635 :
3239 1574 3458 1656 sicque

1963 1665 2256 1744 gratuitis
2301 1666 2536 1728 dicitur
2579 1669 2904 1750 spoliatus.
2941 1671 3018 1732 Et
3061 1671 3180 1733 ista
3226 1672 3460 1754 positio

1966 1781 2093 1826 non
2124 1764 2312 1827 habet
2344 1765 2584 1846 aliquid
2617 1766 2924 1848 figmento
2954 1770 3184 1834 simile.
3208 1807 3289 1816 —
3318 1773 3460 1834 Haec

354 1866 589 1930 babilis
631 1875 747 1943 est,
782 1878 845 1930 et
883 1870 1065 1952 plura
1104 1870 1478 1932 Sanctorum
1522 1867 1853 1948 originalia
1889 1867 1936 1928 B
1966 1860 2282 1936 Alhertus,
2340 1865 2447 1945 qui
2509 1872 2580 1926 ut
2635 1884 2710 1928 ex
2771 1867 2869 1930 his
2928 1869 3141 1931 verbis
3200 1870 3460 1952 conjici-

356 1964 661 2027 videntur
700 1968 1059 2029 consentire-
1103 1967 1169 2029 in
1212 1966 1405 2028 illam.

451 2064 907 2127 Verumtamen
964 2065 1117 2146 quia
1171 2064 1463 2145 Magister
1522 2064 1587 2126 in
1646 2064 1855 2126 littera

354 2162 547 2224 aliam
596 2163 887 2244 sequitur
928 2163 1121 2236 viam,
1168 2163 1483 2238 videlicet,
1526 2164 1695 2244 quod
1744 2181 1851 2224 an-

353 2261 477 2341 geli
538 2261 607 2322 in
667 2262 818 2324 solis
876 2260 1271 2324 naturalibus
1327 2268 1476 2322 sunt
1523 2261 1739 2335 creati,
1790 2269 1853 2322 et

355 2361 785 2440 postmodum,
837 2361 1109 2442 quadam
1160 2361 1406 2422 morula
1456 2360 1849 2441 interposita,

354 2459 619 2539 gratiam
652 2468 799 2521 sunt
829 2459 1073 2538 sor‘titi3
1116 2459 1482 2541 opinionem
1519 2458 1659 2539 ejus
1696 2459 1853 2520 mul-

355 2557 399 2618 ti
431 2557 634 2620 secuti
666 2566 835 2632 sunt,
870 2558 989 2628 hac
1019 2559 1260 2620 ratione
1292 2558 1641 2640 praesertim
1674 2558 1853 2619 indu-

355 2655 461 2724 cti,
495 2656 649 2736 quia
684 2674 811 2718 non
840 2663 939 2718 est
969 2656 1035 2717 in
1074 2656 1298 2736 angelo
1338 2655 1504 2718 sicut
1534 2655 1599 2717 in
1642 2655 1846 2718 nobis.

354 2753 555 2814 Homo
603 2753 843 2835 quippe
892 2753 1093 2816 semel
1147 2772 1489 2816 conversus
1537 2754 1616 2815 ad
1662 2753 1851 2835 grati-

353 2871 478 2925 am,
528 2851 760 2913 iterum
811 2851 938 2913 labi
989 2859 1235 2934 potest3
1282 2860 1345 2913 et
1395 2852 1700 2933 aelapsuS,
1742 2869 1851 2934 po-

354 2956 474 3010 test
513 2967 734 3010 rursus
777 2968 1124 3030 resurgere.
1160 2949 1435 3029 Angelus
1466 2966 1617 3011 vero
1656 2950 1850 3011 semel

1967 1968 2089 2035 tur,
2144 1961 2294 2024 huic
2352 1963 2640 2045 opinioni
2699 1966 2802 2028 hic
2855 1968 3052 2051 magis
3102 1971 3459 2033 consentire

1962 2059 2233 2122 videtur.

2041 2158 2488 2222 Verumtamen
2534 2161 2598 2223 in
2637 2161 2800 2226 libro
2829 2165 2907 2227 de
2941 2166 3018 2226 lv
3050 2166 3455 2249 CoaequaeviS‚

1964 2256 2186 2337 primae
2233 2257 2518 2340 opinioni
2570 2262 2768 2341 magis
2813 2265 3215 2327 consentiens
3261 2283 3274 2328 z
3317 2267 3461 2340 Qui-

1962 2354 2107 2416 dam
2144 2355 2412 2438 (inquit)
2451 2365 2781 2434 testantur,
2824 2364 2994 2443 quod
3043 2363 3108 2425 in
3157 2365 3307 2427 solis
3355 2386 3461 2428 na-

1961 2453 2274 2515 turalibus
2315 2457 2506 2517 creati
2551 2466 2700 2520 sunt
2738 2461 2979 2540 angeli;
3017 2462 3148 2536 alii,
3182 2464 3349 2544 quod
3394 2463 3457 2525 in

1960 2553 2161 2632 gratia
2207 2553 2400 2634 gratis
2450 2555 2612 2630 data,
2666 2575 2792 2619 non
2843 2558 2908 2620 in
2955 2561 3156 2639 gratia
3206 2570 3456 2641 gratum

1960 2649 2268 2731 faciente3
2309 2652 2504 2728 tertii,
2538 2656 2706 2735 quod
2746 2657 2937 2719 etiam
2979 2659 3043 2719 in
3082 2660 3283 2740 gratia
3321 2679 3457 2742 gra-

1962 2747 2271 2822 tificante,
2305 2751 2540 2832 quibus
2585 2756 2942 2818 consentire
2986 2756 3283 2820 videntur
3324 2777 3457 2821 om-

1962 2846 2067 2908 nia
2106 2847 2439 2928 originalia
2476 2850 2872 2928 Sanctorum,
2906 2854 2957 2915 si
2999 2855 3144 2935 quis
3183 2875 3258 2918 ea
3297 2856 3459 2920 bene

1963 2944 2330 3026 inspexerit.
2365 2946 2508 3010 Haec
2551 2948 2867 3013 Alhertus.

355 3064 697 3108 conversus
746 3046 824 3107 ad
871 3047 1161 3126 gratiam,
1209 3046 1433 3108 cadere
1483 3047 1745 3129 nequit3
1791 3055 1854 3110 et
1887 3046 1930 3109 C
2044 3042 2392 3106 Concordat
2431 3045 2758 3110 Udalricus
2801 3048 2868 3111 in
2912 3049 3174 3113 Summa
3215 3072 3350 3127 sua,
3385 3054 3458 3116 li-

354 3144 405 3205 si
446 3143 647 3206 semel
688 3143 869 3204 cadat
900 3164 937 3205 a
970 3143 1191 3225 gratia,
1227 3162 1555 3225 resurgere
1589 3163 1716 3208 non
1750 3164 1855 3208 va-

354 3243 455 3305 let.
504 3243 654 3304 Ideo
693 3241 935 3316 dicunt,
969 3242 1139 3324 quod
1184 3241 1446 3322 angelus
1486 3251 1631 3305 ante
1672 3263 1849 3306 suam

358 3340 937 3414 confirmationem,
998 3341 1241 3402 nullam
1305 3340 1528 3403 habuit
1584 3343 1848 3421 gratiam

350 3449 600 3520 gratum
646 3438 1005 3500 facientem.
1041 3439 1115 3500 Et
1154 3458 1355 3520 quum
1396 3439 1651 3512 dicitur,
1681 3441 1851 3522 quod

350 3537 557 3619 angeli
609 3537 675 3598 in
724 3536 1063 3599 creationis
1120 3556 1251 3599 suae
1300 3537 1649 3619 primordio
1700 3538 1849 3601 boni

350 3637 628 3709 fuerunt,
670 3635 951 3716 glossant
998 3635 1090 3696 sic
1135 3654 1148 3698 :
1201 3635 1264 3697 id
1314 3643 1429 3710 est,
1482 3636 1621 3697 sine
1668 3637 1843 3700 vitio.

350 3735 425 3797 Et
462 3753 666 3817 quum
708 3733 931 3807 fertur,
969 3733 1138 3815 quod
1175 3733 1331 3815 justi
1372 3733 1651 3808 fuerunt,
1684 3735 1846 3816 glos-

350 3841 488 3895 sant
527 3849 542 3894 :
589 3831 653 3893 id
692 3838 809 3905 est,
845 3832 1233 3894 innocentes,
1279 3831 1355 3892 Et
1394 3831 1635 3905 dicunt,
1677 3835 1847 3915 quod

349 3937 568 4012 postea
621 3948 738 4010 per
785 3929 1052 4009 gratiam
1107 3935 1256 3990 sunt
1307 3928 1688 3991 confirmati.
1744 3932 1846 3994 Di-

351 4036 502 4091 cunt
537 4045 815 4110 namque
848 4027 1128 4110 aliquam
1164 4027 1363 4090 fuisse
1405 4029 1716 4091 morulam
1756 4031 1846 4092 in·

346 4135 443 4190 ter
494 4127 905 4200 creationem,
958 4133 1020 4188 et
1074 4127 1240 4189 inter
1288 4126 1841 4192 confirmationem

1963 3139 2077 3202 bro
2114 3150 2339 3222 quarto
2373 3160 2387 3204 ε
2421 3144 2626 3217 Οιιιιιῐι
2666 3145 2966 3221 diximus,
3001 3149 3321 3230 inquiens,
3353 3170 3459 3214 an-

1961 3238 2134 3318 gelos
2185 3239 2392 3320 primo
2451 3249 2692 3305 creatos
2754 3243 3078 3320 informeS,
3129 3255 3194 3309 et
3239 3257 3459 3330 postea

1960 3336 2161 3416 gratia
2212 3356 2283 3398 ac
2333 3339 2644 3420 sapientia
2701 3359 2840 3404 esse
2897 3342 3221 3420 formatOS,
3273 3345 3454 3409 intel-

1962 3434 2234 3497 leximus
2292 3435 2413 3499 hoc
2469 3441 2822 3502 secundum
2874 3441 3322 3523 Augustinum,
3375 3446 3453 3508 de

1961 3533 2286 3614 prioritate
2330 3553 2456 3615 qua
2496 3538 2759 3600 materia
2807 3541 3152 3622 corporalis
3193 3543 3454 3606 omnino

1961 3630 2276 3706 informiS‚
2324 3632 2557 3695 dicitur
2605 3636 2782 3716 prius
2830 3646 3040 3701 creata
3084 3659 3277 3722 quam
3328 3641 3455 3705 for-

1959 3735 2146 3804 mata,
2174 3729 2472 3793 videlicet
2501 3733 2720 3796 ordine
2760 3744 3020 3812 naturae,
3054 3757 3180 3801 non
3217 3747 3455 3823 tempo-

1957 3827 2063 3889 ris,
2090 3828 2264 3891 Unde
2295 3829 2450 3892 dicit
2477 3831 2866 3912 Augustinus
2896 3836 3273 3902 duodecimo
3304 3840 3457 3903 Con-

1956 3924 2306 3988 fessionum
2343 3947 2356 3991 :
2390 3928 2690 4010 Angelica
2730 3940 2951 3995 natura
2993 3954 3138 3997 mox
3178 3943 3249 3998 ut
3287 3937 3454 4002 facta

1956 4032 2071 4099 est,
2101 4025 2346 4088 elevata
2377 4036 2473 4088 est
2502 4028 2640 4092 sine
2668 4033 2974 4113 temporis
3011 4033 3342 4099 intervallo
3371 4039 3450 4100 ad

1955 4123 2075 4185 hoc
2118 4130 2190 4184 ut
2230 4122 2416 4186 fieret
2457 4123 2584 4187 lux.

346 4225 663 4289 bonorum
716 4243 789 4287 ac
841 4225 1091 4307 lapsum
1152 4225 1484 4288 malorum.
1532 4261 1611 4272 —
1654 4227 1843 4291 Porro
1871 4229 1922 4293 D
2034 4221 2370 4304 Quumque
2416 4222 2806 4304 Augustinus
2863 4225 3232 4310 frequenter
3282 4231 3452 4296 dicat

346 4326 421 4387 ad
470 4331 845 4405 argumenta
901 4322 1162 4386 alterius
1212 4324 1533 4406 opinionis
1586 4344 1845 4408 respon-

347 4423 517 4498 dent,
570 4422 740 4503 quod
802 4421 1191 4502 ubicumque
1249 4422 1461 4484 Sancti
1518 4422 1846 4487 affirmant

345 4521 601 4603 angelos
661 4527 901 4582 creatos
961 4520 1029 4581 in
1086 4520 1307 4600 gratia,
1361 4519 1844 4602 intelligendum

346 4621 425 4682 sit
470 4620 549 4682 de
592 4618 795 4700 gratia
835 4619 1031 4698 gratis
1074 4619 1217 4680 data
1260 4618 1577 4708 beneficio
1624 4621 1845 4683 creati-

347 4717 508 4782 onis,
551 4717 887 4798 Quumque
937 4716 1191 4790 dicitur,
1235 4717 1405 4798 quod
1450 4717 1603 4798 justi
1651 4719 1844 4781 creati

347 4823 517 4890 sunt,
572 4822 900 4896 exponunt
946 4813 1067 4875 hoc
1114 4814 1191 4876 de
1245 4814 1492 4894 justitia
1551 4816 1848 4879 innocen-

350 4913 472 4989 tiae,
505 4931 637 4975 non
676 4912 753 4973 de
789 4911 1039 4992 justitia
1074 4912 1539 4994 supernaturali
1579 4913 1847 4977 formata

348 5031 462 5094 per
518 5011 807 5092 gratiam.
870 5010 1044 5083 Quod
1102 5010 1295 5071 etiam
1352 5020 1721 5073 asseruntur
1779 5014 1845 5075 in

349 5129 562 5174 amore
623 5116 797 5171 casto
854 5109 1115 5182 conditi,
1162 5117 1489 5190 exponunt
1540 5110 1617 5172 de
1678 5109 1847 5192 inge-

351 5209 481 5271 nita
522 5207 937 5270 inclinatione
975 5207 1053 5269 ad
1094 5208 1421 5270 caritatem
1460 5216 1522 5270 et
1554 5208 1839 5290 gratiam.

352 5341 427 5354 —
454 5308 794 5389 Quumque
836 5305 1202 5389 inquiritur,
1244 5325 1358 5369 cur
1402 5307 1846 5371 liberalissima

1954 4340 2061 4385 eos
2109 4320 2310 4383 factos
2369 4321 2434 4382 in
2481 4323 2701 4402 gratia,
2752 4333 2815 4386 et
2861 4326 2970 4388 alii
3023 4328 3233 4391 Sancti
3285 4350 3452 4395 com-

1956 4419 2235 4482 munite-r
2276 4419 2550 4482 sentiant
2595 4421 2701 4496 ita,
2737 4432 3106 4505 reputamus
3147 4447 3451 4510 praesum-

1954 4525 2253 4599 ptuosum
2305 4519 2474 4599 quod
2530 4519 2728 4602 aliqui
2786 4522 3009 4584 dicunt
3057 4527 3445 4608 oppositum,

1954 4617 2307 4698 praesertim
2365 4637 2566 4700 quum
2617 4620 2693 4681 de
2743 4621 2950 4702 primo
3008 4625 3232 4704 angelo
3281 4627 3449 4690 dicat

1954 4714 2244 4776 Ezechiel

1952 4912 2290 4992 (quantum
2321 4914 2397 4975 ad
2432 4914 2875 4998 intellectum),
2905 4927 2967 4980 et
2998 4920 3316 5001 perfectus
3348 4924 3450 4986 de-

1955 5029 2097 5072 core
2127 5011 2371 5091 (gratiae
2413 5031 2486 5074 ac
2527 5015 2858 5090 virtutum,
2892 5026 3199 5099 quantum
3241 5021 3318 5082 ad
3361 5023 3449 5084 af-

1954 5108 2253 5190 fectum);
2288 5110 2353 5171 in
2384 5111 2630 5173 deliciis
2661 5114 2936 5194 paradisi
2967 5116 3079 5178 Dei
3108 5117 3309 5192 fuisti,
3334 5139 3448 5202 per

1953 5216 2165 5270 actum
2226 5207 2549 5271 fruitionis
2607 5212 2719 5273 Dei
2777 5212 3004 5277 elicitae
3051 5234 3128 5277 ex
3177 5224 3445 5300 utroque

1952 5325 2184 5390 genere
2245 5307 2578 5384 donorum,
2641 5316 2768 5371 tam
2831 5309 3190 5377 intellectus
3251 5335 3445 5399 quam

2311 4733 2324 4776 :
2386 4716 2475 4777 Tu
2541 4717 2940 4797 signaculum
3007 4721 3448 4788 similitudinis
3541 4745 3713 4793 ezeeh.

1952 4813 2289 4893 (quantum
2336 4815 2413 4876 ad
2464 4817 2802 4898 naturam),
2855 4819 3082 4900 plenus
3139 4824 3449 4904 sapientia
3478 4825 3620 4917 {gj'ffl’

3660 4817 3724 4864 ti.
