4334 6242
850 450 933 517 86
1533 472 1598 517 IN
1637 472 1860 518 Lunum
1901 472 1945 517 11
1987 470 2470 517 SENTENnAmm.
2515 488 2595 499 --
2636 471 2789 517 DlST.
2816 470 2897 533 '13
2942 472 3166 527 QUAEST.
3211 472 3274 517 IV

858 642 1010 704 dum
1046 661 1173 705 11011
1214 643 1609 725 produxisse,
1643 642 1696 705 si
1735 642 1815 704 ab
1854 649 2089 704 aeterno
2120 640 2350 723 produ-
2380 639 2428 700 Α
2461 639 2685 701 11113361
2716 641 3026 702 mundum
3068 641 3393 702 destruere
3433 658 3546 701 seu
3576 640 3768 702 etiam
3802 638 3951 722 lapi-

858 740 1055 802 xisset
1111 742 1409 804 eumdem
1463 759 1476 802 :
1529 761 1669 823 quae
1719 740 1877 802 ratio
1924 748 2020 801 est
2068 739 2346 801 inducta.

859 839 1150 901 Secunda
1177 846 1273 901 est
1303 840 1379 901 de
1418 838 1875 901 annihilatione
1906 845 1967 899 et
2008 836 2347 908 creatione,

858 937 1025 999 sicut
1067 938 1489 1019 praehabitum
1530 945 1642 999 est.
1678 937 1887 999 Tertia
1924 944 2042 1010 est,
2081 936 2232 1017 quia
2274 936 2351 997 de

859 1036 1101 1098 ratione
1132 1044 1434 1117 creaturae
1466 1044 1560 1098 est
1592 1044 1661 1098 ut
1690 1053 1818 1098 non
1848 1054 1988 1097 6336
2023 1053 2356 1116 praecesse-

858 1134 943 1196 rit
971 1134 1111 1214 ejus
1140 1154 1297 1197 esse.
1333 1136 1452 1196 Aut
1486 1152 1634 1215 ergo
1674 1142 1959 1216 tempore
1994 1151 2008 1195 :
2046 1151 2170 1215 quo
2212 1150 2356 1194 con-

858 1250 1058 1307 cesso,
1106 1231 1375 1294 habetur
1423 1232 1845 1314 propositum,
1894 1232 2063 1313 quod
2111 1230 2356 1293 scilicet

856 1348 985 1392 non
1034 1329 1277 1392 exstitit
1322 1330 1402 1391 ab
1450 1338 1703 1393 aeterno.
1758 1331 1883 1393 Aut
1936 1338 2180 1391 natura.
2235 1329 2354 1389 Sed

857 1437 1097 1501 contra,
1132 1448 1551 1510 quaecumque
1591 1437 1739 1489 sunt
1785 1428 1960 1509 prius
2004 1428 2212 1489 solum
2253 1446 2357 1488 na-

858 1534 1021 1601 tura,
1056 1534 1321 1607 possunt
1362 1526 1553 1588 simul
1592 1526 1730 1588 sine
1771 1524 2191 1607 repugnantia
2218 1543 2355 1587 esse

860 1626 926 1687 in
967 1633 1251 1705 tempore
1288 1642 1301 1685 ε
1336 1625 1554 1705 sicque
1599 1643 1723 1687 non
1768 1644 1907 1687 6336
1952 1631 2256 1686 creaturae
2295 1631 2356 1685 et

858 1742 997 1785 esse
1040 1722 1180 1802 ejus
1224 1722 1415 1784 simul
1458 1730 1690 1797 essent,
1726 1723 1811 1784 ita
1852 1723 2021 1804 quod
2070 1729 2356 1784 creatura

2460 738 2605 799 dem
2653 757 2873 812 unum,
2908 738 3031 800 nisi
3082 739 3504 820 exspectando
3548 757 3664 819 per
3702 746 3952 819 tempus

2463 835 2811 898 infinitum.
2865 837 3001 899 Non
3059 836 3232 898 enim
3287 836 3598 917 potuisset
3649 855 3796 898 eum
3855 836 3955 897 de-

2462 941 2705 995 struere
2747 933 2828 995 ab
2869 942 3106 997 aeterno
3148 934 3214 995 in
3259 933 3368 995 illo
3411 934 3668 996 instanti
3715 934 3778 995 in
3829 952 3955 1015 quo

2461 1050 2609 1093 611111
2661 1033 2981 1114 produxit,
3017 1032 3168 1113 quia
3215 1032 3267 1094 si
3317 1032 3431 1106 sic,
3473 1032 3958 1094 contradictoria

2463 1130 2735 1192 fuissent
2774 1130 2966 1192 simul
3006 1149 3155 1192 vera
3189 1148 3204 1191 ε
3236 1148 3386 1211 ergo
3427 1130 3491 1193 in
3529 1130 3656 1192 alio
3701 1130 3956 1192 instanti

2463 1236 2572 1290 aut
2610 1237 2914 1310 tempore.
2951 1229 3071 1291 Sed
3113 1229 3277 1290 inter
3308 1229 3548 1291 instans
3591 1228 3748 1290 illud
3787 1236 3960 1291 16161·-

2463 1327 2679 1388 nitatis
2728 1335 2791 1388 et
2839 1327 3170 1409 quodlibet
3219 1328 3460 1389 instans
3518 1346 3815 1408 sequenS‚
3865 1334 3959 1390 est

2467 1424 2720 1487 infinita
2764 1425 3063 1487 distantia
3097 1442 3110 1486 :
3145 1444 3294 1506 ergo
3334 1426 3717 1508 oportuisset
3761 1426 3956 1488 Deum

2464 1531 2593 1585 tam
2637 1524 2747 1585 diu
2791 1525 3056 1586 tardare.
3092 1524 3322 1587 Octava
3356 1542 3370 1585 τ
3405 1525 3455 1586 31
3502 1524 3668 1586 Deus
3706 1524 3958 1586 fecisset

2467 1623 2778 1685 mundum
2810 1622 2890 1684 ab
2931 1631 3186 1695 aeterno,
3221 1631 3330 1685 aut
3365 1641 3514 1704 ergo
3545 1622 3771 1684 fuisset
3800 1623 3954 1695 dies,

2465 1728 2575 1783 aut
2623 1739 2765 1784 nox.
2802 1720 2864 1783 Si
2909 1722 3067 1795 (1163,
3100 1740 3250 1801 ergo
3292 1721 3398 1783 ille
3445 1720 3670 1783 fuisset
3717 1722 3958 1803 primus

860 1821 1052 1883 simul
1093 1827 1259 1883 esset
1297 1830 1357 1882 et
1398 1838 1523 1882 non
1568 1829 1751 1883 esset.
1788 1822 2017 1894 Quarta
2056 1828 2172 1894 est,
2206 1820 2356 1902 quia
2393 1822 2438 1883 B
2468 1820 2602 1881 dies
2639 1838 2652 1881 :
2687 1837 2811 1881 non
2845 1819 3038 1901 igitur
3070 1820 3474 1902 interipsum
3505 1829 3568 1883 et
3598 1820 3764 1883 inter
3791 1821 3956 1882 diem

860 1920 914 1981 si
947 1925 1233 1981 creatura
1264 1918 1489 1981 fuisset
1529 1918 1695 1981 facta
1732 1919 1813 1981 ab
1852 1926 2109 1994 aeternO,
2143 1926 2206 1981 et
2236 1919 2356 1980 hoc

861 2036 975 2100 per
1022 2018 1428 2089 creationem,
1473 2016 1710 2079 factum
1762 2027 1928 2080 esset
1976 2018 2095 2079 hoc
2146 2016 2212 2077 in
2265 2016 2356 2077 in-

859 2116 1088 2194 stanti;
1124 2124 1188 2177 et
1230 2115 1321 2177 316
1364 2116 1529 2177 inter
1574 2115 1729 2177 illud
1781 2116 2023 2177 instans
2071 2124 2133 2177 et
2183 2135 2360 2175 nunc

860 2216 1029 2297 quod
1066 2222 1160 2277 est
1196 2215 1328 2294 jam
1371 2233 1671 2297 praesenS‚
1707 2215 1933 2277 fuisset
1972 2214 2228 2276 infinita
2266 2214 2357 2275 di-

860 2314 1089 2375 stantia
1122 2331 1136 2374 :
1170 2313 1389 2393 sicque
1421 2313 1585 2375 inter
1614 2314 1773 2376 duos
1803 2314 2106 2375 terminos
2140 2313 2359 2374 finitos

858 2410 1087 2473 fuisset
1119 2411 1373 2474 infinita
1403 2411 1719 2474 distantia.
1742 2414 1885 2475 Haec
1918 2430 2169 2494 quoque
2201 2412 2359 2473 ratio

858 2510 1010 2571 satis
1041 2516 1339 2590 praetacta
1369 2517 1481 2571 est.
1513 2510 1741 2582 Quinta
1772 2517 1903 2571 est:
1933 2510 2360 2590 quandocum-

860 2626 985 2689 que
1014 2608 1154 2670 duae
1184 2607 1498 2669 distantiae
1529 2615 1677 2669 sunt
1706 2607 2001 2688 aequaleS,
2037 2625 2162 2669 non
2196 2608 2360 2669 vide-

858 2714 963 2766 tur
993 2724 1108 2767 cur
1140 2724 1339 2767 unum
1373 2704 1607 2767 mobile
1640 2712 1885 2767 motum
1917 2725 2131 2768 versus
2163 2724 2356 2767 unum

859 2809 1214 2864 extremum
1278 2802 1450 2865 illius
1510 2802 1823 2865 distantia}
1892 2804 2102 2885 potius
2160 2804 2358 2885 possit

861 2900 1129 2963 transire
1174 2901 1349 2963 illam
1393 2902 1782 2976 distantiam,
1815 2920 2007 2983 qnam
2054 2903 2108 2964 si
2150 2919 2360 2965 move-

2469 1918 2662 1980 istum
2717 1918 2985 1980 fuissent
3044 1918 3284 1981 infiniti
3334 1919 3492 1993 dies,
3543 1938 3662 1981 nec
3708 1928 3957 2001 tempus

2465 2018 2656 2079 etiam
2690 2016 3038 2079 infinitum.
3065 2018 3126 2079 Si
3160 2017 3428 2092 dicatur,
3452 2019 3621 2100 quod
3651 2036 3780 2080 non
3812 2018 3958 2079 fuis-

2467 2123 2562 2177 set
2593 2116 2840 2197 primus
2880 2116 3039 2189 dies,
3071 2133 3223 2197 ergo
3264 2116 3540 2178 mundus
3569 2135 3697 2179 non
3733 2116 3856 2179 fuit
3881 2116 3956 2178 ab

2467 2222 2720 2276 aeterno.
2755 2214 2932 2276 Nona
2966 2232 2979 2275 :
3015 2215 3065 2275 si
3110 2214 3275 2276 Deus
3315 2214 3466 2276 fecit
3507 2215 3740 2277 coelum
3780 2223 3844 2277 et
3874 2216 3959 2277 lu-

2470 2312 2742 2374 minaria
2772 2313 2912 2393 ejus
2952 2312 3032 2374 ab
3073 2321 3330 2387 aeternO,
3362 2320 3470 2373 aut
3509 2331 3659 2393 ergo
3689 2313 3843 2375 fecit.
3870 2332 3959 2376 so-

2470 2411 2594 2473 lem
2635 2418 3111 2492 superterram,
3144 2410 3245 2471 vel
3285 2410 3406 2472 sub
3445 2419 3630 2473 terra.
3667 2412 3730 2473 Si
3772 2430 3958 2495 super

2471 2516 2722 2581 terram,
2775 2526 2924 2589 ergo
2973 2509 3065 2570 sol
3123 2508 3276 2570 fecit
3322 2509 3600 2590 aliquem
3652 2509 3847 2583 diem,
3899 2519 3958 2571 et

2471 2608 2576 2669 1116
2607 2607 2831 2669 fuisset
2862 2607 3110 2689 primus
3141 2607 3298 2681 dies,
3331 2615 3394 2669 et
3421 2627 3458 2669 a
3489 2608 3805 2690 principio
3834 2608 3954 2671 diei

2469 2705 2642 2768 illius
2683 2724 2885 2787 usque
2925 2706 3094 2767 diem
3133 2713 3505 2787 sequentem
3546 2705 3771 2769 fuisset
3810 2715 3958 2769 tem-

2468 2824 2587 2885 pus
2618 2804 2878 2866 finitum
2914 2822 2928 2865 :
2961 2822 3110 2883 ergo
3142 2803 3396 2865 interim
3429 2822 3553 2866 11011
3585 2803 3777 2866 fluxit
3809 2812 3956 2867 tem-

2468 2923 2586 2985 pus
2647 2901 2996 2964 infinitum.
3060 2902 3317 2963 Decima
3375 2920 3386 2964 :
3443 2902 3497 2963 si
3561 2903 3958 2984 produxisset

859 3007 1003 3061 atur
1049 3001 1403 3063 econtrario
1449 3009 1814 3063 retrorsum.
1869 3002 1932 3064 Si
1986 3019 2134 3082 ergo
2193 3001 2358 3064 Deus
2393 3006 2438 3069 C
2469 3002 2778 3062 mundum
2810 3000 2891 3062 ab
2929 3008 3184 3073 aetern0‚
3220 2999 3592 3081 contingens
3633 3020 3770 3063 6336
3812 3001 3958 3063 fuis-

860 3105 1133 3161 creasset
1164 3098 1245 3159 ab
1272 3106 1507 3161 aeterno
1536 3099 1815 3180 aliquam
1848 3108 2224 3173 creaturam,
2250 3100 2358 3162 illa

860 3196 1218 3260 necessario
1247 3197 1528 3259 durasset
1564 3218 1679 3279 per
1708 3206 1960 3280 tempus
1992 3198 2354 3278 infinitum3

860 3304 925 3357 et
972 3296 1026 3358 si
1076 3295 1332 3358 interim
1392 3304 1563 3359 mota
1613 3296 1860 3371 fuisset,
1913 3299 2356 3379 pertransisset

862 3395 1139 3477 spatium
1181 3394 1513 3457 infinitum
1546 3396 1609 3457 in
1652 3402 1915 3457 rectum.
1952 3396 2015 3459 Si
2046 3416 2195 3477 ergo
2226 3417 2359 3459 rur—

861 3512 969 3555 sus
1030 3501 1357 3555 moveatur
1403 3512 1517 3574 per
1564 3494 1839 3574 spatium
1902 3494 2069 3557 idem
2129 3503 2356 3557 retror-

862 3611 1028 3666 sum,
1081 3608 1296 3672 quaero
1341 3611 1423 3653 an
1475 3611 1754 3673 unquam
1816 3592 2098 3656 inveniet
2148 3594 2358 3656 termi-

862 3708 1041 3763 num,
1074 3708 1155 3751 an
1186 3707 1312 3751 non
1340 3689 1430 3751 :si
1464 3690 1765 3765 inveniet,
1796 3709 1924 3754 non
1954 3700 2050 3753 est
2079 3693 2355 3773 spatium

863 3786 1230 3865 infinitum3
1264 3788 1315 3849 si
1368 3805 1493 3849 non
1544 3788 1847 3863 inveniet,
1887 3789 2005 3851 hoc
2053 3791 2180 3851 dici
2230 3809 2355 3853 non

864 3892 1091 3968 potest,
1144 3904 1341 3967 quum
1391 3886 1475 3947 sit
1522 3887 1783 3968 aequalis
1830 3888 2128 3949 distantia
2161 3906 2176 3950 :
2209 3907 2358 3971 ergo

864 3983 1030 4046 sicut
1059 3984 1350 4065 pervenit
1379 3985 1457 4046 ad
1489 3986 1833 4047 'terminum
1869 3986 2085 4059 istum,
2114 3988 2199 4049 ita
2229 4007 2363 4068 per-

862 4081 1157 4144 transibit
1187 4084 1439 4145 tandem
1470 4091 1665 4145 totum
1694 4084 1966 4166 spatium
1996 4085 2151 4147 illud
2185 4103 2363 4147 econ-

2467 3107 2559 3161 set
2611 3099 3248 3172 necessarium¹esse‚
3281 3098 3432 3180 quia
3478 3117 3602 3161 non
3653 3101 3961 3181 potuisset

2466 3197 2805 3260 annihilari
2838 3216 2955 3259 1166
2985 3197 3225 3259 destrui
3256 3196 3377 3258 nisi
3412 3206 3554 3278 post.
3584 3206 3837 3280 tempus
3868 3197 3960 3259 in-

2467 3297 2747 3370 finitum,
2782 3304 2853 3358 ut
2897 3304 3068 3377 patet
3111 3314 3187 3357 ex
3237 3295 3445 3359 dictis.
3481 3296 3825 3360 Undecima
3859 3315 3874 3359 ε
3908 3298 3960 3359 si

2468 3398 2801 3469 mundum,
2822 3394 3054 3458 coelum
3086 3402 3150 3455 et
3179 3394 3378 3456 solem
3413 3393 3564 3456 fecit
3591 3394 3672 3457 ab
3703 3404 3958 3469 aetern0‚

2467 3510 2613 3573 ergo
2645 3493 2842 3555 solem
2874 3493 3026 3555 fecit
3065 3494 3130 3554 in
3170 3492 3386 3575 aliquo
3424 3493 3551 3555 situ
3592 3493 3760 3567 coeli,
3793 3501 3856 3556 et
3884 3514 3962 3556 ex

2468 3591 2578 3653 illo
2626 3593 2819 3674 coepit
2863 3592 3099 3653 moveri
3138 3609 3152 3653 ε
3186 3609 3312 3653 11011
3359 3592 3552 3672 igitur
3598 3592 3679 3654 ab
3727 3601 3962 3655 aeterno

2469 3697 2678 3752 motus
2717 3699 2830 3752 est.
2865 3691 3252 3753 Duodecima
3287 3708 3300 3751 :
3335 3690 3389 3752 si
3431 3698 3717 3753 creatura
3758 3692 3964 3773 potuit

2467 3790 2610 3853 fieri
2663 3790 2744 3851 ab
2801 3798 3055 3863 aeterno,
3109 3791 3317 3872 potuit
3370 3791 3535 3852 Deus
3591 3791 3672 3852 ab
3729 3800 3964 3854 aeterno

2470 3907 2682 3952 creare
2717 3888 3048 3950 mulierem
3085 3896 3538 3969 praegnantem,
3571 3908 3840 3970 eamque
3871 3891 3962 3951 di-

2469 3987 2720 4049 mittere
2771 3988 3094 4049 communi
3145 3988 3358 4050 cursui
3405 4006 3421 4049 :
3463 4007 3612 4069 ergo
3661 3998 3806 4070 post
3853 4008 3962 4051 no-

2469 4105 2614 4148 vem
2647 4104 2894 4147 menses
2937 4086 3304 4167 peperisset.
3341 4087 3504 4167 Ergo
3541 4106 3578 4148 a
3608 4095 3791 4168 partu
3821 4088 3962 4168 ejus

862 4180 1077 4242 trariO.
1129 4181 1361 4243 Sexta:
1397 4181 1450 4242 si
1502 4182 1778 4243 mundus
1830 4183 2037 4263 potuit
2086 4182 2232 4245 fieri
2279 4184 2359 4245 ab
2389 4183 2440 4245 D
2471 4204 2672 4265 usque
2723 4186 2790 4246 in
2850 4203 3127 4265 praesens
3180 4203 3306 4247 non
3359 4185 3483 4247 fuit
3535 4185 3657 4248 nisi
3711 4193 3962 4269 tempus

863 4286 1121 4351 aeternO,
1169 4279 1376 4359 potuit
1423 4280 1718 4341 evacuari
1768 4280 1999 4342 divisio
2043 4281 2352 4344 continui.

865 4376 1157 4438 Fuissent
1198 4377 1435 4439 etenim
1487 4377 1622 4438 dies
1674 4376 1935 4451 infiniti,
1972 4379 2035 4439 in
2084 4396 2356 4460 quorum

865 4474 1152 4555 quolibet
1200 4482 1440 4555 poterat
1484 4475 1790 4557 compleri
1836 4495 1961 4538 una
2010 4476 2261 4552 divisio,
2294 4487 2358 4540 et

866 4571 957 4634 sic
1007 4571 1187 4635 factae
1217 4581 1428 4635 essent
1472 4574 1537 4635 in
1582 4574 1693 4636 illo
1736 4574 2037 4637 continuo
2086 4575 2357 4640 infinitae.

865 4670 1211 4734 divisiones
1245 4688 1258 4733 :
1293 4678 1485 4733 staret
1527 4690 1677 4754 ergo
1726 4672 1973 4735 divisio.
2009 4673 2120 4735 Vel
2164 4675 2360 4755 igitur

864 4778 1057 4833 staret
1088 4770 1153 4831 in
1186 4777 1393 4852 partes
1425 4771 1883 4847 divisibilesffit
1913 4772 2004 4834 sic
2037 4790 2160 4835 non
2191 4784 2357 4836 esset

864 4869 1219 4950 completa3
1268 4876 1377 4930 aut
1426 4868 1491 4929 in
1541 4878 1750 4951 partes
1798 4871 2245 4945 indivisibileS,
2295 4882 2358 4935 et

859 4968 953 5029 316
983 4967 1343 5029 continuum
1372 4986 1449 5029 ex
1482 4967 1974 5031 indivisibilibus
2004 4978 2169 5032 esset
2201 4989 2359 5033 com-

860 5066 1159 5148 positum.
1195 5065 1475 5146 Septima
1512 5082 1527 5127 t
1560 5066 1614 5127 si
1645 5066 1810 5128 Deus
1843 5068 2153 5149 potuisset
2183 5088 2360 5131 mun-

860 5165 1014 5226 dum
1072 5164 1422 5247 producere
1480 5164 1560 5225 ab
1614 5172 1869 5239 anemo,
1924 5166 2235 5247 potuisset
2289 5187 2354 5229 se

860 5263 1067 5325 facere
1122 5280 1247 5325 non
1298 5262 1821 5345 omnipotentem,
1873 5264 2026 5346 quia
2071 5284 2198 5327 non
2249 5284 2355 5347 po-

2469 4282 2765 4361 finitum3
2815 4289 2880 4343 et
2935 4291 3081 4344 ante
3133 4300 3260 4344 non
3318 4291 3498 4345 erant
3557 4283 3680 4345 nisi
3732 4301 3957 4346 novem

2471 4400 2742 4456 menseS,
2777 4382 2886 4463 qui
2930 4382 3121 4442 etiam
3163 4388 3312 4442 sunt
3356 4388 3608 4463 tempus
3649 4380 3958 4443 finitum:

2469 4498 2618 4560 ergo
2647 4487 2850 4542 totum
2880 4488 3133 4561 tempus
3165 4477 3289 4539 fuit
3325 4478 3604 4541 finitum.
3638 4514 3720 4524 —
3749 4480 3962 4543 Consi-

2470 4578 2647 4639 milia
2677 4578 2877 4640 multa
2906 4584 3172 4660 possunt
3203 4577 3443 4653 induci,
3475 4578 3626 4659 quia
3654 4579 3963 4659 potuisset

2469 4676 2633 4738 Deus
2673 4676 2753 4738 ab
2796 4683 3031 4739 aeterno
3075 4676 3426 4759 producere
3467 4675 3676 4738 virum
3721 4684 3783 4738 et
3829 4696 3964 4739 mu-

2469 4774 2688 4836 lierem
2725 4792 2738 4835 :
2775 4775 2884 4856 qui
2929 4793 3055 4836 non
3100 4773 3454 4857 potuissent
3496 4793 3798 4855 generare
3838 4775 3962 4837 nisi

2469 4881 2611 4954 post
2644 4880 2894 4954 tempus
2937 4872 3300 4944 infinitum;
3331 4881 3396 4934 et
3435 4872 3526 4934 316
3559 4872 3794 4935 vellent
3831 4873 3966 4934 nol-

2469 4971 2620 5043 lent,
2655 4990 2768 5051 per
2806 4979 3058 5052 tempus
3099 4970 3427 5032 infinitum
3473 4970 3959 5044 continuissent,

2464 5076 2654 5150 atque
2707 5087 2822 5150 per
2867 5068 3193 5130 infinitum
3247 5076 3498 5149 tempus
3541 5068 3852 5130 vixissent
3899 5077 3962 5130 et

2465 5166 2820 5229 conservati
2854 5166 3124 5227 fuissent
3162 5173 3502 5247 antequam
3533 5165 3908 5247 genuissent
3941 5184 3957 5228 :

2467 5265 2636 5347 quod
2676 5281 2803 5326 non
2847 5262 3073 5326 fuisset
3109 5264 3414 5338 naturale,
3449 5283 3564 5326 nec
3603 5284 3640 5327 a
3679 5264 3960 5347 philoso-
