4334 6242
901 476 980 544 44
1607 501 1672 548 m
1713 501 1934 548 uanum
1976 501 2019 547 ιι
2061 499 2543 548 snm-ammaon.
2588 517 2669 529 —
2708 500 2861 547 msr.
2909 501 2969 563 13
3012 501 3235 557 ouAEsT.
3282 503 3303 550 1

902 690 1079 733 mum
1126 670 1458 735 bonorum.
1492 673 1724 746 Primo,
1767 672 2070 754 quoniam
2114 671 2396 754 primum
2427 669 2480 731 A
2510 689 2687 732 mum
2728 688 3068 734 commune
3110 672 3362 735 essendi
3407 671 3821 756 principium.
3856 673 4003 736 Haec

899 768 1212 833 bonorum
1280 771 1670 854 principium
1731 779 1826 833 est
1882 789 1996 853 per
2053 770 2396 832 essentiam

898 866 1136 930 bonum
1184 888 1197 932 :
1241 869 1403 931 nihil
1445 877 1658 932 autem
1709 876 1916 951 potest
1959 887 2098 931 esse
2142 886 2258 950 per
2300 887 2397 930 es·

896 966 1165 1028 sentiam
1211 987 1392 1029 suam
1439 969 1700 1042 malum,
1735 968 1886 1051 quia
1927 987 2039 1030 ens
2086 968 2152 1029 in
2197 986 2396 1048 quan-

896 1072 1033 1127 tum
1086 1085 1219 1138 ειιε,
1272 1074 1368 1128 εει
1415 1067 1676 1129 bonum.
1726 1067 2038 1140 Secund0,
2090 1065 2393 1148 quoniam

897 1162 1182 1242 primum
1243 1163 1633 1246 principium
1695 1164 2009 1226 bonorum
2067 1172 2165 1226 est
2222 1184 2394 1226 sum-

897 1280 1074 1322 mum
1113 1269 1177 1323 et
1214 1262 1476 1324 omnino
1518 1263 1872 1344 perfectum
1920 1262 2179 1325 bonum.
2216 1263 2395 1325 Sum-

895 1378 1076 1421 mum
1119 1379 1270 1422 vcro
1317 1361 1559 1422 malum
1608 1381 1746 1424 esse
1797 1380 1922 1425 non
1974 1362 2141 1423 valet
2185 1379 2199 1423 ε
2244 1381 2391 1424 nam

893 1457 1012 1519 etsi
1045 1459 1287 1520 malum
1317 1479 1570 1542 semper
1601 1460 1915 1522 diminuat
1947 1459 2210 1535 bonum,
2236 1479 2393 1522 nun-

893 1575 1086 1638 quam
1127 1564 1341 1619 tamen
1391 1567 1599 1641 potest
1643 1559 1920 1621 totaliter
1970 1559 2128 1621 illud
2169 1577 2393 1620 consu-

896 1673 1088 1717 mere.
1113 1656 1343 1729 Tertio,
1373 1656 1676 1738 quoniam
1709 1657 1868 1719 ratio
1900 1657 2050 1718 mali
2083 1663 2393 1739 repugnat

893 1754 1124 1816 rationi
1182 1755 1375 1836 primi
1436 1755 1756 1837 principii.
1821 1757 2053 1818 Malum
2115 1774 2391 1837 namque

2506 768 2777 831 Thomas
2822 769 2887 832 in
2932 771 3140 852 prima
3183 779 3379 853 parte.

2584 866 2661 928 At
2691 886 2841 930 vero
2871 868 2937 930 in
2970 869 3231 931 Summa
3261 877 3476 932 contra
3507 869 3798 950 gentileS‚
3819 867 4002 930 libris

2505 966 2785 1027 secundo
2813 985 2886 1028 ac
2917 968 3124 1041 terti0,
3158 968 3236 1029 de
3266 967 3383 1029 hac
3415 985 3481 1028 re
3511 966 3735 1029 scribit
3764 965 4001 1029 diffuse

2505 1083 2619 1145 per
2662 1064 2911 1126 diversa
2959 1066 3235 1147 capitula
3270 1083 3283 1128 ε
3317 1065 3719 1149 Impossibile
3760 1066 4003 1147 (inqui-
4030 1079 4257 1130 naman

2504 1161 2646 1242 ens)
2676 1171 2771 1226 est
2808 1183 2947 1226 esse
2977 1164 3235 1245 aliquod
3273 1183 3598 1226 summum
3633 1163 3873 1227 malum
3904 1183 4005 1226 ce-

2504 1267 2786 1322 terorum
2851 1262 3162 1324 malorum
3229 1262 3642 1345 principium,
3698 1263 4002 1344 quoniam

2506 1358 2745 1420 malum
2789 1359 2947 1422 illud
2986 1368 3304 1443 oporteret
3345 1380 3483 1424 esse
3522 1361 3762 1443 absque
3792 1361 4005 1424 omnis

2504 1456 2657 1518 boni
2698 1458 3018 1521 consortio
3052 1477 3066 1520 t
3102 1460 3311 1521 omnis
3350 1466 3565 1522 autem
3602 1459 3879 1521 essentia
3906 1467 4007 1520 est

2505 1554 2754 1618 bonitas
2787 1557 3095 1637 quaedam.
3132 1557 3305 1620 Nihil
3336 1575 3590 1640 quoque
3620 1557 3749 1638 agit
3779 1557 3905 1620 nisi
3937 1556 4005 1618 in

2506 1661 2818 1735 quantum
2848 1662 2943 1716 est
2975 1655 3039 1716 in
3068 1663 3213 1717 actu
3244 1663 3306 1718 et
3337 1655 3588 1717 virtute.
3624 1655 3749 1717 Ens
3789 1662 4005 1717 autem

2507 1751 2573 1812 iu
2619 1759 2929 1833 quantum
2974 1753 3119 1826 tale,
3149 1752 3340 1815 habet
3385 1753 3693 1816 rationem
3735 1752 4004 1834 perfecti

894 1870 1032 1913 esse
1073 1869 1198 1914 non
1241 1860 1447 1934 potest
1488 1872 1679 1915 causa
1721 1853 1843 1916 nisi
1891 1872 2006 1935 per
2043 1853 2338 1915 accidens
2373 1869 2387 1914 z
2428 1853 2476 1916 B
2506 1857 2569 1911 et
2616 1848 2786 1912 boni.
2824 1886 2907 1897 -
2944 1853 3123 1926 ltem,
3168 1852 3628 1914 contrariorum
3676 1853 4003 1932 agentium

895 1950 1037 2013 ideo
1080 1969 1218 2012 esse
1269 1969 1397 2014 non
1446 1961 1652 2033 potest
1699 1953 1906 2034 prima
1949 1971 2156 2014 causa.
2195 1952 2394 2014 Causa

895 2049 1067 2110 enim
1109 2068 1223 2131 per
1250 2049 1546 2112 accidens
1582 2050 1894 2132 posterior
1922 2058 2018 2113 est
2048 2069 2239 2112 causa
2280 2067 2395 2131 per

895 2165 984 2220 se,
1019 2155 1090 2208 ut
1120 2148 1400 2210 secundo
1440 2147 1677 2209 dicitur
1715 2148 2145 2231 physicorum.
2174 2184 2253 2192 —
2282 2148 2393 2209 De-

895 2245 1090 2327 nique
1130 2253 1437 2327 ponentes
1477 2246 1604 2308 duo
1648 2247 1855 2328 prima
1905 2266 2117 2309 rerum
2159 2245 2394 2329 princi-

895 2343 1020 2426 pia,
1045 2363 1241 2406 unum
1277 2343 1540 2419 bonum,
1573 2344 1746 2410 aliud
1781 2345 2140 2418 malum,ex
2169 2345 2393 2406 eadem

894 2441 1105 2503 radice
1137 2441 1203 2503 in
1239 2442 1410 2504 hunc
1440 2451 1817 2505 corruerunt
1846 2461 2126 2505 errorem
2157 2462 2233 2504 ex
2267 2460 2393 2523 qua

891 2540 1032 2602 aliae
1073 2558 1326 2622 quoque
1370 2541 1778 2622 antiquorum
1831 2541 2179 2622 positiones
2224 2558 2392 2602 erro-

895 2656 1029 2700 neas
1069 2645 1278 2700 ortum
1324 2640 1642 2701 duxerunt
1677 2657 1690 2700 :
1727 2639 1878 2722 quia
1922 2639 2221 2701 videlicet
2265 2655 2392 2700 non

894 2737 1457 2800 consideraverunt
1507 2757 1764 2800 causam
1825 2738 2251 2800 universalem
2303 2746 2393 2800 to-

893 2835 1022 2896 tius
1051 2835 1238 2908 entiS,
1272 2837 1380 2898 sed
1415 2836 1620 2898 solum
1666 2836 2079 2917 particulares
2120 2835 2394 2918 particu-

895 2933 1126 2995 larium
1174 2932 1526 2997 effectuum
1576 2954 1816 2996 causaS.
1868 2935 2029 2996 Hinc
2079 2936 2250 3016 quod
2300 2934 2393 2996 vi—

2505 1957 2754 2011 exstant
2803 1951 3132 2014 contrariae
3184 1950 3465 2014 actiones
3518 1969 3533 2013 :
3583 1968 3805 2013 eorum
3852 1968 4005 2032 ergo

2506 2067 2645 2129 quae
2677 2067 2790 2130 per
2820 2069 3013 2111 unam
3044 2050 3359 2113 actionem
3392 2050 3855 2131 producuntur,
3875 2066 3999 2112 non

2504 2153 2653 2207 sunt
2694 2147 3009 2210 contraria
3053 2149 3344 2230 ponenda
3385 2147 3720 2230 principia.
3757 2148 4003 2211 Bonum

2504 2262 2655 2306 vero
2694 2253 2757 2307 et
2800 2245 3041 2307 malum
3085 2246 3305 2308 eadem
3350 2246 3598 2309 actione
3642 2248 4005 2328 producun-

2502 2350 2607 2404 tur
2654 2361 2669 2405 z
2718 2344 2882 2405 sicut
2935 2346 3155 2407 eadem
3208 2345 3455 2407 actione
3507 2363 3672 2427 aqua
3720 2363 4005 2408 corrum—

2504 2441 2679 2524 pitur
2732 2451 2795 2504 et
2841 2462 2948 2505 aer
2999 2452 3354 2524 generatur.
3408 2445 3545 2506 Non
3602 2443 3795 2526 igitur
3854 2453 4008 2506 sunt

2506 2541 2799 2620 ponenda
2846 2541 3160 2603 contraria
3209 2541 3527 2624 principia
3574 2551 3833 2624 propter
3880 2543 4005 2604 dif—

2504 2637 2839 2700 ferentiam
2873 2639 3023 2701 boni
3064 2658 3137 2700 ae
3169 2640 3319 2701 mali
3359 2639 3769 2703 exsistentem
3813 2641 3877 2702 in
3910 2660 4008 2702 re-

2505 2734 2643 2797 bus,
2696 2773 2777 2782 —
2825 2739 2979 2811 Imo,
3032 2745 3103 2799 ut
3150 2745 3321 2820 patet
3372 2757 3449 2800 ex
3498 2738 3706 2813 dictis,
3760 2739 4003 2803 malum

2506 2853 2632 2897 non
2676 2843 2771 2898 est
2815 2836 2939 2898 nisi
2983 2837 3255 2918 privatio
3304 2835 3452 2899 boni
3498 2837 3629 2899 nati
3674 2837 4003 2920 debitique

2508 2934 2733 2996 inesse.
2787 2935 3062 2999 Privatio
3109 2953 3259 2998 vcro
3318 2953 3445 2998 non
3504 2936 3693 2998 habet
3746 2956 4005 3001 causam

893 3032 1121 3094 derunt
1162 3032 1354 3095 alicui
1396 3033 1763 3114 particulari
1807 3041 2046 3096 naturae
2089 3034 2392 3096 nocivum
2430 3030 2475 3094 G
2506 3051 2621 3114 per
2684 3052 2751 3095 se
2816 3042 3130 3114 agentem,
3192 3035 3495 3116 quoniam
3557 3052 3746 3098 omne
3808 3055 4004 3116 agens

893 3128 1131 3194 virtute
1173 3150 1304 3193 suae
1343 3138 1605 3204 naturae‚
1641 3132 1938 3194 dixerunt
1984 3139 2274 3192 naturam
2324 3131 2394 3192 il-

895 3228 1020 3290 lius
1058 3248 1197 3291 esse
1237 3230 1468 3291 malam
1505 3247 1518 3291 :
1554 3229 1728 3291 velut
1771 3230 1822 3291 si
1872 3229 2120 3291 dicatur
2169 3237 2394 3290 natura

895 3327 1060 3409 ignis
1110 3328 1297 3402 mala,
1349 3327 1500 3409 quia
1549 3327 1866 3390 comburit
1913 3327 2189 3408 alicujus
2243 3345 2391 3407 pau-

896 3425 1067 3507 peris
1107 3426 1388 3488 domum.
1425 3427 1545 3488 Sed
1587 3426 1903 3507 judicium
1952 3426 2032 3487 de
2075 3425 2164 3486 rei
2218 3424 2395 3487 boni-

898 3532 1022 3586 tate
1063 3543 1190 3586 non
1229 3532 1326 3586 est
1354 3523 1800 3605 accipiendum
1841 3525 2194 3586 secundum
2231 3523 2395 3585 ordi-

899 3643 1045 3686 nem
1075 3624 1154 3685 ad
1183 3623 1424 3704 aliquid
1460 3623 1864 3704 particulare,
1897 3623 2006 3698 sed
2038 3623 2390 3684 secundum

897 3741 966 3784 se
1014 3721 1251 3803 ipsum,
1303 3728 1494 3803 atque
1552 3722 1906 3782 secundum
1964 3721 2253 3784 ordinem
2315 3720 2393 3781 ad

898 3825 1102 3881 totum
1166 3819 1559 3892 universum,
1623 3818 1689 3879 in
1749 3836 1874 3900 quo
1931 3817 2234 3900 quaelibet
2294 3835 2393 3878 res

898 3937 1086 3980 suum
1131 3917 1338 3980 locum
1379 3917 1850 3980 ordinatissime
1890 3916 2096 3978 habet.
2135 3915 2392 3978 Consor-

898 4015 1106 4090 miter,
1159 4015 1310 4097 quia
1365 4015 1663 4077 viderunt
1719 4016 1993 4077 duorum
2055 4013 2393 4096 particula-

896 4115 1063 4176 rium
1105 4114 1456 4178 effectuum
1499 4114 1962 4176 contrariorum
2003 4114 2160 4175 duas
2206 4111 2395 4194 parti-

896 4214 1142 4275 culares
1187 4232 1406 4274 causas
1446 4231 1585 4274 esse
1629 4211 1996 4285 contrariaS‚
2030 4211 2395 4272 nescierunt
2426 4215 2474 4276 D
2508 4209 2635 4290 Ego
2665 4210 2853 4282 DeuS,
2888 4217 2948 4270 et
2980 4227 3105 4271 non
3140 4217 3231 4271 est
3264 4210 3443 4283 alter,
3477 4208 3758 4274 formans
3790 4211 3999 4274 lucem
4034 4231 4314 4300 ιωιιῃεα.Ὶ

897 4330 1119 4372 causas
1170 4310 1310 4372 illas
1361 4310 1774 4391 particulares
1821 4309 2165 4371 contrarias
2210 4309 2393 4369 redu-

897 4428 1041 4471 cere
1082 4408 1146 4470 in
1189 4426 1442 4470 causam
1491 4407 1916 4469 universalem
1960 4425 2389 4470 communem.

897 4507 1056 4570 Hinc
1116 4526 1320 4589 usque
1371 4507 1448 4568 ad
1508 4505 1826 4587 principia
1887 4505 2092 4586 prima
2150 4511 2393 4566 contra-

901 4606 1189 4668 rietatem
1241 4605 1304 4665 in
1354 4602 1562 4666 causis
1610 4622 1748 4666 esse
1795 4602 2121 4685 putabant.
2157 4603 2389 4664 Verum

897 4719 1098 4787 quum
1136 4709 1365 4765 cuncta
1405 4701 1721 4764 contraria
1757 4701 2138 4764 conveniant
2170 4701 2232 4762 in
2266 4719 2394 4762 uno

899 4802 1250 4874 communi,
1283 4808 1530 4882 oportet
1561 4819 1754 4881 supra
1792 4819 2012 4862 causas
2048 4801 2394 4863 contrarias

899 4902 1188 4985 proprias
1249 4917 1483 4982 ponere
1545 4917 1797 4960 causam
1861 4918 2052 4960 unam
2113 4917 2397 4960 commu-

901 4997 1643 5082 nem:quemadmodum
1677 5015 1864 5078 supra
1895 4997 2225 5079 qualitates
2258 5016 2399 5060 con-

901 5099 1124 5161 trarias
1193 5097 1656 5159 elementorum
1730 5095 2055 5157 invenitur
2119 5096 2398 5158 coelestis

901 5196 1186 5280 corporis
1225 5194 1448 5256 virtuS.
1485 5193 1716 5275 Sicque
1758 5213 1952 5276 supra
1993 5193 2210 5256 omnia
2249 5211 2401 5275 quo-

902 5314 1181 5378 cumque
1226 5295 1414 5357 modo
1457 5292 1846 5367 exsistentia,
1887 5300 1982 5355 est
2029 5311 2229 5354 unum
2278 5291 2402 5374 pri-

2505 3131 2634 3211 agit
2693 3132 2757 3192 in
2818 3139 3127 3213 quantum
3192 3140 3289 3194 est
3346 3132 3585 3195 habens
3649 3133 3917 3196 formam
3986 3153 4001 3196 :

2509 3229 2745 3292 idcirco
2789 3228 3093 3291 effectum
3138 3230 3277 3311 ejus
3323 3249 3437 3313 per
3478 3251 3545 3293 se
3588 3239 3835 3314 oportet.
3878 3233 4005 3294 for-

2507 3345 2675 3388 mam
2710 3326 2963 3400 habere‚
2995 3347 3189 3408 quum
3220 3345 3408 3390 omne
3437 3347 3629 3408 agens
3660 3337 3801 3410 agat-
3830 3330 4009 3392 simi—

2508 3424 2564 3485 le
2608 3424 2753 3486 sibi.
2798 3426 2943 3487 ldeo
2988 3425 3227 3487 malum
3278 3427 3501 3488 incidit
3546 3447 3660 3508 per
3708 3428 4005 3490 accidens

2508 3523 2573 3584 in
2617 3522 2956 3585 effectibus
3006 3543 3339 3586 causarum
3384 3543 3499 3606 per
3541 3545 3607 3587 se
3654 3527 3999 3607 agentium.

2506 3621 2748 3684 Idcirco
2790 3641 2915 3684 non
2960 3631 3057 3684 est
3098 3640 3298 3684 unum
3348 3642 3461 3704 per
3500 3643 3566 3685 se
3610 3623 4003 3707 principium

2508 3720 2787 3801 primum
2842 3720 3196 3799 malorum3
3252 3722 3359 3783 sed
3412 3722 3693 3802 primum
3751 3723 4005 3784 univer-

2506 3836 2719 3879 sorum
2764 3817 3153 3898 principium
3204 3826 3300 3880 est
3349 3838 3462 3900 per
3514 3838 3581 3880 se
3632 3819 3894 3893 bonum,
3934 3820 4001 3882 in

2508 3916 2694 3997 cujus
2742 3915 3084 3978 effectibus
3136 3917 3548 3998 consequitur
3600 3918 3836 3980 malum
3886 3939 4004 4000 per

2506 4015 2819 4076 accidens.

2585 4112 2845 4194 Propter
2872 4112 3041 4193 quod
3074 4112 3239 4174 Deus
3280 4131 3396 4193 per
3424 4112 3647 4174 lsaiam
3681 4122 3947 4176 testatur
3979 4133 3995 4176 ε

2505 4316 2566 4369 et
2606 4326 2827 4369 creans
2868 4307 3184 4380 tenebraS,
3219 4307 3458 4369 faciens
3504 4328 3723 4389 pacem
3764 4319 3826 4373 et
3870 4331 4002 4373 cre—

2504 4427 2617 4469 ans
2662 4407 2937 4484 malum3
2983 4423 3099 4487 ego
3142 4406 3449 4468 Dominus
3499 4407 3739 4471 faciens
3788 4412 4006 4473 omnia

2505 4506 2658 4568 haec.
2696 4507 2763 4567 ln
2797 4505 3240 4567 Ecclesiastico
3278 4523 3531 4586 quoque
3567 4508 4002 4590 conscriptum

2504 4611 2601 4666 est
2634 4621 2647 4664 :
2682 4605 2853 4666 Bona
2899 4609 2959 4664 et
3006 4604 3192 4677 mala,
3226 4604 3356 4664 vita
3399 4612 3463 4665 et
3511 4622 3702 4679 morS,
3737 4625 4007 4690 pauper·
4086 4633 4293 4676 secam,

4042 4699 4109 4739 ιι.
4313 4697 4314 4702 ’

2508 4710 2600 4763 tas
2654 4711 2715 4763 et
2764 4702 3081 4774 honestaS‚
3134 4721 3171 4763 a
3220 4703 3345 4764 Deo
3406 4711 3597 4782 sunt3
3648 4703 3931 4787 itemque
3984 4724 4000 4768 ε

2507 4801 2735 4864 Contra
2767 4800 3003 4861 malum
3039 4800 3277 4862 bonum
3309 4807 3425 4874 est,
3458 4808 3521 4862 et
3559 4810 3779 4864 contra
3805 4804 4003 4867 vitam
4040 4805 4314 4872 mamm}

2510 4915 2715 4976 mors3
2748 4898 2839 4960 sic
2886 4906 3104 4960 contra
3145 4898 3355 4960 virum
3399 4898 3645 4979 justum
3687 4910 4005 4983 peccator,
4043 4895 4112 4934 ¹⁵·
4313 4893 4314 4898 ἵ

2508 5005 2571 5058 ει
2618 4997 2710 5059 sic
2768 4997 3015 5059 intuere
3065 4997 3129 5059 in
3190 4997 3401 5059 omnia
3456 5016 3648 5080 opera
3695 5000 4009 5065 Altissimi

2510 5095 2635 5157 duo
2686 5102 2903 5157 contra
2952 5096 3098 5167 duo,
3146 5114 3347 5157 unum
3400 5102 3617 5158 contra
3664 5116 3883 5160 unum.
3925 5135 4012 5146 -—

2510 5194 2699 5256 Porro
2748 5195 2915 5256 Deus
2957 5193 3195 5255 dicitur
3235 5193 3443 5256 facere
3486 5195 3673 5270 mala,
3710 5196 3775 5258 in
3818 5217 4015 5280 quan·

2514 5299 2652 5353 tum
2685 5298 2855 5353 creat
2881 5310 2953 5354 ea
2984 5311 3125 5373 quae
3155 5292 3507 5354 secundum
3540 5312 3607 5356 se
3639 5293 3805 5357 bona
3833 5303 4005 5372 sunt,
