4334 6242
538 3517 650 3574 Sap.
676 3531 717 3570 ιι,
733 3520 804 3565 24.

842 467 961 536 324

1545 483 1609 534 IN
1651 483 1871 533 unnim
1912 487 1955 531 ll
1998 479 2480 531 snmENriAnuu.
2524 502 2605 512 —
2647 481 2796 530 DIST.
2839 479 2917 545 νζ
2961 479 3184 539 QUAEST.
3235 478 3254 528 l

844 678 969 741 que
1020 659 1416 741 inscriptam,
1460 677 1577 720 nec
1620 677 1657 720 a
1696 658 1841 739 jure
1889 655 2159 719 naturali
2211 655 2346 717 fue-
2373 653 2422 717 Α
2453 653 2663 737 primo
2700 654 2869 736 apud
2901 672 3048 714 eum
3094 653 3334 715 invidia
3369 651 3478 714 illa
3505 650 3761 722 exarsit,
3795 650 3949 711 dum

844 765 995 819 runt
1038 758 1338 839 exempti.

923 857 1113 918 Porro
1143 856 1221 917 de
1250 873 1326 918 eo
1359 856 1526 937 quod
1558 862 1793 917 tactum
1830 862 1946 926 est,
1983 851 2342 934 principem

842 954 1037 1016 istum
1068 953 1325 1016 malitiae
1356 953 1659 1015 invidisse
1692 952 1850 1015 Filio
1881 951 2013 1024 Dei,
2041 950 2343 1032 quoniam

840 1059 1095 1114 sanctus
1134 1071 1207 1113 ac
1238 1051 1749 1133 sapientissimus
1780 1050 1880 1112 vir
1923 1050 1985 1110 in
2028 1048 2219 1110 rebus
2259 1048 2348 1108 di-

841 1149 1161 1212 vinalibus
1192 1151 1353 1212 dixit
1385 1150 1525 1222 hoc,
1560 1168 1678 1211 nec
1711 1156 1917 1209 tutum
1954 1165 2070 1208 nec
2100 1146 2342 1208 bonum

840 1254 936 1309 est
975 1248 1405 1309 contradicere
1451 1247 1591 1329 ejus
1635 1245 1931 1308 sermoni.
1968 1242 2342 1307 Reverentia

838 1345 1077 1406 etenim
1110 1345 1305 1408 multa
1333 1345 1683 1408 honorandi
1715 1351 1861 1405 sunt
1892 1343 2049 1406 tanti
2079 1361 2153 1404 ac
2186 1340 2341 1404 tales

838 1443 984 1516 viri,
1018 1452 1079 1505 et
1111 1461 1330 1506 eorum
1371 1461 1694 1505 sermones
1729 1460 1742 1503 :
1779 1443 1910 1504 imo
1948 1440 2342 1502 intoleranda

839 1541 1111 1604 stultitia
1153 1549 1270 1617 est,
1313 1542 1527 1604 statim
1580 1540 2012 1603 contradicere
2057 1538 2235 1621 ipsis,
2279 1546 2341 1600 et

840 1648 1064 1720 putare
1094 1657 1200 1701 eos
1230 1659 1495 1714 errasse,
1521 1638 1815 1721 quamvis
1847 1638 2078 1700 veritas
2109 1645 2173 1699 et
2203 1656 2342 1699 cau·

838 1756 906 1799 sa
948 1757 1089 1818 quae
1134 1737 1384 1799 induxit
1426 1756 1533 1799 eos
1574 1738 1653 1799 ad
1698 1737 2099 1799 sentiendum
2147 1743 2337 1818 atque

2453 752 2738 814 conditos
2789 753 2964 813 novit
3009 751 3300 813 homines
3350 751 3611 833 primos,
3655 748 3748 811 An
3801 767 3952 810 vero

2451 851 2527 912 de
2569 851 2802 912 deitate
2835 859 2897 912 et
2926 849 3125 931 gloria
3165 849 3308 911 Filii
3351 849 3462 910 Dei
3494 847 3789 918 doluerit,
3823 865 3953 908 non

2449 957 2546 1011 est
2579 949 2735 1010 mihi
2777 949 2984 1011 adhuc
3017 948 3233 1029 aliquo
3263 965 3555 1010 sermone
3585 945 3954 1008 authentico

2450 1046 2858 1108 declaratum.
2911 1047 3235 1120 Praeterea,
3289 1047 3583 1128 quamvis
3640 1045 3834 1106 sciret
3887 1061 3954 1104 se

2449 1146 2752 1208 adversus
2796 1145 2996 1206 Deum
3043 1144 3132 1205 nil
3181 1162 3386 1226 posse,
3431 1152 3645 1206 tamen
3689 1140 3956 1226 praefato

2451 1243 2640 1305 modo
2689 1261 2766 1304 ex
2817 1243 3320 1305 consideratione
3377 1241 3771 1305 excellentiae
3818 1260 3956 1304 suae

2451 1341 2517 1403 in
2547 1342 2969 1422 arrogantiam
3002 1341 3307 1416 elevatus,
3341 1349 3612 1404 caecatus
3643 1341 3798 1418 fuit3
3833 1359 3956 1402 nec

2448 1447 2592 1502 actu
2623 1440 2892 1502 attendit
2920 1441 3089 1522 quod
3125 1441 3351 1502 merito
3379 1439 3768 1503 attendisset.
3791 1439 3955 1501 Nam

2447 1548 2509 1600 et
2540 1540 2706 1601 servi
2739 1539 3036 1602 vilissimi
3067 1559 3103 1601 a
3133 1540 3267 1600 suis
3295 1539 3570 1601 dominis
3607 1537 3956 1619 magnifice

2447 1637 2736 1700 honorati
2793 1646 2982 1719 atque
3041 1638 3244 1710 ditati,
3295 1639 3599 1700 adversus
3657 1637 3957 1699 dominos

2449 1737 2619 1818 ipsos
2649 1737 2991 1819 aliquando
3022 1736 3473 1798 intumescunt.
3497 1771 3579 1781 —
3609 1735 3750 1798 Haec
3781 1735 3959 1798 Guil-

837 1835 1178 1897 dicendum
1226 1836 1340 1909 sic,
1376 1836 1701 1918 ignoretur
1739 1843 1803 1896 et
1846 1833 2202 1895 difficulter
2245 1834 2336 1894 in·
2371 1838 2419 1899 B
2451 1834 2698 1896 lelmuS.

837 1933 1149 1996 veniatur.
1202 1933 1503 1996 Fortassis
1550 1941 1763 1995 autem
1825 1951 1940 1995 nec
1991 1931 2338 1994 verisimile

835 2039 953 2105 est,
988 2031 1114 2093 nisi
1154 2033 1428 2095 multum
1466 2030 1827 2094 exercitatis
1861 2049 1934 2092 ac
1964 2029 2244 2112 eruditis·
2273 2029 2336 2091 in

835 2129 1094 2204 diviniS,
1148 2130 1505 2212 principem
1566 2130 1762 2192 istum
1811 2128 2182 2212 praevidisse
2231 2135 2339 2189 aut

834 2227 1276 2310 praecogitasse
1315 2227 1531 2291 futura
1568 2228 1631 2289 in
1670 2245 1901 2309 genere
1940 2226 2221 2288 humano
2260 2226 2338 2286 de

834 2326 1191 2408 colligendo
1225 2345 1337 2388 seu
1379 2326 1817 2408 congregando
1860 2342 2054 2406 regno
2086 2324 2339 2386 Sancto-

833 2445 977 2487 rum
1011 2444 1124 2508 per
1153 2425 1385 2487 Filium
1417 2425 1551 2499 Dei,
1585 2433 1648 2487 et
1678 2425 1757 2486 de
1787 2424 1907 2486 hoc
1938 2424 2107 2506 quod
2140 2423 2334 2485 Filius

832 2523 944 2585 Dei
986 2533 1151 2586 esset
1191 2530 1565 2604 regnaturus
1608 2524 1673 2585 in
1714 2524 1805 2586 eis
1845 2523 1911 2584 in
1956 2521 2335 2584 naturahu-

832 2641 1038 2685 mana.
1091 2622 1333 2703 Nempe
1379 2642 1581 2705 quum
1640 2624 1903 2702 angelus
1964 2621 2071 2682 ille
2126 2620 2335 2683 solum

831 2720 1127 2782 habuerit
1176 2721 1529 2783 naturalem
1587 2721 2037 2801 cognitionem,
2090 2737 2208 2781 nec
2257 2737 2334 2780 ex

832 2819 943 2880 illa
999 2836 1395 2900 praenoscere
1442 2828 1551 2881 aut
1600 2819 1875 2899 cogitare
1936 2817 2215 2900 potuerit
2261 2835 2336 2878 ea

831 2936 974 2999 quae
1015 2936 1208 2998 supra
1246 2918 1597 2979 naturalem
1642 2935 1901 2978 cursum
1940 2924 2003 2978 et
2042 2915 2333 2978 ordinem

2526 1932 2593 1994 In
2647 1933 2882 2014 quibus
2931 1951 3058 1995 non
3111 1932 3363 1995 videtur
3409 1932 3811 1995 sufficienter
3864 1951 3958 1994 re-

2447 2049 2753 2113 sponsum
2818 2031 2897 2092 ad
2951 2031 3148 2093 verba
3203 2032 3261 2094 S.
3326 2031 3647 2106 Bernardi,
3712 2031 3824 2113 qui
3887 2030 3956 2093 in

2445 2149 2738 2193 sermone
2779 2148 2909 2212 quo
2947 2130 3173 2192 scribit
3207 2131 3362 2206 haec,
3395 2131 3647 2193 videtur
3684 2131 3951 2200 sentire,

2447 2229 2615 2311 quod
2664 2228 2920 2291 Lucifer
2968 2237 3114 2291 ante
3165 2229 3414 2292 ruinam
3459 2239 3522 2292 et
3564 2229 3952 2311 ejectionem

2445 2347 2624 2390 suam
2669 2328 2962 2410 concepit
2995 2329 3304 2391 invidiam
3345 2330 3534 2391 etiam
3580 2335 3802 2391 contra
3839 2329 3953 2392 ho-

2446 2425 2685 2488 minem
2732 2426 3215 2508 protoplastum.
3254 2426 3467 2489 Nihilo
3511 2427 3724 2488 minus
3776 2426 3952 2488 idem

2446 2523 2712 2586 Sanctus
2761 2523 3130 2606 frequenter
3172 2533 3234 2587 et
3282 2525 3610 2587 evidenter
3657 2531 3950 2598 testatur,

2444 2620 2810 2684 Luciferum
2846 2623 2927 2684 ob
2968 2642 3148 2684 suam
3190 2623 3555 2705 superbiam
3600 2623 3852 2703 lapsum
3889 2631 3954 2684 et

2445 2721 2961 2782 condemnatum.
3015 2721 3258 2783 Idcirco
3306 2721 3475 2802 quod
3523 2721 3768 2794 scribit,
3821 2721 3955 2802 pri-

2446 2838 2622 2880 mum
2668 2819 2964 2900 angelum
3014 2819 3426 2901 primumque
3470 2819 3798 2882 hominem
3855 2819 3952 2881 iu-

2443 2917 2680 2978 vidisse
2729 2917 2887 2979 Filio
2935 2917 3068 2990 Dei,
3122 2918 3376 2980 videtur
3431 2919 3948 3000 intelligendum,

831 3020 1011 3076 erant
1056 3013 1292 3086 futura,
1341 3021 1559 3096 utpote
1613 3033 1751 3096 quae
1802 3015 1865 3076 in
1917 3012 2107 3075 rebus
2156 3020 2335 3075 natu·
2368 3014 2412 3078 C
2444 3033 2570 3078 non
2633 3016 2801 3098 quod
2866 3017 3148 3098 primurn
3210 3016 3544 3098 utriusque
3608 3023 3950 3098 peccatum

831 3111 1072 3174 ralibus
1107 3130 1314 3193 neque
1347 3111 1585 3175 indicia
1620 3112 1750 3173 ulla
1784 3130 1901 3173 nec
1933 3110 2333 3191 conjecturas

832 3229 962 3273 suae
991 3185 1389 3273 futuritibnis
1420 3210 1777 3289 habebant3
1820 3217 2063 3272 constat
2094 3229 2172 3271 ex
2205 3209 2333 3271 illis

832 3327 958 3371 non
997 3309 1280 3391 potuisse
1313 3309 1621 3370 invidiam
1663 3308 1939 3390 principi
1982 3308 2075 3370 illi
2108 3308 2328 3370 fuisse.

832 3442 914 3452 —
940 3408 1154 3471 Nihilo
1194 3408 1407 3470 minus
1438 3426 1662 3470 verum
1702 3415 1799 3469 est
1836 3407 2005 3488 quod
2046 3407 2133 3469 ait
2173 3406 2334 3468 Scri-

835 3513 1022 3588 ptura
1069 3524 1083 3568 :
1135 3506 1380 3568 Invidia
1424 3504 1661 3568 diaboli
1713 3523 1882 3568 mors
1932 3505 2218 3568 introivit
2268 3505 2334 3568 in

834 3605 1052 3669 orbem
1087 3613 1420 3667 terrarum.
1458 3604 1665 3666 Potuit
1700 3622 1977 3686 namque
2016 3603 2334 3685 conjicere

836 3723 913 3767 ex
951 3703 1285 3766 nobilitate
1324 3701 1389 3764 in
1430 3721 1558 3784 qua
1594 3701 1757 3764 vidit
1794 3703 2115 3765 conditam
2155 3709 2336 3764 natu-

837 3822 972 3865 ram
1022 3803 1390 3874 humanam,
1434 3801 1786 3882 praesertim
1835 3819 1912 3863 ex
1962 3809 2336 3883 supernatu-

838 3899 1078 3962 ralibus
1135 3899 1319 3962 donis
1372 3899 1431 3962 ei
1488 3898 1777 3980 adjectiS‚
1833 3899 2337 3962 transferendam

836 4017 975 4062 esse
1022 3999 1100 4060 ad
1150 3998 1451 4079 angelicae
1511 3997 1837 4060 felicitatis
1884 3997 2334 4080 aequalitatem‚

839 4098 1151 4179 longeque
1191 4096 1379 4158 altius
1416 4097 1788 4159 elevandam
1830 4115 2021 4178 quam
2062 4095 2186 4158 fuit
2218 4105 2338 4158 sta-

2441 3113 2795 3176 formaliter
2840 3113 3035 3176 fuerit
3085 3115 3346 3189 invidia,
3399 3116 3509 3178 sed
3559 3116 3727 3197 quod
3781 3123 3954 3176 uter-

2440 3231 2565 3295 que
2597 3232 2711 3294 per
2740 3214 3079 3294 quamdam
3109 3214 3694 3296 appropriationem
3729 3233 3954 3296 pecca-

2443 3311 2605 3373 verit
2646 3312 2710 3373 in
2751 3310 2981 3373 Filium
3023 3311 3156 3384 Dei,
3194 3312 3548 3374 inordinate
3586 3315 3954 3394 appetendo

2442 3409 2932 3472 similitudinem
2966 3409 3276 3473 Creatoris
3312 3430 3326 3474 :
3363 3411 3514 3491 quia
3553 3431 3752 3493 quum
3788 3412 3953 3475 Filio

2442 3508 2889 3590 approprietur
2928 3527 3040 3570 seu
3086 3509 3342 3590 propria
3385 3509 3467 3570 sit
3507 3509 3736 3589 imago,
3771 3509 3954 3572 simi—

2446 3607 2646 3668 litudo
2685 3615 2874 3688 atque
2913 3607 3240 3688 aequalitas
3279 3607 3499 3681 Patris,
3532 3625 3608 3670 eo
3637 3608 3778 3688 ipso
3817 3627 3952 3690 quo

2443 3705 2705 3786 angelus
2750 3704 2998 3786 primus
3037 3713 3101 3767 et
3140 3706 3332 3768 homo
3368 3705 3796 3787 protoplastus
3839 3727 3953 3790 ap-

2445 3805 2768 3887 petierunt
2830 3804 3264 3867 inordinanter
3325 3812 3388 3866 et
3449 3804 3954 3868 immoderanter

2443 3903 2970 3966 assimilationem
3006 3905 3288 3966 divinam
3322 3912 3386 3966 et
3415 3904 3756 3986 quamdam
3791 3924 3951 3987 quo-

2445 4001 2788 4063 dammodo
2835 4001 3362 4082 adaequationem,
3407 4002 3630 4064 saltem
3678 4003 3952 4083 angelus

2446 4099 2575 4172 ille,
2611 4099 2818 4181 palam
2866 4100 3033 4180 quod
3075 4099 3480 4182 appropriate
3520 4111 3953 4182 peccaverunt

836 4204 939 4259 tus
982 4197 1061 4258 de
1104 4214 1231 4278 quo
1278 4195 1413 4278 ipse
1458 4203 1780 4258 corruerat
1823 4215 1836 4258 :
1880 4195 2049 4276 quod
2094 4202 2338 4277 poterat
2367 4201 2416 4263 D
2446 4199 2512 4260 in
2553 4197 2784 4260 Filium
2817 4197 2949 4272 Dei,
2983 4197 3252 4280 ejusque
3291 4196 3604 4278 majestati
3635 4205 3699 4260 et
3727 4199 3950 4279 gloriae

836 4313 976 4357 esse
1024 4295 1272 4357 occasio
1321 4294 1650 4357 invidendi
1698 4293 2093 4365 hominibus,
2136 4314 2338 4377 quum

839 4400 1077 4474 quanto
1123 4393 1187 4455 in
1232 4392 1627 4455 naturalibus
1678 4392 1818 4474 ipso
1861 4401 2041 4454 erant
2084 4392 2342 4456 inferio-

839 4509 963 4566 reS,
997 4499 1170 4554 tanto
1208 4491 1458 4554 futuros
1500 4493 1921 4574 perpenderet
1951 4510 2090 4554 esse
2130 4512 2198 4555 se
2237 4512 2339 4555 su-

840 4591 1139 4673 periores.
1177 4590 1267 4653 Ex
1311 4609 1438 4672 quo
1469 4599 1530 4653 et
1565 4597 1783 4653 contra
1823 4590 2053 4653 Filium
2096 4591 2206 4654 Dei
2248 4592 2342 4654 ira

840 4709 970 4754 suae
1028 4689 1440 4772 malignitatis
1498 4690 1955 4753 excandescere
2015 4690 2223 4772 potuit
2267 4710 2342 4754 ac

841 4807 1103 4852 rancore
1141 4789 1442 4870 torqueri.
1478 4789 1615 4851 Non
1655 4790 1828 4851 enim
1872 4789 2200 4870 ignorabat
2235 4789 2342 4852 be·

840 4887 1286 4971 uiguissimam
1329 4886 1442 4948 Dei
1481 4887 1977 4950 sollicitudinem
2024 4887 2196 4949 circa
2237 4888 2345 4950 ho-

844 4991 1049 5052 mines
1093 4987 1355 5070 primOS,
1397 5005 1593 5069 seque
1636 4986 1715 5048 ab
1756 4988 1977 5050 eodem
2023 4987 2380 5068 dejectum-

842 5109 916 5152 ac
959 5089 1332 5171 despectum
1368 5103 1381 5146 ε
1420 5087 1562 5148 ideo
1604 5105 1730 5148 non
1780 5085 2204 5167 improbabile
2250 5095 2346 5148 est

843 5190 1013 5273 quod
1052 5187 1281 5250 invidit
1312 5186 1470 5248 Filio
1502 5185 1611 5248 Dei
1653 5203 1920 5266 regnum
1962 5185 2128 5268 quod
2172 5184 2346 5247 habi-

842 5298 1027 5352 turus
1068 5293 1203 5350 erat
1242 5287 1309 5348 in
1354 5303 1584 5368 genere
1633 5285 1933 5348 humano.
1972 5285 2146 5346 Tunc
2194 5301 2344 5364 ergo

2446 4299 2929 4379 derogaverunt,
2965 4297 3068 4358 cui
3105 4295 3490 4359 conformari
3529 4297 3756 4361 stolide
3791 4319 3952 4380 praa·

2447 4405 2877 4478 sumpserunt..
2913 4396 2987 4457 Et
3019 4396 3170 4477 quia
3200 4396 3308 4476 qui
3342 4396 3602 4458 alterius
3636 4398 3952 4462 excellen-

2448 4496 2603 4557 tiam
2650 4494 2859 4556 taliter
2902 4495 3166 4576 appetit,
3210 4495 3419 4558 eidem
3470 4494 3754 4572 invidere
3797 4497 3954 4560 faci·

2450 4594 2594 4656 liter
2639 4593 2819 4667 solet,
2862 4601 2972 4654 aut
3016 4611 3128 4674 per
3175 4594 3437 4656 modum
3487 4594 3833 4658 invidentis
3881 4617 3954 4660 se

2448 4691 2714 4770 habere3
2757 4691 2908 4752 hinc
2946 4709 3024 4752 ex
3063 4691 3321 4773 sequela
3357 4699 3420 4753 et
3458 4693 3956 4757 concomitantia

2449 4791 2746 4872 quadam,
2800 4808 2913 4852 seu
2961 4789 3435 4870 aequivalenter,
3485 4791 3588 4852 vel
3639 4801 3956 4873 quantum

2450 4889 2528 4952 ad
2578 4887 3071 4950 similitudinem
3118 4887 3410 4962 effectus,
3459 4889 3790 4970 unigenito
3837 4891 3956 4954 Dei

2451 4987 2610 5049 Filio
2653 4986 2958 5049 invidisse
3003 4987 3321 5048 dicuntur.
3366 4986 3584 5050 Postea
3627 5007 3778 5051 vero
3819 4991 3956 5053 dia·

2451 5086 2636 5152 bolus
2695 5083 2924 5148 invidit
2971 5087 3098 5148 Deo
3157 5085 3526 5148 formaliter.
3573 5121 3648 5132 —
3699 5087 3954 5153 Etenim

2453 5185 2571 5248 hoc
2617 5185 2804 5247 modo
2851 5193 3108 5246 sanctus
3147 5191 3210 5246 et
3251 5184 3650 5247 illuminatus
3691 5186 3956 5249 Bernar-

2452 5285 2572 5347 dus
2610 5283 2674 5345 in
2711 5302 3002 5347 sermone
3034 5283 3308 5365 quodam
3339 5283 3416 5346 de
3446 5284 3763 5363 Adventu,
3797 5306 3954 5369 prae-
