4334 6242
551 1481 612 1527 De
628 1480 801 1526 Coelent..

537 1547 647 1590 hier.
663 1559 702 1591 c.
720 1558 775 1588 ix.

585 1781 704 1824 Dan.
729 1792 802 1830 vn,

540 1845 607 1888 1⁷.

591 1979 698 2024 Luc.
719 1992 748 2021 1.

831 485 951 552 496

1509 508 1572 554 ΙΝ
1611 506 1835 554 mentm
1875 508 1920 554 11
1962 505 2445 554 SENTENTIARUM.
2492 527 2573 536 -
2612 507 2765 554 ms'r.
2811 509 2912 573 113
2958 508 3181 567 QUAEST.
3224 510 3294 556 111

830 675 999 757 quod
1043 684 1139 738 est
1180 675 1421 739 bonum
1462 676 1665 750 duciS,
1701 677 1764 740 id
1804 685 1900 740 est
1939 677 2255 740 intentum
2299 697 2336 739 a
2365 677 2416 740 A
2446 678 2670 740 choros
2711 679 3146 742 enumerando
3186 679 3698 763 perstrinximus,
3732 679 3947 742 sinon

829 774 1013 849 duce,
1053 775 1233 856 ponit
1274 776 1466 837 etiam
1511 775 1751 839 bonum
1795 776 2110 839 exercitus
2155 776 2220 838 in
2267 794 2333 838 se

829 871 1181 934 secundum
1233 873 1522 936 ordinem
1572 874 1849 956 partium
1901 875 1979 937 ad
2027 875 2329 948 invicem,

827 989 1099 1052 quarum
1145 990 1272 1033 una
1314 972 1496 1034 alteri
1537 973 2002 1045 subministrat,
2038 974 2124 1034 ita
2162 974 2333 1054 quod

830 1087 944 1150 per
990 1070 1362 1150 hujusmodi
1411 1079 1710 1133 mutuum
1755 1072 2068 1133 auxilium
2116 1071 2195 1134 ad
2244 1072 2335 1132 vi-

829 1169 1092 1232 ctoriam
1142 1170 1534 1252 pervenitur,
1585 1190 1726 1253 quae
1777 1178 1872 1233 est
1924 1171 2166 1234 bonum
2222 1171 2333 1233 du·

830 1267 951 1349 cis)
985 1284 998 1329 :
1033 1268 1330 1331 similiter
1357 1269 1733 1350 Archangeli
1767 1271 2016 1332 minora
2045 1289 2189 1352 quae
2219 1289 2334 1352 per

829 1367 1126 1430 accidens
1183 1369 1262 1430 ad
1321 1367 1561 1431 bonum
1621 1377 1910 1451 spectant
1966 1387 2327 1444 commune,

831 1467 1129 1528 nuntiant
1167 1467 1446 1548 AngeliS,
1481 1474 1544 1529 et·
1581 1467 1804 1548 Angeli
1845 1467 2051 1542 nobiS,
2087 1475 2156 1529 ut
2195 1468 2334 1530 Dio-

831 1566 1052 1647 nysius
1081 1566 1205 1645 ait3
1239 1565 1482 1646 majora
1513 1574 1724 1628 autem
1759 1567 1820 1628 in
1854 1566 2091 1648 quibus
2121 1586 2237 1649 per
2265 1585 2333 1628 se

832 1665 1072 1727 bonum
1123 1664 1414 1728 consistit
1463 1683 1825 1739 commune,
1874 1667 2172 1728 nuntiant
2220 1685 2335 1748 per

832 1783 900 1827 se
935 1781 949 1827 :
983 1765 1147 1827 sicut
1182 1764 1432 1828 Gabriel
1473 1783 1589 1846 per
1627 1784 1695 1826 se
1735 1765 2052 1827 nunt-iavit
2086 1763 2332 1827 Danieli

2446 794 2667 839 eorum
2697 795 2953 860 quoque
2992 777 3347 840 ministeria
3384 778 3707 840 subtiliter
3737 778 3951 860 expri-

2446 879 2741 938 mamus?
2787 877 2922 950 Quo
2972 885 3238 952 constat,
3290 878 3461 959 quod
3510 895 3636 940 non
3687 877 3951 939 nomina

2445 981 2690 1036 tantum
2718 973 3085 1038 officiorum
3115 975 3267 1037 velit
3299 993 3632 1057 exponere,
3648 975 3758 1037 sed
3790 976 3957 1057 ipso·

2444 1091 2587 1134 rum
2620 1072 2959 1135 chororum
2990 1092 3102 1136 seu
3132 1074 3429 1136 ordinum
3462 1072 3817 1136 ministeria
3845 1074 3953 1135 de-

2445 1171 2683 1234 clarare
2718 1188 2733 1234 :
2767 1191 2909 1254 quae
2939 1171 3337 1247 declarando,
3362 1173 3542 1254 ponit
3571 1173 3849 1234 Virtutes
3881 1172 3950 1236 in

2445 1268 2673 1332 infima
2720 1270 3096 1346 hierarchia,
3146 1271 3544 1354 Principatus
3594 1271 3660 1332 in
3714 1270 3944 1334 media.

2445 1368 2683 1432 Deinde
2713 1367 3091 1432 elucidando
3130 1369 3406 1452 qualiter
3443 1369 3734 1432 homines
3764 1369 3952 1450 juxta

2444 1467 2876 1530 diversitatem
2926 1469 3303 1531 meritorum
3352 1485 3637 1541 suorum,
3679 1467 3951 1549 dignita·

2443 1575 2580 1628 tum
2628 1585 2740 1629 seu
2785 1566 3175 1642 officiorum,
3208 1567 3578 1648 angelorum
3614 1565 3949 1630 ordinibus

2444 1672 2819 1747 coaptentur
2847 1685 2921 1728 ac
2952 1667 3293 1741 socientur,
3321 1667 3607 1730 ascendit
3633 1666 3943 1748 gradatim

2445 1763 2524 1825 ab
2563 1762 2822 1845 Angelis
2861 1783 2977 1847 per
3005 1765 3431 1847 Archangelos
3470 1775 3534 1828 et
3562 1765 3841 1827 Virtutes
3871 1783 3948 1827 ae

833 1863 1268 1926 successiones
1299 1880 1671 1944 regnorum3
1693 1870 1756 1926 et
1787 1862 2168 1926 beatissimae
2196 1863 2247 1922 V
2252 1862 2332 1924 ir·
2362 1860 2410 1924 B
2446 1861 2787 1924 Potestates
2844 1882 3049 1944 usque
3100 1864 3177 1925 ad
3230 1863 3664 1944 Principatus3
3708 1880 3949 1944 eosque

832 1962 1068 2044 gini‚ac
1101 1961 1432 2037 Zachariae,
1451 1963 1528 2024 de
1561 1961 1997 2024 Christo—In
2027 1968 2335 2043 quantum

833 2078 982 2141 ergo
1030 2061 1200 2123 circa
1242 2061 1412 2123 idem
1455 2069 1552 2124 est
1593 2061 1876 2144 operatio
1915 2060 2335 2140 Archangelo-

833 2177 976 2221 rum
1027 2159 1198 2222 circa
1243 2159 1415 2242 quod
1464 2167 1560 2222 est
1605 2159 1888 2241 operatio
1935 2158 2328 2240 Principum,

835 2258 927 2320 sic
985 2258 1418 2321 communicat
1471 2258 1625 2320 ordo
1684 2258 1804 2320 iste
1857 2277 2003 2319 cum
2060 2256 2215 2336 illo;
2266 2257 2331 2319 in

834 2364 1141 2438 quantum
1188 2375 1338 2419 vero
1381 2363 1478 2418 est
1524 2355 1686 2418 alius
1731 2356 1956 2419 modus
2000 2355 2328 2437 operandi,

831 2462 984 2537 puta
1013 2475 1127 2537 per
1157 2454 1416 2517 modum
1458 2455 1876 2517 nuntiationis
1917 2462 1981 2516 et
2012 2453 2333 2516 instructi-

829 2553 993 2627 oniS,
1026 2553 1118 2615 sic
1163 2553 1460 2616 convenit
1508 2571 1653 2614 cum
1695 2552 1970 2633 Angelis.
2007 2552 2183 2614 Unde
2228 2571 2332 2633 pa-

825 2659 938 2727 tet,
974 2652 1142 2734 quod
1177 2659 1443 2734 uterque
1476 2651 1744 2714 istorum
1784 2651 2150 2713 immediate
2182 2668 2329 2732 ope-

825 2758 1003 2812 ratur
1049 2751 1220 2813 circa
1265 2750 1554 2813 ordinem
1595 2749 2001 2830 Angelorum,
2034 2749 2329 2831 quamvis

827 2849 1255 2910 diversimode
1289 2865 1304 2909 :
1338 2847 1488 2930 quia
1518 2848 1689 2930 quod
1727 2847 2126 2928 Principatus
2156 2865 2331 2909 exse-

828 2955 1117 3028 quuntur
1163 2965 1278 3028 per
1325 2965 1454 3018 eos,
1489 2946 1609 3008 hoe
1656 2945 2036 3026 Archangeli
2085 2944 2327 3007 eisdem

826 3045 1229 3119 annuntiant,
1262 3052 1326 3107 et
1368 3043 1552 3107 nobis
1598 3063 1711 3126 per
1754 3062 1881 3105 eos,

907 3143 1000 3205 Ex
1043 3143 1278 3226 quibus
1320 3143 1597 3216 elicitur,
1632 3143 1801 3225 quod
1844 3151 2020 3204 actus
2059 3141 2327 3222 Angelo-

826 3261 969 3305 rum
1024 3250 1120 3305 est
1169 3242 1534 3304 illuminare
1584 3260 1697 3303 seu
1751 3241 2045 3302 nuntiare
2097 3248 2329 3304 nostras

828 3340 1200 3404 hierarchiae
1252 3358 1327 3403 ea
1382 3359 1524 3421 quae
1577 3339 1732 3420 ipsis
1783 3338 1864 3401 ab
1916 3338 2328 3419 Archangelis

827 3439 1205 3502 nuntiantur
1251 3438 1318 3500 in
1366 3437 1608 3500 lumine
1660 3437 1794 3510 Dei,
1841 3444 1904 3498 et
1952 3436 2122 3498 circa
2161 3456 2331 3499 eam·

827 3539 973 3600 dem
1017 3536 1276 3618 exsequi
1320 3535 1429 3597 illa
1461 3554 1604 3617 quae
1642 3534 2037 3616 Principatus
2076 3553 2191 3616 per
2219 3552 2328 3597 eos

825 3645 1170 3720 operantur
1209 3633 1669 3697 auctoritative.
1705 3667 1780 3680 -
1813 3632 2035 3714 Angeli
2066 3633 2326 3696 demum

823 3734 1115 3816 ejusdem
1153 3731 1395 3796 ordinis
1433 3731 1745 3793 differunt
1782 3731 1862 3793 ab
1905 3731 2181 3794 invicem
2225 3751 2329 3814 pe-

824 3853 938 3897 nes
983 3831 1293 3912 majorem
1338 3838 1401 3892 et
1444 3829 1758 3892 minorem
1802 3829 2105 3892 virtutem
2157 3849 2335 3892 exse-

825 3931 1059 4014 quendi
1110 3930 1441 4013 proprium
1488 3927 1660 3990 illius
1703 3927 1945 3991 ordinis
1983 3937 2217 3990 actum.
2250 3964 2333 3974 —

823 4031 968 4094 Haec
998 4027 1476 4110 Udalrieus,qui
1508 4027 1588 4090 de
1618 4027 1718 4089 his
1750 4027 2051 4090 diffusius
2083 4027 2325 4090 scribit.

905 4130 976 4191 In
1022 4127 1208 4208 cujus
1251 4135 1528 4189 attamen
1577 4125 1791 4188 verbis
1839 4126 2080 4207 aliquid
2131 4126 2330 4189 conti-

2446 1960 2736 2023 homines
2781 1961 2891 2043 qui
2935 1961 3401 2044 principatibus
3450 1962 3837 2044 deputantur
3883 1969 3949 2023 et

2444 2060 2946 2134 conformantur,
2979 2061 3164 2124 docet
3210 2080 3349 2124 esse
3393 2061 3596 2124 multo
3642 2061 3948 2124 excelsio-

2444 2178 2543 2221 res
2581 2177 2654 2221 ac
2694 2159 2992 2221 meliores
3032 2178 3224 2241 quam
3268 2159 3375 2241 qui
3408 2159 3765 2222 Virtutibus
3800 2177 3949 2222 con·

2438 2257 2814 2338 junguntur.
2852 2257 3095 2339 Nempe
3134 2257 3228 2320 sie
3265 2257 3355 2319 ait
3396 2275 3410 2320 :
3452 2257 3613 2321 Sunt
3655 2257 3948 2348 nonnulli

2443 2355 2553 2436 qui
2586 2355 2749 2417 mira
2779 2355 3041 2429 faciunt,
3062 2356 3243 2436 signa
3271 2356 3555 2418 valenter
3583 2365 3941 2438 operantur.

2441 2454 2575 2527 Quo
2640 2453 2745 2516 isti
2805 2454 2929 2517 nisi
2994 2454 3071 2516 ad
3140 2473 3563 2536 supernarum
3622 2455 3945 2516 Virtutum

2441 2559 2677 2615 sortem
2720 2571 2793 2614 ac
2836 2555 3629 2634 numerum-congruunt?
3672 2553 3747 2614 Et
3794 2561 3949 2616 sunt

2442 2649 2734 2712 nonnulli
2766 2649 2877 2731 qui
2908 2650 3186 2732 acceptis
3216 2649 3794 2725 virtutibuS,etiam
3825 2650 3951 2713 ele·

2444 2755 2689 2810 ctorum
2751 2747 3085 2811 hominum
3148 2749 3374 2811 merita
3430 2749 3944 2828 transcendunt;

2441 2865 2771 2928 quumque
2818 2855 2881 2908 et
2928 2845 3113 2908 bonis
3163 2847 3458 2909 meliores
3507 2855 3678 2921 sunt,
3724 2847 3947 2910 electis

2440 2962 2697 3026 quoque
2752 2944 3057 3006 fratribus
3116 2944 3578 3026 principantur.
3642 2945 3777 3018 Quo
3838 2946 3948 3010 isti

2366 3045 2409 3108 C
2440 3051 2675 3106 sortem
2712 3063 2891 3105 suam
2931 3043 3056 3106 nisi
3099 3043 3265 3105 inter
3304 3043 3783 3126 principatuum
3828 3065 3947 3107 nu-

2442 3161 2691 3204 merum
2721 3145 3144 3224 acceperunt?
3176 3143 3319 3206 Haec
3350 3142 3707 3223 Gregorius.
3740 3179 3822 3189 ——
3852 3143 3947 3206 Ex

2441 3241 2677 3322 quibus
2730 3247 2996 3314 constat,
3047 3240 3188 3321 ejus
3246 3240 3447 3304 fuisse
3497 3240 3942 3316 intentionem,

2442 3339 2611 3420 quod
2658 3338 3055 3420 Principatus
3114 3339 3241 3400 sint
3299 3358 3492 3421 supra
3538 3340 3817 3402 Virtutes
3876 3341 3945 3404 in

2442 3436 2655 3499 media
2692 3437 2882 3519 positi
2924 3436 3280 3499 hierarchia
3312 3453 3327 3499 :
3360 3437 3665 3519 quoniam
3706 3447 3836 3501 tam
3875 3438 3946 3500 in

2441 3534 2739 3598 ordinum
2788 3535 3287 3610 enumeratione,
3339 3555 3530 3618 quam
3581 3535 3648 3598 in
3694 3536 3949 3600 officio-

2442 3654 2585 3696 rum
2626 3652 2848 3697 eorum
2893 3634 3323 3716 expressione,
3357 3653 3551 3717 quam
3592 3635 3657 3696 in
3689 3636 3949 3718 adapta-

2442 3733 2615 3796 tione
2675 3733 3022 3795 eleetorum
3086 3732 3422 3794 hominum
3481 3735 3558 3796 ad
3629 3734 3953 3797 consortia

2442 3833 2737 3895 ordinum
2797 3831 3254 3912 angelicorum,
3305 3831 3613 3913 gradatim
3661 3833 3953 3896 ascendit

2446 3930 2634 3994 modo
2677 3929 2959 4012 praefato.

2521 4030 2807 4110 Insuper,
2842 4027 3133 4109 quamvis
3176 4028 3492 4109 praeconia
3530 4028 3847 4110 praeelecti
3882 4035 3949 4092 et

2441 4127 2899 4191 ferventissimi
2956 4126 3261 4209 Dionysii,
3312 4126 3757 4209 specialissimi
3816 4127 3951 4190 mei

827 4233 1015 4291 netur
1063 4224 1430 4288 obscurum.
1467 4224 1749 4286 Primum
1797 4233 1913 4299 est,
1956 4226 2126 4307 quod
2176 4226 2332 4288 dicit
2362 4232 2411 4293 D
2445 4226 2717 4310 patroni,
2750 4225 2991 4306 optime
3022 4224 3187 4286 ferre
3218 4243 3470 4306 queam,
3494 4224 3698 4288 nihilo
3728 4225 3949 4289 minus

828 4343 936 4389 eos
977 4342 1218 4388 errasse
1261 4323 1370 4405 qui
1412 4322 1596 4386 beato
1636 4323 1974 4405 imponunt
2007 4323 2328 4405 GregoriO,

830 4423 999 4507 quod
1030 4442 1067 4485 a
1097 4422 1157 4485 S.
1193 4421 1479 4504 Dionysii
1517 4422 1810 4502 dogmate
1849 4421 2187 4505 discrepet,
2223 4441 2331 4505 po-

831 4521 1041 4586 nendo
1080 4522 1368 4585 ordinem
1409 4519 1805 4602 Principatus
1843 4520 1953 4583 ubi
1994 4521 2331 4604 Dionysius

831 4621 1121 4686 ordinem
1177 4620 1354 4703 ponit
1403 4620 1762 4699 Virtutum3
1813 4627 1874 4682 et
1932 4619 2107 4694 item,
2160 4622 2330 4702 quod

830 4720 990 4784 dicit
1019 4721 1162 4783 illos
1193 4720 1364 4782 istud
1405 4719 1722 4800 conjicere
1763 4719 1970 4782 solum
2001 4738 2078 4781 ex
2107 4719 2332 4781 ordine

831 4819 1248 4901 expositionis
1295 4817 1751 4880 vocabulorum
1803 4837 1840 4879 a
1888 4818 2188 4898 Gregorio
2239 4819 2331 4880 in-

830 4917 1154 4979 troductae.
1204 4915 1380 4989 Quod
1429 4914 1745 4996 reprobat,
1797 4914 2016 4977 dicens
2066 4933 2079 4977 :
2124 4917 2331 4990 Quum

832 5014 1004 5077 enim
1036 5013 1374 5096 Gregorius
1415 5020 1802 5094 protestetur
1838 5032 1905 5075 se
1944 5013 2108 5075 velle
2143 5033 2336 5096 expo-

831 5132 982 5175 nere
1027 5112 1288 5175 nomina
1335 5111 1726 5186 officiorum,
1760 5119 1877 5173 etc.
1914 5111 2155 5185 Quibus
2201 5132 2336 5174 ver-

830 5211 932 5274 bis
959 5229 1314 5294 repugnare
1345 5210 1598 5273 videtur
1626 5209 1795 5292 quod
1829 5209 1964 5292 ipse
1994 5210 2081 5272 ait
2113 5210 2337 5293 Grego-

830 5310 964 5374 rius
1009 5327 1024 5373 :
1066 5309 1192 5374 Cur
1236 5309 1389 5375 istos
1438 5308 1917 5392 persistentium
1960 5309 2331 5391 angelorum

2444 4325 2747 4408 quoniam
2779 4324 3028 4386 duobus
3060 4323 3514 4386 exsistentibus
3544 4323 3950 4398 amiciS‚san-

2445 4433 2617 4487 ctum
2669 4431 2764 4486 est
2806 4422 3139 4486 veritatem
3185 4422 3647 4505 praehonorare,
3680 4432 3949 4506 apparet

2444 4523 2612 4605 quod
2663 4522 2799 4584 laus
2844 4521 2952 4584 illa
2996 4541 3120 4602 qua
3164 4520 3489 4584 Udalricus
3533 4521 3835 4584 Sanctum
3875 4523 3951 4585 il-

2446 4623 2578 4685 lum
2628 4620 3051 4694 commendat,
3086 4620 3354 4683 dicendo
3403 4621 3571 4702 quod
3620 4621 3789 4683 dicta
3830 4641 3952 4684 sua

2445 4739 2587 4804 quae
2629 4721 2706 4782 de
2747 4719 3180 4800 angelicorum
3220 4718 3738 4782 distinctionibus
3777 4721 3949 4783 ordi-

2447 4839 2601 4881 num
2659 4817 3054 4900 deprompsit
3101 4836 3175 4879 ac
3224 4818 3499 4900 scripsit,
3550 4817 3630 4881 ab
3685 4818 3948 4882 homine

2444 4936 2571 4981 non
2612 4917 2857 4998 accepit
2888 4934 3005 4978 nee
3045 4915 3287 4990 didicit,
3320 4916 3532 4978 verbis
3573 4916 3775 4999 ipsius
3806 4917 3953 4980 Dio-

2445 5015 2608 5099 nysii
2662 5015 2865 5078 sancti
2916 5015 3336 5077 contrarietur
3373 5031 3389 5075 t
3426 5014 3667 5096 quippe
3712 5015 3825 5096 qui
3878 5015 3949 5078 in

2445 5113 2739 5196 pluribus
2780 5131 3041 5176 suorum
3082 5111 3238 5174 locis
3268 5111 3671 5174 voluminum
3710 5111 3951 5174 fatetur

2444 5220 2506 5275 et
2553 5212 2877 5294 exprimit,
2910 5230 2978 5274 se
3020 5230 3057 5273 a
3100 5211 3401 5292 magistro
3443 5217 3508 5272 et
3554 5210 3943 5286 institutore,

2444 5311 2606 5374 duce
2634 5318 2699 5373 et
2724 5311 3036 5374 directore
3068 5327 3204 5383 sue,
3222 5328 3338 5392 per
3361 5327 3553 5392 quem
3586 5309 3947 5391 praesertim
