4334 6242
1297 865 2539 990 COMMENTARIA

519 1207 752 1344 IN
923 1206 2213 1349 SECUNDUM
2388 1213 3329 1352 LIBRUM

913 1568 2929 1740 SENTENTIARUM

1437 2323 2406 2439 PROOEMIUM

630 2823 848 2880 omnis
891 2821 1194 2889 vivenciS,
1237 2828 1298 2879 et
1339 2821 1618 2896 spiritus
1660 2821 1986 2880 universoe
2026 2820 2252 2879 earnis
2292 2820 2595 2880 homini-5.
2640 2821 2757 2884 Job
2798 2840 2908 2897 xn,
2953 2823 3012 2897 9,
3056 2821 3152 2888 10.

723 2926 1024 3001 Quamvis
1057 2945 1334 3009 namque
1373 2927 1777 3009 omnipotens
1805 2926 1972 2988 Deus
2011 2925 2078 2986 in
2109 2944 2177 2988 se
2218 2925 2357 3008 ipso
2386 2945 2423 2988 a
2452 2927 2803 2991 viatoribus
2844 2930 3011 2993 clare
3049 2949 3123 2994 ac
3154 2931 3466 2996 facialiter

375 3034 434 3096 in
473 3034 594 3096 hac
639 3033 772 3096 vita
811 3033 1014 3095 videri
1057 3051 1186 3096 non
1235 3041 1445 3116 queat,
1485 3040 1762 3096 attamen
1808 3032 1874 3094 in
1922 3032 2056 3094 suis
2098 3031 2441 3096 effectibus
2489 3035 3041 3117 omnipotentiam,
3084 3037 3465 3102 benevolen-

375 3141 516 3203 tiam
558 3159 632 3203 ac
670 3140 1050 3224 sapientiam
1091 3160 1271 3203 suam
1315 3149 1442 3202 tam
1481 3142 1808 3204 evidenter
1847 3139 2417 3223 multipliciterque
2458 3143 2852 3217 monstravit,
2884 3151 2955 3206 ut
2990 3145 3122 3225 jam
3163 3146 3464 3210 omnibus

375 3255 634 3322 constet,
667 3250 838 3331 quod
888 3266 1076 3311 omne
1119 3249 1290 3330 quod
1339 3248 1496 3310 citra
1543 3249 1744 3311 Deum
1787 3255 1884 3310 est
1923 3249 2225 3331 aliudque
2268 3248 2349 3310 ab
2393 3249 2553 3331 ipsc,
2585 3249 2666 3312 ab
2707 3269 2783 3314 eo
2826 3251 3224 3334 profluxerit,
3257 3272 3294 3315 a
3335 3273 3463 3337 quo

375 3364 432 3416 et
467 3357 660 3436 (teste
707 3354 1116 3438 Philosopho)
1159 3356 1458 3419 omnibus
1500 3356 1855 3418 derivatum
1898 3362 1993 3418 est
2041 3374 2179 3419 esse
2229 3363 2292 3418 et
2339 3355 2573 3420 vivere.
2609 3358 2869 3440 Propter
2915 3360 3084 3441 quod
3133 3361 3199 3422 in
3250 3361 3461 3425 Eccle-

376 3462 624 3526 siastico
667 3461 937 3525 habetur
970 3480 982 3523 :
1019 3463 1231 3526 Gloria
1268 3463 1521 3526 Domini
1566 3463 1828 3545 plenum
1868 3471 1963 3525 est
2001 3481 2162 3545 opus
2195 3463 2335 3545 ejus
2362 3482 2378 3543 3
2410 3482 2621 3528 nonne
2660 3466 2969 3529 Dominus
3007 3466 3161 3530 fecit
3198 3469 3458 3533 Sanctos
3508 3490 3754 3547 Eccum„

376 3587 664 3632 enarrare
706 3569 921 3632 omnia
963 3568 1285 3632 mirabilia
1326 3589 1459 3643 sua,
1496 3589 1636 3652 quae
1677 3570 2085 3633 confirmavit
2127 3571 2531 3654 omnipotens
2573 3573 2880 3636 Dominus
2927 3573 3175 3638 stabilis
3224 3576 3289 3638 in
3330 3577 3459 3658 glo-
3490 3556 3555 3604 ¹⁶'
3579 3557 3645 3599 ¹⁷·

373 3677 458 3739 ria
509 3680 679 3739 sua?
735 3677 954 3759 Itaque
1012 3678 1090 3739 de
1153 3677 1507 3758 ignorantia
1562 3679 1796 3740 summi
1850 3687 1914 3741 et
1963 3679 2099 3741 veri
2150 3679 2263 3742 Dei
2317 3697 2506 3742 nemo
2548 3699 2615 3742 se
2663 3680 2794 3761 jam
2850 3683 3080 3763 poterit
3131 3701 3452 3747 excusare.

375 3785 500 3848 lmo
541 3793 613 3846 ut
645 3785 712 3847 in
744 3784 1082 3866 Sapientiae
1114 3783 1278 3847 libro
1315 3786 1624 3867 scriptum
1665 3793 1761 3848 est
1794 3802 1808 3848 :
1839 3785 1998 3848 Vani
2030 3793 2180 3848 sunt
2209 3804 2429 3849 omnes
2468 3787 2760 3850 homines
2800 3787 3035 3870 quibus
3075 3808 3203 3853 non
3240 3791 3460 3855 subest
3530 3820 3642 3877 Sap,
3664 3834 3750 3876 xm,

375 3892 638 3955 scientia
677 3892 813 3965 Dei,
859 3900 922 3954 et
963 3892 1041 3954 de
1091 3891 1192 3953 his
1235 3911 1376 3974 quae
1419 3891 1718 3955 videntur
1758 3893 1945 3967 bona,
1992 3912 2116 3957 non
2169 3901 2514 3977 potuerunt
2562 3894 2917 3976 intelligere
2960 3915 3107 3958 eum
3156 3898 3266 3979 qui
3309 3907 3407 3962 est
3441 3918 3455 3964 τ
3492 3885 3589 3935 ¹⁰⁷³·

373 4018 408 4060 a
453 3998 890 4080 magnitudine
933 3998 1106 4061 enim
1151 3999 1388 4080 speciei
1428 4006 1491 4062 et
1531 4007 1854 4075 creaturae,
1898 4000 2415 4082 cognoscibiliter
2451 4003 2682 4084 poterit
2726 4009 2970 4066 creator
3006 4003 3235 4067 horum
3275 4005 3459 4069 intel-

375 4105 496 4186 ligi.
544 4107 705 4168 Hinc
749 4114 812 4168 et
856 4105 921 4167 in
963 4106 1122 4169 Isaia
1176 4105 1406 4187 legitur
1448 4124 1462 4168 ε
1509 4107 1770 4188 Repleta
1821 4115 1916 4170 est
1959 4117 2126 4170 terra
2177 4108 2442 4172 scientia
2492 4109 2767 4184 Domini,
2816 4109 2981 4173 sicut
3030 4130 3211 4194 aquae
3264 4113 3458 4176 maris
3513 4133 3730 4188 sexto.

371 4211 744 4293 operientes.

487 4319 812 4394 Praeterea,
845 4319 1140 4401 quamvis
1188 4319 1353 4382 Deus
1403 4320 1490 4381 ita
1537 4338 1614 4381 ex
1663 4319 1797 4382 suis
1844 4320 2049 4383 valeat
2096 4321 2401 4384 creaturis
2452 4343 2566 4406 per
2608 4324 2960 4388 naturalem
3007 4326 3315 4391 rationem
3360 4347 3461 4393 co-

373 4427 608 4508 gnosci,
661 4427 894 4488 clarius
946 4434 1158 4488 tamen
1211 4434 1400 4509 atquc
1452 4427 1817 4509 praeclarius
1867 4435 2073 4510 potest
2120 4447 2235 4511 per
2288 4431 2834 4512 supernaturalem
2889 4433 3339 4498 revelationem
3388 4457 3462 4499 ac

373 4533 564 4596 fidem
597 4532 892 4614 intelligi,
927 4540 1116 4616 prout
1148 4533 1211 4596 in
1244 4535 1626 4616 praecedenti
1665 4533 1967 4597 diffusius
2006 4536 2394 4598 declaratum
2434 4544 2527 4598 est
2569 4536 2751 4600 libro.
2787 4538 2856 4600 In
2887 4557 3015 4622 quo
3045 4543 3347 4623 quoniam
3385 4544 3461 4605 (16

373 4641 508 4723 ipso
537 4640 1194 4724 supergloriosissimo
1223 4641 1352 4703 Deo
1390 4648 1726 4704 tractatum
1763 4649 1879 4716 est,
1912 4644 1990 4705 (16
2031 4663 2160 4706 suae
2191 4643 2487 4706 videlicet
2528 4645 2779 4708 deitatis
2811 4646 3051 4710 unitate
3080 4656 3143 4710 et
3173 4667 3463 4731 superes·

373 4748 734 4811 sentialium
782 4766 856 4809 ac
904 4747 1615 4830 supersubstantialium
1666 4750 2080 4811 Personarum
2129 4750 2445 4830 trinitate;
2482 4759 2655 4814 recto
2702 4771 2875 4814 nunc
2923 4753 3144 4816 ordine
3194 4755 3271 4816 de
3320 4756 3461 4836 ejus

373 4857 574 4936 agitur
603 4855 932 4929 creaturiS‚
966 4856 1044 4918 de
1075 4856 1489 4937 productione
1524 4856 1744 4917 mundi
1775 4856 2096 4919 sensibilis
2130 4858 2449 4939 totiusque
2481 4858 2785 4931 universi,
2816 4859 2893 4920 (16
2925 4866 3148 4922 natura
3177 4863 3463 4942 angelica

373 4970 429 5024 et
471 4962 762 5046 personis
799 4961 938 5043 ejus
983 4969 1110 5024 tam
1155 4962 1373 5024 electis
1417 4981 1610 5044 quam
1657 4963 1964 5045 reprobiS,
2000 4964 2353 5045 praesertim
2396 4965 2473 5026 de
2518 4965 2777 5028 homine
2820 4973 2883 5027 et
2927 4966 3128 5049 ipsius
3167 4969 3460 5050 originali

373 5069 767 5132 institutione
805 5075 870 5130 et
908 5068 1468 5132 circumstantibus
1509 5068 2103 5152 pertinentibusque
2142 5072 2221 5133 ad
2261 5089 2428 5133 eum.
2462 5072 2610 5146 Quae
2648 5072 2862 5135 omnia
2902 5072 2968 5135 in
3013 5074 3288 5138 themate
3326 5083 3461 5139 tan-

373 5185 604 5256 guntur
653 5175 936 5250 inducto,
985 5183 1201 5258 utpote
1237 5176 1748 5258 :omnipotentia
1798 5175 2131 5251 CreatoriS,
2180 5196 2378 5259 quum
2427 5178 2683 5252 dicitur,
2732 5201 2768 5238 «
2814 5198 3041 5243 manus
3088 5182 3342 5244 Domini
3387 5202 3458 5262 »3

379 5283 648 5350 mundus
696 5281 1020 5345 sensibilis
1069 5288 1398 5364 totumque
1450 5282 1844 5358 universum,
1877 5303 2078 5366 quum
2127 5285 2401 5358 additur,
2437 5307 2470 5343 «
2510 5285 2643 5346 haec
2692 5286 2909 5348 omnia
2946 5304 3020 5366 »3
3061 5295 3123 5348 et
3173 5287 3459 5370 ipsorum

383 2709 588 3038 Q
617 2716 763 2776 UIS
792 2714 1056 2791 iquorat
1086 2715 1260 2792 quod
1286 2713 1421 2772 hoec
1447 2713 1668 2772 omnia
1696 2731 1932 2772 manus
1957 2711 2231 2772 Domini
2253 2713 2533 2788 fecerit?
2562 2715 2635 2773 in
2664 2714 2856 2792 cujus
2887 2735 3091 2776 manu
3120 2726 3212 2777 est
3240 2719 3465 2780 anima
