4334 6242
1066 499 1266 547 01111111
1309 499 1530 546 Ancum
1573 495 1734 544 suAM
1779 495 2228 544 neutrumnnn
2271 495 2637 556 nnnussnm'r,
2679 497 2807 546 erc.
3369 478 3486 544 337

386 671 718 733 actualiter
746 678 809 732 et
842 670 1163 732 meritorie
1195 674 1665 742 converterunt,
1699 674 1761 730 et
1793 667 1883 730 vi·
1916 668 1967 730 A
1996 667 2414 741 vertentibuS,
2467 667 2976 750 disponent-ibuS,
3030 676 3093 730 61
3141 667 3362 730 idonee
3415 688 3488 731 ac

388 778 516 833 tam
578 777 948 832 meruerunt
1010 777 1332 841 aeternam,
1396 768 1483 829 ita
1542 767 1709 848 quod
1774 786 1888 848 per

388 869 715 930 caritatem
778 875 957 929 erant
1012 867 1079 929 in
1124 868 1327 929 Deum
1385 865 1695 938 conversi,
1748 864 1885 926 sine

386 985 515 1048 qua
566 966 784 1027 nullus
835 965 1029 1026 vitam
1088 964 1303 1046 gloriae
1350 970 1765 1045 promeretur.
1821 962 1884 1025 Si

387 1083 539 1144 ergo
576 1063 877 1126 meritum
917 1071 980 1125 61
1014 1063 1350 1144 praemium
1393 1060 1586 1123 simul
1628 1061 1887 1122 fuerunt

388 1162 453 1224 in
492 1162 758 1242 6036113,
791 1161 1074 1224 universi
1115 1160 1388 1222 fuissent
1416 1158 1604 1221 beati.
1640 1158 1703 1220 Si
1735 1176 1887 1221 vero

386 1260 635 1322 dicatur
671 1261 843 1342 quod
871 1259 1142 1322 verbum
1183 1258 1341 1320 illud
1382 1257 1771 1338 intelligatur
1809 1257 1887 1318 de

387 1358 629 1440 angelis
678 1358 885 1431 boniS,
938 1376 1087 1438 ergo
1136 1357 1229 1420 illi
1281 1357 1555 1419 fuissent
1600 1355 1767 1418 beati
1819 1355 1887 1417 10

387 1458 597 1540 primo
640 1477 771 1521 suae
813 1457 1197 1519 conditionis
1242 1455 1519 1517 instanti.

467 1555 753 1636 Denique
802 1555 1036 1617 solutio
1081 1555 1191 1616 illa
1234 1555 1292 1616 S.
1328 1553 1581 1616 Thomae
1625 1571 1751 1615 non
1793 1552 1885 1614 vi-

388 1653 573 1716 detur
630 1671 815 1735 posse
875 1653 1123 1716 salvari.
1179 1652 1243 1714 Si
1292 1651 1464 1713 enim
1524 1649 1778 1712 Lucifer
1824 1658 1887 1712 et

386 1751 594 1832 angeli
624 1751 766 1832 ejus
804 1750 1079 1814 fuissent
1107 1769 1223 1831 per
1253 1756 1465 1810 actum
1501 1748 1778 1810 caritatis
1817 1747 1884 1809 in

1996 763 2398 826 sufficienter
2435 765 2826 846 aptantibuS,
2872 785 3018 828 mox
3065 765 3203 827 sine
3245 765 3490 829 dilatio-

1995 881 2074 924 ne
2122 862 2453 926 influxerit
2493 863 2783 944 gloriam.
2813 900 2894 908 —
2924 864 3184 938 RursuS‚
3219 863 3492 926 faciente

1998 968 2209 1024 mente
2250 969 2460 1025 creata
2488 962 2655 1043 quod
2700 961 2763 1024 in
2801 981 2868 1024 se
2899 970 3015 1036 est,
3053 962 3306 1025 Creator
3345 982 3494 1026 mox

1996 1059 2452 1132 adest,confert
2480 1068 2542 1122 et
2572 1059 2826 1142 perficit
2856 1068 3070 1123 actum
3100 1068 3163 1122 61
3194 1068 3490 1124 conatum

1996 1157 2190 1220 illius.
2223 1194 2304 1202 —
2332 1159 2590 1233 Iterum,
2624 1160 2953 1223 conversio
2985 1159 3094 1222 illa
3121 1160 3494 1241 augelorum

1996 1257 2073 1319 ad
2137 1257 2860 1338 supergloriosissimum
2922 1258 3302 1334 Creatorem,
3363 1277 3494 1323 000

1997 1354 2120 1417 fuit
2153 1356 2516 1438 temporalis
2548 1357 2924 1431 successiva,
2960 1358 3069 1420 sed
3100 1357 3496 1422 instantanea

1995 1461 2254 1536 totaque
2287 1454 2500 1517 simul.
2535 1455 2671 1518 Non
2712 1474 2860 1537 ergo
2899 1463 3161 1538 apparet
3191 1457 3350 1520 ratio
3381 1477 3496 1520 cur

1998 1553 2164 1615 Deus
2217 1552 2282 1614 10
2333 1571 2461 1615 uno
2512 1555 2714 1635 magis
2763 1574 2954 1636 quam
3003 1554 3070 1616 in
3117 1555 3316 1620 altero
3363 1557 3495 1636 glo-

1998 1651 2155 1712 riam
2197 1651 2564 1727 addidisset,
2597 1661 2661 1715 et
2697 1652 3066 1716 felicitatem
3115 1673 3230 1736 pro
3269 1656 3496 1719 merito

1998 1748 2350 1824 tribuisset,
2391 1757 2501 1812 aut
2543 1750 2807 1832 dignum
2856 1752 3208 1815 distulisset
3249 1754 3497 1837 praemi-

388 1851 585 1912 Deum
622 1849 945 1912 meritorie
974 1848 1431 1929 actualiterque
1465 1831 1888 1920 conversi,fu·
1922 1849 1969 1912 B
2004 1867 2111 1909 um
2153 1848 2488 1930 impertiri.
2520 1885 2602 1911 .—
2638 1850 2953 1932 AmpliuS,
2987 1851 3152 1912 sicut
3191 1852 3497 1934 praehabi-

388 1948 586 2011 issent
636 1947 702 2011 in
751 1947 1167 2029 dispositione
1216 1947 1597 2028 propinqua,
1648 1945 1777 2007 imo
1824 1951 1888 2007 61

388 2047 679 2129 proxima
734 2066 807 2109 66
854 2045 1229 2119 sufficienti,
1280 2045 1359 2106 ad
1416 2044 1889 2126 susceptionem

388 2145 605 2226 gloriae
633 2164 707 2207 ac
740 2145 1046 2207 mercedis
1078 2163 1114 2205 a
1142 2143 1292 2217 De0,
1312 2143 1659 2224 praesertim
1694 2161 1891 2225 quum

390 2251 455 2306 et
500 2243 773 2306 Thomas
825 2250 1109 2316 testetur,
1164 2242 1331 2323 quod
1381 2241 1605 2321 angelo
1652 2260 1728 2302 ex
1780 2260 1893 2302 sua

392 2349 618 2403 natura
661 2341 998 2405 conveniat
1040 2341 1231 2402 unico
1274 2348 1418 2402 actu
1462 2346 1525 2400 61
1568 2339 1893 2401 meritorio

356 2491 365 2498 .
395 2447 569 2502 motu
602 2439 1063 2502 beatitudinem
1093 2437 1382 2519 adipisci.
1405 2436 1634 2510 Gratia,
1660 2437 1892 2518 inquit,

392 2537 651 2620 perficit
708 2545 999 2600 naturam
1056 2536 1408 2598 secundum
1472 2536 1732 2597 modum
1789 2555 1894 2597 na-

394 2645 571 2710 turae,
622 2635 790 2698 sicut
840 2642 903 2696 et
952 2635 1162 2698 omnis
1222 2633 1529 2716 perfectio
1586 2633 1894 2715 recipitur

394 2736 459 2797 in
492 2734 877 2817 perfectibili
912 2733 1263 2796 secundum
1304 2732 1721 2814 perfectibilis
1762 2751 1893 2794 mo-

393 2833 567 2894 dum.
602 2832 711 2894 Est
740 2839 953 2894 autem
994 2832 1115 2894 hoc
1147 2831 1479 2913 proprium
1519 2839 1758 2894 naturae
1786 2850 1894 2893 an-

389 2931 811 3012 gelicae,quod
843 2929 1196 2992 naturalem
1226 2948 1408 2991 suam
1438 2928 1894 3010 perfectionem

2000 1953 2136 2007 tum
2181 1954 2298 2020 est,
2333 1948 2884 2030 communiterque
2927 1956 3199 2024 tenetur,
3231 1950 3496 2031 angelus

2000 2063 2066 2106 se
2108 2052 2310 2106 totum
2351 2045 2662 2108 convertit
2695 2047 2773 2108 ad
2815 2047 2876 2108 id
2917 2047 2996 2109 ad
3035 2049 3205 2129 quod
3244 2067 3311 2111 se
3352 2067 3498 2112 con-

1998 2144 2208 2206 vertit.
2244 2143 2417 2206 Unde
2448 2152 2510 2206 et
2538 2144 2836 2207 Albertus
2869 2152 2931 2207 et
2959 2147 3069 2209 alii
3107 2147 3323 2228 plures
3353 2166 3499 2211 con·

2000 2242 2311 2318 scribunt,
2345 2243 2512 2324 quod
2550 2242 2758 2323 angeli
2795 2243 2859 2305 in
2902 2263 3030 2308 suae
3062 2245 3498 2327 productionis

2001 2337 2350 2422 primordio
2392 2359 2459 2402 se
2499 2340 2599 2402 vel
2645 2341 3134 2404 inavertibiliter
3178 2350 3498 2406 converte-

2002 2445 2151 2500 runt
2197 2438 2274 2500 ad
2334 2438 2596 2512 bonum,
2648 2440 2750 2501 vel
2808 2439 3381 2504 inconvertibiliter
3429 2461 3498 2504 se

2002 2544 2329 2598 verterunt
2366 2537 2446 2598 ad
2489 2537 2748 2598 malum.
2794 2536 2859 2600 Si
2904 2537 3099 2619 igitur
3137 2539 3392 2601 Lucifer
3429 2541 3496 2602 in

2001 2633 2213 2716 primo
2261 2653 2390 2697 suae
2438 2635 2773 2698 creationis
2824 2636 3107 2710 instanti,
3149 2644 3258 2699 aut
3303 2638 3496 2700 etiam

2002 2733 2214 2794 statim
2262 2740 2403 2814 post
2441 2732 2581 2807 hoc,
2618 2735 2931 2797 convertit
2969 2753 3036 2796 se
3076 2754 3191 2817 per
3230 2737 3498 2817 gratiam

2001 2838 2065 2892 et
2112 2831 2439 2916 caritatem
2488 2832 2565 2893 ad
2615 2833 2837 2906 Deum,
2881 2832 3366 2896 inavertibiliter
3414 2843 3502 2897 at-

2002 2947 2125 3010 que
2175 2928 2451 2991 totaliter
2499 2949 2566 2992 36
2617 2930 2910 2993 ν61113361
2955 2931 3033 2993 6(1
3080 2951 3252 3006 eum,
3295 2940 3357 2994 et
3406 2933 3499 2995 sic

389 3047 515 3091 non
578 3047 692 3111 per
740 3029 1103 3091 discursum
1160 3027 1467 3109 acquirat,
1519 3028 1629 3088 sed
1678 3029 1891 3091 statim
1928 3029 1971 3092 C
2003 3046 2332 3108 nunquam
2373 3047 2439 3090 se
2479 3029 2813 3090 avertisset
2841 3029 2918 3092 ab
2950 3048 3060 3111 eo;
3102 3039 3165 3093 et
3196 3030 3365 3094 idem
3406 3051 3498 3094 ar-

390 3127 622 3189 habeat
670 3146 785 3209 per
834 3134 1147 3188 naturam.
1195 3126 1739 3199 Quemadmodum
1787 3146 1891 3188 au-

391 3234 517 3288 tem
558 3225 822 3306 angelus
854 3244 932 3288 ex
964 3244 1079 3287 sua
1119 3232 1344 3286 natura
1382 3223 1572 3286 habet
1601 3226 1890 3287 ordinem

389 3323 464 3384 ad
506 3323 965 3405 perfectionem
1004 3322 1383 3396 naturalem,
1418 3322 1505 3384 ita
1543 3342 1620 3385 ex
1666 3324 1894 3386 merito

390 3420 681 3484 ordinem
730 3420 921 3484 habet
972 3421 1050 3483 ad
1098 3420 1367 3501 gloriam
1408 3439 1421 3482 ε
1468 3421 1706 3483 idcirco
1752 3428 1895 3503 post

394 3520 692 3582 meritum
726 3519 941 3581 statim
974 3519 1040 3581 in
1072 3536 1147 3581 eo
1178 3527 1518 3581 consecuta
1547 3527 1643 3582 est
1670 3519 1889 3599 gloria.

392 3618 482 3681 Ex
530 3618 768 3700 quibus
829 3618 1035 3700 ipsius
1096 3618 1297 3680 sancti
1351 3619 1635 3680 Doctoris
1682 3618 1894 3681 verbis

394 3717 645 3779 videtur
688 3715 908 3779 haberi
952 3717 1369 3798 propositum.

472 3813 535 3876 Si
566 3831 719 3877 vero
758 3814 1214 3895 respondeatur
1252 3831 1365 3894 pro
1400 3831 1495 3888 e0,
1531 3815 1702 3897 quod
1742 3834 1895 3897 prae-

396 3911 659 3994 allegata
702 3913 904 3995 ipsius
949 3911 1144 3973 verba
1190 3912 1317 3974 sint
1359 3931 1530 3987 vera,
1564 3921 1627 3975 et
1665 3912 1895 3975 intelli-

397 4013 617 4092 genda,
660 4010 786 4072 nisi
836 4010 1093 4073 aliunde
1143 4018 1434 4072 occurrat
1478 4012 1896 4094 impedimen-

394 4119 573 4190 tum3
616 4109 886 4191 ideoque
929 4108 1184 4171 Lucifer
1226 4117 1289 4172 et
1331 4110 1537 4190 angeli
1582 4109 1723 4202 ejus
1766 4127 1893 4172 000

2000 3126 2109 3207 gui
2150 3132 2357 3207 potest
2387 3127 2464 3188 de
2494 3127 2754 3207 angelis.
2788 3163 2869 3173 —
2897 3129 3183 3211 insuper,
3218 3148 3500 3192 commu-

2001 3226 2167 3288 niter
2210 3225 2463 3310 dicitur,
2498 3233 2560 3288 et
2603 3226 2872 3289 Thomas
2920 3228 3039 3290 hoc
3084 3229 3296 3310 ipsum
3345 3227 3506 3292 fate--

2002 3330 2125 3397 tur,
2180 3324 2350 3405 quod
2395 3331 2633 3406 quanto
2680 3324 2888 3404 angeli
2948 3325 3208 3388 fuerunt
3255 3327 3508 3388 altioris·

2001 3427 2264 3494 naturae,
2305 3429 2478 3483 tanto
2521 3422 3010 3484 eminentiorem
3057 3423 3322 3502 gloriam
3373 3443 3500 3486 106-

2002 3526 2290 3592 1061001,
2334 3518 2633 3582 videlicet
2679 3521 2833 3602 quia
2881 3521 3212 3583 intensiori
3259 3522 3508 3585 affectu·

2000 3617 2372 3680 ferebantur
2410 3617 2476 3679 in
2513 3618 2735 3680 Deum.
2771 3619 2978 3692 Quum
3019 3619 3214 3699 igitur
3243 3619 3498 3683 Lucifer

2003 3717 2296 3779 credatur
2325 3716 2523 3778 fuisse
2555 3736 2846 3780 summus
2877 3717 3042 3779 inter
3072 3718 3326 3800 angelos
3355 3719 3497 3780 uni·

2001 3833 2238 3888 versos,
2273 3822 2646 3896 sequeretur
2690 3815 2858 3897 quod
2904 3816 3040 3897 ipse
3084 3835 3214 3897 prae
3257 3817 3498 3898 angelis

2002 3913 2316 3974 universis
2346 3913 2720 3987 6100103103,
2753 3913 3106 3976 ferventius
3141 3923 3332 3996 atque
3362 3935 3500 3997 per-

2000 4010 2231 4072 fectius
2263 4010 2744 4074 convertebatur
2773 4013 2837 4073 in
2871 4012 3500 4094 superdignissimum

2003 4109 2359 4171 Creatorem
2407 4129 2420 4172 :
2473 4128 2624 4190 ergo
2670 4129 2800 4191 prae
2848 4110 3098 4174 cunctis
3147 4112 3497 4196 dispositis-

395 4207 654 4271 fuerunt
703 4207 1074 4270 felicitatem
1123 4208 1357 4290 adepti,
1400 4208 1701 4291 quoniam
1752 4225 1894 4290 pro·
1922 4211 1972 4275 D
2003 4206 2202 4270 simus
2251 4226 2324 4268 ac
2371 4207 2785 4287 dignissimus
2845 4208 2969 4271 fuit
3018 4228 3134 4293 pro
3182 4219 3354 4274 tanto
3403 4231 3500 4275 ca·

394 4307 561 4369 tinus
594 4305 845 4368 obicem
885 4315 1235 4388 posuerunt
1270 4325 1281 4368 :
1318 4315 1535 4370 contra
1575 4308 1695 4369 hoc
1735 4306 1895 4368 mul-

396 4405 701 4489 tipliciter
741 4405 919 4486 argui
965 4413 1191 4487 potest.
1234 4406 1399 4469 Deus
1445 4423 1721 4487 namque
1761 4423 1892 4468 om-

395 4505 710 4587 nipotenS,
763 4523 840 4566 ex
899 4523 1013 4566 sua
1071 4504 1353 4566 bonitate
1401 4512 1464 4566 et
1514 4503 1891 4566 liberalitate

396 4603 729 4677 immensa,
784 4622 962 4665 3116111
1016 4603 1232 4664 influit
1284 4602 1704 4683 largitionem,
1756 4621 1893 4682 gra-

359 4702 543 4763 ·tiam
596 4709 661 4763 et
708 4701 996 4780 gloriam,
1050 4699 1440 4781 ubicumque
1490 4700 1663 4761 videt
1712 4699 1893 4762 suffi—

399 4800 672 4862 cientem
712 4807 775 4861 et
804 4798 1183 4880 condignam
1224 4799 1749 4880 praeparationem
1784 4814 1798 4859 2
1833 4805 1896 4860 et

401 4898 537 4974 1106,
561 4899 917 4960 36611οᾱ1110
950 4905 1183 4960 statum
1214 4916 1287 4959 66
1318 4905 1607 4960 naturam
1642 4898 1732 4958 rei
1766 4917 1896 4959 cre-

402 5005 513 5060 6136
542 4997 887 5078 dispositae.
912 4997 1117 5070 Quum
1149 5015 1298 5077 ergo
1327 5004 1563 5058 naturae
1594 4997 1897 5077 angelicae

405 5103 721 5179 competat
761 5113 889 5157 uno
937 5095 1261 5157 meritorio
1302 5103 1446 5157 actu
1495 5095 1898 5158 sufficienter

405 5194 653 5278 disponi
684 5201 749 5256 et
778 5193 977 5274 aptari
1010 5193 1089 5254 ad
1123 5193 1410 5273 gloriam,
1445 5193 1697 5256 videtur
1726 5195 1898 5277 quod

410 5293 567 5355 Deus
598 5291 850 5356 cunctis
889 5293 1130 5372 angelis
1170 5311 1235 5354 se
1265 5293 1341 5354 ad
1384 5292 1597 5374 ipsum
1638 5293 1724 5356 ita
1754 5312 1899 5357 con-

648 5427 712 5477 T.
749 5426 829 5478 21.

2002 4306 2207 4368 ritatis
2262 4306 2484 4368 ardore
2538 4305 2996 4370 beatitudinem
3057 4327 3204 4372 mox
3263 4310 3492 4373 sortiri.

2002 4440 2081 4449 —
2111 4404 2331 4467 Adhuc
2375 4412 2610 4479 autem,
2645 4424 2846 4486 quum
2890 4405 3200 4488 perfectio
3246 4407 3310 4470 in
3353 4416 3497 4472 actu

2003 4503 2282 4566 caritatis
2341 4503 2666 4578 consistat,
2730 4505 3018 4587 sequitur
3084 4507 3252 4588 quod
3317 4508 3497 4570 Luci-

2006 4601 2100 4664 fer
2159 4602 2282 4664 fuit.
2349 4601 2856 4684 perfectissimus
2925 4605 3313 4686 angelorum.
3377 4605 3497 4668 Sed

2004 4709 2075 4763 ut
2118 4702 2400 4783 loquitur
2445 4702 2767 4781 Origenes,
2812 4703 3028 4765 nullus
3067 4702 3178 4785 qui
3221 4704 3286 4766 in
3326 4724 3498 4766 sum-

2007 4818 2111 4863 mo
2170 4799 2580 4882 perfectoque
2641 4802 2838 4881 gradu
2900 4802 3232 4877 exstiterit,
3284 4803 3496 4866 subito

2005 4907 2068 4962 et
2134 4899 2327 4962 simul
2395 4899 2671 4962 totaliter
2735 4909 3077 4962 evacuatur
3142 4901 3276 4962 sive
3342 4900 3495 4962 sub·

2005 4998 2296 5073 vert-itur,
2348 4998 2457 5059 sed
2507 4998 2813 5079 paulatim
2861 5007 3050 5080 atque
3099 5017 3214 5081 per
3261 5007 3490 5080 partes,

2005 5097 2141 5159 Non
2173 5114 2322 5177 6130
2359 5104 2620 5178 apparet
2651 5097 3000 5178 probabile,
3033 5097 3203 5177 quod
3242 5095 3496 5159 Lucifer

2005 5202 2136 5258 tam
2193 5195 2584 5256 instantanee
2639 5202 2749 5256 aut
2797 5201 3055 5276 repente
3113 5213 3185 5256 ac
3236 5211 3494 5276 prorsus

2008 5295 2270 5357 omnino
2325 5312 2362 5354 a
2420 5299 2592 5354 tanta
2649 5292 3037 5376 perfect-ione
3095 5301 3158 5354 61
3215 5291 3495 5356 bonitate

3183 5425 3245 5476 22

3542 1784 3584 1826 p.
3608 1767 3744 1814 3310.
