4334 6242
1491 501 1834 552 rnoossmun
1875 503 2432 553 COMMENTARIORUM
3426 484 3507 550 33

405 681 752 753 eognoscat
779 673 1091 755 originem
1125 673 1298 748 boni,
1331 683 1394 737 et
1434 675 1872 756 cognoscendo
1899 693 2039 737 eam
2081 675 2385 757 requirat,
2418 684 2606 757 atque
2646 675 2725 737 ad
2758 674 2929 738 illam
2964 674 3313 758 perveniat,
3345 682 3409 736 et
3440 674 3505 737 in

405 797 484 840 ea
515 781 836 862 quiescat3
869 788 940 843 ut
978 782 1240 864 insuper
1270 788 1488 844 noscat
1516 781 1827 862 originem
1871 781 2043 854 mali,
2077 789 2140 844 et
2182 782 2340 845 illud
2379 782 2635 844 devitet.
2668 782 2737 844 ln
2776 782 2877 844 his
2906 801 3160 865 quoque
3191 780 3509 844 clauditur

405 893 542 948 tota
589 887 860 950 intentio
909 897 1210 952 tractatus
1261 887 1406 951 libri
1460 888 1644 950 istius
1693 905 1706 949 ε
1755 889 1868 970 qui
1917 888 2086 950 circa
2134 889 2261 951 duo
2308 895 2617 963 versatur,
2670 889 2965 951 videlicet
3014 889 3183 952 eirca
3230 888 3509 951 hominis

405 994 848 1057 conditionem
891 1003 956 1056 et
995 994 1442 1058 deviationem.

531 1101 810 1176 Quorum
859 1102 1140 1184 primum
1189 1102 1491 1183 tangitur,
1525 1121 1724 1184 quum
1775 1103 2030 1176 dicitur,
2076 1125 2110 1160 «
2150 1102 2316 1164 Deus
2360 1101 2513 1164 fecit
2556 1102 2883 1166 hominem
2932 1108 3177 1164 rectum
3212 1124 3271 1176 J),
3302 1103 3512 1165 dando

403 1209 714 1272 videlieet
760 1210 821 1271 ei
867 1210 1134 1290 gratiam
1182 1229 1254 1272 ac
1295 1195 1583 1272 virtutes.
1619 1210 1794 1273 Tunc
1838 1228 2068 1292 nempe
2112 1209 2349 1271 dicitur
2388 1209 2579 1273 homo
2622 1217 2854 1285 rectuS,
2888 1211 3040 1273 dum
3094 1210 3513 1291 intelligentia

401 1315 553 1396 ejus
582 1316 952 1398 adaequatur
980 1336 1248 1380 summae
1278 1317 1530 1380 veritati
1564 1317 1630 1378 in
1661 1317 2120 1397 cognoscendo,
2154 1316 2574 1399 voluntasque
2604 1317 2745 1398 ejus
2781 1318 3214 1381 conformatur
3243 1337 3511 1382 summae

403 1423 683 1486 bonitati
714 1425 780 1486 in
821 1424 1166 1505 diligendo,
1200 1432 1263 1488 et
1293 1425 1496 1487 virtus
1535 1424 1676 1505 ejus
1717 1423 2124 1485 continuatur
2162 1443 2430 1486 summae
2469 1426 2762 1506 potestati
2804 1425 2869 1487 in
2900 1426 3262 1508 operando:
3297 1433 3361 1486 et
3388 1425 3510 1488 hoc

401 1538 510 1592 est
538 1532 794 1612 quando
821 1531 1012 1596 homo
1041 1533 1117 1594 ad
1150 1534 1350 1596 Deum
1384 1533 1776 1596 convertitur
1805 1549 1880 1592 ex
1912 1549 1978 1592 se
2009 1538 2158 1593 toto.
2192 1531 2575 1612 Adaequatur
2603 1539 2817 1594 autem
2848 1539 3062 1594 nostra
3091 1531 3511 1612 intelligentia

403 1657 684 1702 summae
730 1639 980 1702 veritati
1030 1659 1156 1702 non
1206 1660 1320 1723 per
1367 1640 1799 1703 omnimodam
1851 1638 2367 1720 completionem,
2410 1639 2521 1701 sed
2569 1639 2911 1720 aliqualem
2962 1639 3402 1703 imitationem.
3443 1640 3508 1702 Si

404 1745 610 1817 enim,
643 1752 714 1807 ut.
742 1745 832 1806 ait
858 1745 1221 1820 Anselmus‚
1254 1746 1487 1808 veritas
1517 1752 1613 1806 est
1645 1744 1956 1806 rectitudo
1987 1743 2119 1805 sola
2151 1750 2362 1806 mente
2393 1743 2854 1826 perceptibiliS,
2888 1752 2950 1806 et
2980 1745 3348 1808 rectitudini
3378 1764 3506 1808 non

403 1857 622 1930 potest
650 1851 888 1932 aequari
929 1852 1054 1914 nisi
1093 1860 1338 1915 rectum
1358 1870 1376 1931 ;
1408 1853 1562 1914 dum
1602 1851 1962 1914 intellectus
2002 1860 2217 1916 noster
2254 1862 2541 1935 aequatur
2570 1853 2843 1928 veritati,
2876 1854 3233 1918 necessario
3270 1854 3507 1918 rectifi-

403 1964 612 2019 catur.
647 1957 950 2040 Tuncque
989 1967 1298 2041 aequatur,
1331 1960 1584 2042 quando
1625 1978 1692 2020 se
1732 1961 2066 2023 actualiter
2103 1961 2417 2024 convertit
2452 1961 2530 2022 ad
2566 1960 2915 2023 veritatem.
2949 1961 3193 2024 Veritas
3230 1980 3506 2044 namque

403 2064 476 2126 in
507 2071 653 2126 actu
684 2065 1014 2140 definitur,
1046 2067 1216 2148 quod
1243 2075 1342 2129 est
1370 2068 1726 2150 adaequatio
1755 2072 1847 2134 rei
1877 2079 1940 2134 et
1970 2073 2349 2135 intellectus.
2375 2072 2535 2134 Hinc
2564 2073 2703 2135 sine
2732 2072 2993 2136 veritate
3027 2074 3241 2137 nullus
3268 2074 3511 2155 judicat

403 2177 602 2233 recte.
654 2206 737 2217 —
782 2171 1074 2236 Secundo
1124 2172 1316 2236 homo
1365 2174 1778 2252 rectificatur‚
1827 2180 2082 2260 quando
2131 2179 2423 2241 voluntas
2472 2198 2587 2241 sua
2634 2198 2900 2242 summae
2948 2179 3214 2243 bonitati
3263 2180 3511 2244 confor-

405 2285 641 2342 matur.
694 2280 958 2343 Summa
1011 2281 1248 2342 etenim
1307 2281 1558 2344 bonitas
1607 2291 1704 2346 est
1750 2303 2002 2346 summa
2058 2285 2322 2367 aequitas
2370 2304 2485 2347 seu
2538 2285 2805 2366 justitia.
2858 2287 3032 2349 Unde
3080 2293 3318 2368 quanto
3362 2289 3509 2369 quis

396 2385 662 2466 justior,
696 2394 871 2450 tanto
899 2396 997 2449 est
1027 2386 1288 2450 melior:
1314 2389 1616 2471 quoniam
1648 2397 1808 2452 teste
1838 2392 2158 2466 Anselmo,
2189 2393 2438 2473 justitia
2468 2392 2782 2455 rectitudo
2810 2399 2905 2454 est
2936 2392 3299 2456 voluntatis.
3334 2393 3508 2456 Nihil

399 2502 624 2556 autem
683 2493 1120 2557 conformatur
1167 2495 1532 2558 rectitudini
1581 2498 1706 2560 nisi
1759 2508 2024 2562 rectum.
2079 2501 2255 2563 Tunc
2312 2509 2525 2563 autem
2574 2500 2865 2564 voluntas
2917 2520 3184 2564 summae
3238 2501 3506 2565 bonitati

397 2609 695 2683 aequatur
731 2609 795 2664 et
834 2601 1114 2684 aequitati
1155 2602 1612 2678 conformatur,
1646 2624 1845 2687 quum
1886 2608 1964 2669 ad
2005 2607 2209 2690 ipsam
2248 2608 2571 2688 diligendo
2611 2609 3018 2670 convertitur.
3064 2609 3237 2670 Unde
3275 2608 3453 2690 Hugo
3486 2627 3502 2672 :

397 2709 572 2782 Scio,
605 2707 834 2792 inquit,
869 2727 908 2772 o
951 2709 1185 2784 anima,
1217 2709 1370 2791 quia
1418 2711 1570 2773 dum
1621 2712 1864 2795 aliquid
1908 2712 2142 2794 diligiS,
2180 2714 2247 2776 in
2289 2714 2429 2794 ejus
2471 2713 2959 2775 similitudinem
3012 2713 3500 2777 transformaris,

395 2818 565 2882 Hinc
595 2818 706 2900 qui
737 2838 1055 2881 summam
1086 2818 1296 2900 diligit
1336 2819 1708 2894 bonitatem,
1743 2829 1953 2883 rectus
1992 2827 2106 2883 est.
2142 2822 2402 2903 Propter
2432 2822 2601 2902 quod
2641 2821 2851 2903 primo
2880 2820 3283 2884 Canticorum
3319 2822 3503 2885 indu-

394 2925 622 2986 citur:
655 2925 832 2987 Recti
881 2925 1157 3006 diligunt
1198 2934 1278 2988 te.
1316 2927 1492 2990 Recti
1534 2927 1731 3003 enim,
1762 2946 1801 2991 o
1844 2929 2131 3003 Domine,
2165 2929 2245 2990 ad
2292 2934 2461 2989 tuam
2506 2935 2654 2990 sunt
2698 2926 3047 2991 bonitatem
3097 2929 3407 3002 conversi,
3440 2937 3503 2990 et
3544 2947 3777 3000 cant.1,a.

391 3040 518 3094 tua
555 3031 634 3092 ad
676 3049 784 3094 eos
829 3031 1078 3095 bonitas
1120 3031 1484 3095 inclinatur.
1519 3034 1695 3108 Quod
1738 3043 2038 3117 expertus
2076 3035 2175 3097 vir
2216 3042 2471 3097 sanctus
2510 3033 2745 3097 fatetur
2777 3053 2791 3096 :
2825 3035 3022 3109 Quam
3068 3035 3273 3098 bonus
3308 3035 3791 3108 Israelpae.mu.1.

393 3139 571 3202 Deus
619 3138 722 3200 his
762 3138 873 3221 qui
919 3147 1090 3202 recto
1133 3146 1282 3202 sunt
1325 3141 1548 3204 corde!
1586 3141 1657 3203 Et
1702 3142 1854 3224 quia
1895 3141 2014 3205 hoc
2057 3142 2175 3205 soli
2220 3142 2376 3204 recti
2420 3141 2856 3223 experiuntur,
2892 3141 3033 3204 ideo
3077 3149 3280 3204 rectos
3320 3143 3499 3205 decet
3524 3163 3790 3215 Paxxxua.

393 3247 802 3312 collaudatio.
837 3283 918 3293 —-
945 3248 1159 3313 Nihilo
1189 3249 1402 3312 minus
1435 3249 1826 3312 rectificatur
1856 3249 2066 3323 homo,
2102 3250 2255 3311 dum
2286 3248 2490 3310 virtus
2528 3267 2643 3310 sua
2672 3267 2939 3312 summae
2976 3247 3268 3330 potestati
3302 3250 3500 3311 conti-

393 3363 652 3417 nuatur.
686 3355 952 3418 Rectum
999 3355 1172 3418 enim
1222 3363 1318 3418 est
1365 3356 1550 3438 cujus
1603 3357 1884 3419 medium
1935 3373 2060 3418 non
2111 3355 2241 3417 exit
2288 3354 2369 3416 ab
2416 3355 2739 3418 extremis,
2783 3354 2971 3418 Porro
3020 3363 3302 3418 extrema
3350 3364 3499 3418 sunt

395 3461 689 3543 primum
739 3469 801 3524 et
855 3461 1178 3535 ultimum,
1229 3444 1434 3543 Alpha
1481 3469 1544 3525 et
1591 3463 1844 3543 Omega,
1887 3460 2280 3544 principium
2334 3469 2398 3523 et
2452 3460 2625 3522 finis,
2677 3460 2951 3522 Medium
3000 3461 3165 3523 inter
3214 3461 3349 3524 haec
3403 3468 3500 3522 est
3544 3476 3790 3531 Apoe.·,a.

391 3569 708 3652 operatio,
733 3589 848 3652 per
879 3587 1070 3651 quam
1098 3569 1392 3632 efficiens
1424 3569 1727 3652 pertingit
1753 3570 1830 3631 ad
1861 3568 2083 3631 finem.
2110 3569 2223 3631 llla
2250 3585 2399 3648 ergo
2430 3568 2632 3629 virtus
2662 3573 2759 3628 est
2788 3575 2977 3640 recta,
3004 3566 3190 3647 cujus
3219 3567 3500 3649 operatio

389 3683 496 3738 est
543 3693 582 3738 a
623 3675 832 3758 primo
875 3676 1196 3758 principio
1237 3683 1302 3738 et
1340 3677 1762 3753 adultimum
1807 3675 2098 3759 pervenit
2141 3674 2362 3737 finem.
2396 3675 2731 3756 Quumque
2774 3673 2991 3735 divina
3032 3673 3235 3735 virtus
3282 3675 3501 3738 omnia

389 3791 722 3866 operetur,
766 3791 829 3846 et
868 3791 1130 3866 propter
1165 3783 1513 3866 ipsummet
1551 3784 1774 3856 Deum,
1817 3782 2173 3845 rectissima
2212 3791 2307 3844 est
2349 3783 2413 3844 in
2452 3781 2791 3864 operando.
2829 3780 3001 3843 Nihil
3045 3782 3306 3844 demum
3351 3799 3499 3844 eon·

393 3890 688 3952 tinuatur
733 3897 906 3952 recto
954 3889 1082 3952 nisi
1132 3896 1396 3952 rectum.
1431 3890 1637 3963 Quum
1684 3888 1879 3970 igitur
1926 3888 2129 3950 virtus
2180 3895 2395 3952 nostra
2440 3888 2672 3950 divinae
2720 3887 3013 3970 potestati
3064 3888 3493 3962 continuatur,

395 3997 539 4058 sine
569 3994 770 4059 dubio
798 3995 1228 4075 rectificatur3
1260 4005 1450 4078 atque
1480 4014 1558 4058 ex
1588 3997 1708 4060 hoc
1739 3996 2024 4059 efficitur
2053 3996 2245 4059 homo
2286 4013 2412 4058 non
2444 3995 2649 4058 solum
2681 4002 2913 4067 rectuS,
2946 3994 3055 4055 sed
3086 4000 3149 4054 et
3180 4001 3387 4057 rector
3420 4013 3495 4057 ac

394 4123 534 4178 rex,
581 4103 766 4184 juxta
813 4103 971 4166 illud
1021 4103 1496 4166 Deuteronomii
1540 4121 1554 4164 ε
1599 4103 1732 4166 Erit
1775 4105 1941 4187 apud
1990 4104 2423 4166 rectissimum
2475 4122 2605 4176 rex,
2649 4101 3041 4181 congregatis
3090 4101 3493 4184 principibus
3576 4123 3707 4167 neue.

399 4212 623 4294 populi
675 4231 824 4274 cum
871 4211 1170 4275 tribubus
1217 4211 1427 4274 lsrael.
1461 4213 1592 4275 Hoc
1636 4231 1910 4295 namque
1951 4213 2073 4274 erit
2116 4213 2185 4274 in
2226 4212 2447 4293 gloria,
2482 4210 2735 4294 quando
2777 4209 3255 4273 continuabitur
3291 4211 3494 4274 virtus
3524 4197 3663 4236 ¹¹³⁰*
3693 4187 3734 4229 ⁵·

397 4327 614 4382 nostra
661 4319 884 4382 virtuti
931 4319 1184 4382 divinae.
1220 4319 1396 4382 Tunc
1443 4319 1684 4402 quippe
1729 4318 1968 4381 erimus
2009 4319 2479 4401 omnipotentes
2528 4317 2871 4380 voluntatis
2914 4323 3164 4391 nostrae,
3196 4319 3498 4399 quemad·

399 4427 662 4489 modum
711 4426 877 4489 Deus
925 4445 1056 4490 suae
1091 4443 1105 4488 τ
1140 4426 1360 4508 sicque
1408 4443 1630 4489 omnes
1677 4426 1917 4488 erimus
1964 4444 2163 4506 regeS.
2210 4424 2371 4486 Hinc
2419 4423 2735 4486 universis
2785 4423 3181 4505 promittitur
3230 4443 3497 4505 regnum

399 4533 731 4598 eoelorum.

517 4643 598 4702 At
642 4658 796 4703 vero
839 4640 1257 4721 intelligentia
1303 4648 1517 4704 nostra
1560 4660 1598 4703 a
1639 4660 1892 4704 summa
1932 4641 2196 4703 veritate
2238 4660 2305 4704 se
2347 4642 2708 4715 avertendO,
2743 4640 2963 4722 ignara
3008 4641 3240 4704 effecta
3284 4647 3401 4716 est,
3436 4647 3499 4703 et

401 4746 862 4829 quaestionibus
902 4765 969 4809 se
1005 4746 1358 4809 immiscuit
1398 4747 1694 4810 infinitis.
1732 4748 1863 4810 Una
1899 4748 2136 4810 etenim
2167 4749 2433 4829 quaestio
2466 4755 2722 4828 generat
2760 4747 2975 4822 aliam,
3008 4756 3071 4810 et
3108 4749 3297 4810 aliam
3330 4748 3496 4830 parit

403 4853 898 4928 contentionem,
929 4861 994 4916 et
1033 4853 1258 4916 incidit
1295 4855 1488 4917 homo
1527 4853 2034 4917 inextricabilem
2074 4854 2557 4917 dubitationem.
2590 4855 2894 4920 Praeterea
2932 4854 3223 4917 voluntas
3259 4855 3496 4918 discor-

402 4961 609 5025 dando
637 4981 675 5024 a
703 4979 955 5024 summa
986 4960 1288 5036 bonitate,
1312 4961 1603 5036 infecta*,
1629 4962 1983 5025 immiscuit
2012 4981 2080 5024 se
2110 4961 2385 5023 infinitis
2416 4961 2873 5044 quaestionibus
2904 4981 3018 5044 per
3047 4963 3496 5045 concupiscen-
3544 4983 3791 5038 wemer-

403 5070 554 5132 tiam
594 5079 658 5132 et
699 5069 1135 5152 cupiditatem.
1179 5069 1440 5151 Propter
1478 5070 1670 5151 quod,
1704 5069 2038 5132 Salomone
2083 5076 2373 5143 testante,
2410 5087 2635 5132 avarus
2680 5087 2807 5132 non
2850 5069 3155 5152 impletur
3198 5070 3489 5154 pecunia,
3520 5045 3787 5162 Zam-

405 5177 942 5258 quemadmodum
975 5175 1139 5258 ignis
1169 5195 1500 5259 nunquam
1539 5175 1718 5250 dicit,
1753 5175 2028 5239 Sufficit.
2066 5175 2594 5258 Concupiscentia
2628 5175 2822 5237 etiam
2863 5195 3191 5259 nunquam
3229 5177 3495 5240 satiatur
3537 5197 3787 5250 pronam,

407 5283 676 5348 infinitis
715 5283 1176 5367 quaestionibus
1207 5284 1626 5366 voluptatum.
1664 5284 1768 5346 Sic
1797 5291 1862 5346 et
1890 5284 2093 5346 virtus
2132 5282 2413 5345 humana
2452 5301 2518 5344 se
2547 5301 2583 5344 a
2621 5300 2873 5344 summa
2909 5289 3215 5364 potestate
3246 5283 3495 5346 discon·
3525 5263 3591 5302 ¹⁶·

651 5419 718 5470 Τ.
753 5418 833 5468 21.
3216 5415 3257 5502 3·
