4334 6242
827 479 948 550 456

1476 501 1541 550 IN
1581 501 1803 548 Lunum
1845 503 1888 548 n
1929 501 2414 548 snmmmmm.
2459 517 2540 529 ·-·
2581 501 2735 548 msr.
2772 500 2923 563 vm3
2966 500 3191 556 QUAEST.
3234 499 3280 545 11

827 671 1043 748 alicui,
1069 691 1195 735 non
1225 682 1473 756 oportet
1503 692 1728 738 novam
1763 672 2183 736 substantiam
2216 680 2325 734 aut
2354 670 2406 734 A
2437 673 2696 754 proprio
2734 691 2967 753 ungue,
3001 671 3254 734 videtur
3283 690 3350 734 se
3380 670 3593 733 videre
3629 677 3691 731 et
3722 668 3933 731 furem

827 789 1066 834 novum
1098 790 1328 854 corpus
1356 772 1641 846 formari,
1666 773 1902 836 assumi
1933 780 2042 835 aut
2071 772 2325 834 realiter

824 869 1114 932 exhiberi
1155 870 1526 934 iorinsecus.
1561 872 1734 944 Quod
1778 872 1986 953 primo
2021 871 2326 952 probatur

825 975 889 1029 et
928 976 1099 1049 patet
1139 968 1203 1030 in
1249 969 1736 1042 dormientibuS,
1779 969 2014 1051 quibus
2060 977 2325 1050 apparet

827 1067 996 1148 quod
1055 1067 1364 1130 veraciter
1424 1067 1637 1150 aliqua
1697 1069 1974 1142 videant,
2037 1067 2319 1140 audiant,

827 1164 1109 1246 palpent,
1133 1165 1600 1228 deosculentur.
1637 1166 1926 1228 Secundo
1958 1165 2020 1228 id
2053 1172 2226 1247 patet
2257 1165 2323 1227 in

823 1261 1359 1336 febricitantibus,
1393 1264 1502 1346 qui
1543 1264 1955 1326 alienationes
1995 1264 2325 1346 patiuntur

826 1361 1018 1423 etiam
1067 1361 1404 1442 vigilantes
1449 1380 1462 1423 ε
1507 1363 1615 1444 qui
1671 1362 1870 1424 territi
1922 1361 2219 1436 clamant,
2262 1370 2325 1424 et

824 1457 1046 1539 fugere
1103 1459 1454 1534 enituntur,
1499 1460 1649 1542 quia
1697 1460 1948 1522 videtur
2003 1461 2096 1522 eis
2154 1461 2323 1542 quod

826 1566 1096 1620 cernunt
1140 1559 1411 1621 latrones
1453 1567 1517 1620 et
1558 1559 1716 1621 alios
1765 1559 1976 1621 hostes
2021 1579 2215 1642 super
2256 1577 2326 1622 se

826 1653 1162 1730 irruenteS,
1196 1664 1258 1718 et
1296 1675 1411 1738 per
1449 1665 1746 1737 angustas
1784 1656 2094 1720 fenestras
2134 1658 2325 1719 intro-

825 1762 1086 1833 euntes3
1121 1755 1455 1836 palamque
1485 1763 1602 1829 est,
1636 1756 1800 1817 solas
1839 1755 2321 1836 imaginationes

2436 779 2500 832 et
2542 789 2677 832 rem
2720 769 3045 846 furtivam,
3080 778 3142 832 et
3186 788 3420 833 nomen
3460 769 3624 832 furis
3666 768 3933 850 viasque

2436 867 2662 952 ipsiuS,
2695 877 2757 931 et
2788 869 2898 930 ubi
2938 869 3222 950 posuerit
3252 868 3513 930 furtum.
3550 867 3807 930 Certum
3836 874 3935 928 est

2435 975 2672 1041 autem,
2715 987 2814 1030 res
2861 967 3011 1030 istas
3052 986 3178 1030 non
3210 985 3349 1030 6556
3384 966 3451 1029 16
3490 985 3703 1047 ungue
3738 985 3753 1029 :
3788 965 3935 1028 ideo

2436 1067 2601 1128 intra
2630 1086 2697 1128 se
2728 1067 2932 1148 ipsum
2962 1067 3133 1129 videt
3162 1075 3224 1128 et
3253 1067 3427 1128 audit
3457 1066 3589 1128 haec
3618 1064 3934 1127 omniaEt

2434 1164 2603 1226 fiunt
2633 1165 2767 1228 haec
2798 1165 3094 1228 universa
3124 1184 3237 1246 per
3266 1165 3400 1228 sola
3430 1183 3641 1226 rerum
3672 1163 3935 1245 phanta-

2436 1270 2654 1325 smata.
2688 1263 2817 1326 Nec
2849 1262 3082 1346 aliquis
3122 1263 3387 1345 spiritus
3424 1261 3771 1344 assumpsit
3804 1279 3937 1324 cor-

2436 1381 2556 1443 pus
2586 1361 2614 1424 s
2618 1363 2769 1436 6615,
2804 1381 2921 1425 nec
2954 1381 3185 1445 corpus
3214 1362 3306 1424 rei
3338 1361 3612 1434 furtivae,
3646 1379 3763 1424 nec
3794 1378 3932 1423 cor-

2433 1478 2588 1541 pora
2644 1461 3019 1543 corporibus
3081 1461 3207 1522 illis
3266 1460 3504 1522 similia
3537 1478 3553 1538 ;
3613 1459 3723 1522 sed
3782 1460 3934 1522 solae

2432 1557 2917 1639 imaginationes
2970 1558 3381 1640 phantasticae
3433 1557 3511 1620 ad
3559 1557 3933 1638 hujusmodi

2432 1656 2855 1737 apparitiones
2885 1654 3226 1718 sufficiunt.
3246 1655 3427 1718 Fiunt
3450 1673 3597 1736 ergo
3620 1655 3939 1736 hujusmo-

2434 1753 2496 1814 di
2529 1754 2957 1834 apparitiones
2998 1773 3109 1816 seu
3150 1753 3566 1827 ostensioneS,
3592 1773 3705 1836 per
3733 1752 3933 1817 fortes

823 1869 898 1912 ac
928 1852 1368 1933 phantasmata
1406 1872 1547 1934 quae
1583 1853 1646 1915 in
1688 1852 2022 1915 animabus
2061 1853 2317 1916 illorum
2358 1854 2404 1918 B
2437 1851 2887 1934 impressiones
2916 1851 3285 1933 hujusmodi
3315 1853 3827 1935 phantasmatum
3858 1852 3941 1914 si-

825 1950 1202 2024 consistunt,
1253 1948 1554 2012 sufficere
1601 1951 1678 2013 ad
1727 1951 2155 2033 apparitiones
2210 1953 2322 2014 hu-

821 2047 1124 2129 jusmodi.
1159 2049 1366 2111 Tertio
1397 2056 1568 2130 patet
1596 2049 1714 2112 hoc
1747 2050 1812 2112 in
1844 2051 2322 2114 melancholicis

823 2146 1229 2229 quibusdam,
1281 2147 1517 2229 quibus
1575 2155 1836 2229 apparet
1885 2149 2051 2230 quod
2112 2148 2321 2211 hostes

825 2243 1262 2324 ingrediantur
1310 2264 1426 2327 per
1473 2263 1690 2308 muros
1739 2253 1802 2308 et
1849 2255 2058 2326 portas
2108 2247 2323 2308 civita-

822 2350 960 2404 tum
995 2343 1059 2405 in
1090 2343 1325 2425 quibus
1357 2351 1524 2417 sunt,
1559 2362 1676 2406 nec
1707 2352 1914 2426 potest
1943 2343 2035 2406 eis
2069 2363 2323 2426 persua-

822 2441 958 2502 deri
997 2441 1364 2523 oppositum
1401 2458 1414 2503 :
1451 2443 1592 2504 ideo
1631 2443 1833 2504 territi
1873 2450 1935 2504 et
1974 2443 2320 2506 clamantes

822 2537 1191 2620 diffugiunt.
1237 2538 1493 2600 Memini
1544 2558 1644 2601 me
1689 2539 1924 2602 vidisse
1972 2539 2182 2603 virum
2227 2561 2319 2604 re-

826 2636 1124 2717 ligiosum
1154 2655 1227 2698 ac
1258 2637 1497 2700 bonum
1531 2637 1639 2720 qui
1674 2639 1824 2700 dum
1861 2638 2018 2700 mihi
2051 2657 2323 2719 expone-

820 2743 918 2797 ret
954 2734 1393 2815 aegritudinem
1437 2754 1640 2808 suam,
1676 2736 1740 2798 in
1782 2736 1920 2817 ipsa
1962 2737 2320 2800 narrat-ione

819 2833 1156 2895 videbatur
1211 2833 1333 2896 sibi
1389 2834 1605 2896 videre
1663 2853 1876 2896 mures
1940 2855 2201 2916 magnos
2257 2845 2321 2899 et

821 2930 1034 3013 nigros
1084 2939 1396 2994 tentantes
1447 2941 1637 3014 caput
1679 2951 1867 2994 suum
1916 2935 2259 2996 ascendere
2302 2953 2315 2997 :

2434 1967 2511 2010 ve
2554 1949 2907 2030 imaginum
2960 1950 3025 2011 in
3069 1950 3131 2011 vi
3183 1949 3589 2030 imaginativa
3630 1949 3929 2012 videntiS.

2435 2047 2669 2109 Eodem
2717 2048 2904 2110 modo
2944 2067 3009 2110 56
3049 2047 3241 2110 habet
3284 2047 3361 2109 de
3406 2048 3549 2110 aliis
3594 2048 3934 2129 inspectio·

2434 2145 2624 2208 nibus
2666 2145 3000 2220 maleficis,
3035 2146 3254 2228 quales
3294 2153 3443 2208 sunt
3481 2166 3623 2228 quae
3658 2146 3825 2210 fiunt
3861 2147 3929 2210 in

2432 2261 2573 2317 ove,
2609 2245 2674 2306 in
2709 2244 2922 2318 ebore,
2956 2245 3021 2306 in
3060 2263 3233 2319 ense,
3268 2245 3333 2306 in
3374 2245 3569 2326 pelvi,
3603 2244 3666 2306 in
3708 2265 3933 2328 specu-

2435 2341 2495 2405 lo
2534 2361 2809 2425 quoque,
2843 2350 2905 2405 et
2943 2343 3137 2405 etiam
3182 2343 3247 2405 in
3290 2344 3554 2425 speculo
3590 2343 3928 2426 Apollinis,

2431 2440 2602 2523 quod
2632 2447 2728 2502 est
2759 2441 2824 2502 in
2855 2441 3223 2521 hujusmodi
3253 2441 3555 2523 operibus
3592 2443 3761 2523 apud
3804 2463 3935 2504 ma·

2434 2538 2653 2601 leficos
2683 2540 3055 2601 maximum.
3084 2539 3211 2602 Nec
3241 2539 3495 2602 dubites
3524 2557 3747 2603 omnes
3780 2539 3932 2604 istas

2432 2637 2709 2700 visiones
2759 2655 2897 2700 6556
2942 2638 3360 2700 daemoniacas
3410 2639 3715 2720 quasdam
3764 2659 3933 2702 arre-

2432 2735 2680 2818 ptiones
2716 2753 2730 2798 z
2765 2735 3003 2799 idcirco
3046 2735 3368 2799 horrorem
3408 2736 3652 2799 faciunt
3693 2737 3760 2799 in
3796 2739 3933 2800 vul-

2431 2833 2603 2895 tibus
2648 2833 2734 2896 ita
2773 2833 3151 2895 videntium.

2510 2931 2683 2992 Patet
2731 2948 2879 3010 ergo
2929 2930 3178 2993 duobus
3236 2931 3441 2994 modis
3489 2931 3635 2994 fieri
3680 2934 3933 3015 appari-

821 3037 1082 3111 propter
1118 3030 1284 3112 quod
1329 3030 1392 3091 in
1435 3031 1736 3093 continuo
1778 3039 1910 3094 erat
1953 3050 2206 3114 pavore.
2241 3069 2321 3079 —
2357 3036 2401 3100 C
2432 3029 2634 3091 tiones
2699 3028 3089 3108 hujusmodi,
3151 3029 3471 3104 videlicet,
3534 3031 3931 3111 aegritudinis

821 3127 950 3191 Nec
1001 3128 1235 3190 mirum
1298 3128 1350 3190 si
1401 3129 1478 3190 de
1527 3129 1716 3191 rebus
1770 3149 1912 3212 quae
1971 3138 2144 3193 extra
2204 3150 2319 3194 nos

823 3234 971 3288 sunt
1021 3227 1219 3309 aliqui
1268 3226 1638 3302 illudantur,
1680 3247 1882 3310 quum
1932 3229 2192 3311 quidam
2241 3230 2318 3291 de

823 3344 890 3387 56
925 3325 1078 3408 ipsis
1111 3344 1224 3407 per
1255 3325 1680 3409 phantasticas
1713 3327 2198 3407 imaginationes
2232 3328 2320 3388 in-

824 3423 1195 3486 credibilius
1237 3423 1792 3506 miserabiliusque
1823 3425 2141 3488 fallantur.
2177 3426 2320 3487 Fuit

822 3522 1059 3584 etenim
1091 3530 1379 3604 tempore
1411 3539 1553 3584 meo
1583 3523 1842 3605 quidam
1879 3523 1988 3604 qui
2021 3529 2147 3586 tam
2183 3543 2320 3606 per-

821 3620 1116 3682 tinaciter
1161 3620 1409 3702 putavit
1449 3639 1516 3682 se
1561 3639 1698 3682 esse
1735 3620 1996 3701 gallum,
2031 3622 2200 3704 quod
2240 3623 2317 3684 de

825 3727 1035 3781 cetero
1070 3719 1275 3781 noluit
1303 3719 1582 3782 humana
1619 3720 1709 3781 uti
1747 3719 2018 3801 loquela,
2053 3721 2159 3783 sed
2198 3721 2321 3802 gal·

826 3817 867 3878 li
916 3825 1170 3879 cantum
1219 3835 1292 3879 ac
1331 3835 1553 3880 vocem
1597 3816 1910 3898 effigiavit
1949 3836 2064 3899 pro
2108 3837 2311 3900 posse.

823 3914 966 3976 Fuit
1005 3922 1068 3976 et
1105 3915 1262 3976 alter
1301 3915 1411 3997 qui
1456 3914 2016 3978 indissuasibiliter
2051 3919 2319 3981 aestima-

823 4011 916 4073 vit
954 4020 1018 4073 et
1057 4011 1217 4074 dixit
1257 4031 1322 4074 56
1366 4019 1710 4086 mortuum,
1746 4013 1889 4076 ideo
1927 4033 2044 4076 nec
2085 4015 2316 4078 debere

823 4129 940 4172 nec
991 4126 1175 4192 posse
1223 4110 1502 4192 amplius
1553 4111 1717 4172 inter
1760 4111 2053 4174 homines
2097 4114 2315 4177 viven-

2428 3126 2832 3200 alienatione,
2865 3135 2927 3188 et
2960 3127 3219 3208 maligni
3250 3127 3514 3210 spiritus
3555 3127 3932 3209 imaginaria

2430 3225 2809 3306 depictione.
2861 3225 2928 3286 In
2980 3225 3215 3306 quibus
3273 3225 3599 3288 includere
3648 3244 3773 3289 non
3836 3228 3931 3288 in-

2430 3323 2620 3386 tendo
2664 3323 3030 3405 splendores
3079 3324 3507 3405 propheticos,
3540 3343 3747 3407 neque
3790 3344 3931 3389 566-

2430 3428 2675 3483 ctorum
2720 3421 3093 3503 angelorum
3138 3421 3593 3485 collocutiones
3631 3431 3694 3486 ct
3732 3425 3932 3486 socie-

2429 3526 2608 3580 tates,

2506 3618 2695 3680 Porro
2725 3619 2802 3680 de
2832 3617 3238 3692 exercitibuS,
3272 3619 3466 3681 armis
3496 3627 3559 3680 et
3588 3619 3773 3701 equis
3812 3621 3927 3703 qui

2431 3724 2738 3798 apparent
2784 3717 2863 3778 de
2914 3722 3119 3791 nocte,
3164 3725 3371 3798 potest
3417 3737 3637 3780 revera
3684 3719 3931 3781 eontin-

2428 3833 2577 3894 gere
2626 3821 2695 3875 ut
2743 3813 3056 3894 malignus
3108 3815 3371 3896 spiritus
3415 3815 3785 3895 hujusmodi
3838 3817 3929 3879 vi-

2430 3913 2637 3974 siones
2678 3921 2969 3993 suggerat
3009 3920 3072 3974 et
3106 3921 3418 3994 procuret.
3452 3913 3667 3976 Nihilo
3710 3915 3928 3978 minus

2427 4011 2632 4092 angeli
2683 4011 2882 4072 sancti
2944 4019 3209 4092 possunt
3255 4011 3469 4093 aliqua
3517 4031 3631 4094 per
3676 4014 3928 4095 appari-

2425 4109 2630 4171 tiones
2662 4109 3029 4189 hujusmodi
3068 4110 3365 4172 revelare.
3402 4111 3477 4172 Et
3507 4112 3801 4192 quamvis
3831 4113 3927 4175 di-

823 4216 918 4270 tes
953 4209 1349 4281 manducare,
1372 4227 1702 4291 quousque
1734 4211 1894 4273 alter
1921 4211 2218 4275 similite-r
2248 4232 2315 4274 se
2347 4217 2395 4278 D
2428 4226 2609 4269 versa
2650 4207 2732 4269 sit
2774 4227 2962 4270 causa
3009 4207 3413 4271 revelationis
3451 4209 3692 4290 angelis
3737 4209 3927 4274 bonis

825 4315 1148 4369 mortuum
1189 4307 1501 4380 similanS,
1529 4308 1620 4370 illi
1663 4310 1996 4390 suggessit,
2021 4311 2191 4392 quod
2222 4331 2316 4374 se-

824 4424 968 4467 cum
1003 4406 1189 4467 edere
1220 4413 1434 4487 posset
1463 4412 1525 4466 et
1556 4406 1834 4480 deberet,
1855 4428 2054 4489 quum
2084 4417 2147 4469 et
2180 4409 2313 4491 ipse

824 4511 1112 4565 mortuus
1143 4511 1323 4578 esset,
1349 4523 1496 4565 cum
1528 4504 1892 4567 viventibus
1922 4515 2134 4569 autem
2165 4528 2315 4571 neu·

823 4611 920 4664 ter
957 4620 1198 4664 eorum.
1234 4602 1378 4663 Fuit
1416 4610 1476 4664 et
1517 4603 1679 4664 alius
1723 4604 1834 4684 qui
1879 4604 2312 4669 indesinenter

823 4700 1118 4764 credebat
1167 4719 1234 4762 56
1279 4701 1495 4763 videre
1544 4720 1774 4783 aquam
1825 4722 2116 4784 magnam
2165 4714 2311 4767 6616

822 4820 932 4864 56;
969 4807 1228 4883 propter
1257 4798 1427 4881 quod
1466 4817 1592 4860 non
1633 4801 1904 4862 audebat
1941 4821 2138 4864 unum
2174 4823 2311 4884 pas-

821 4919 964 4963 sum
1006 4898 1368 4980 procedere,
1403 4896 1510 4958 tali
1550 4899 1922 4979 perterritus
1960 4901 2307 4981 phantasia.

899 4999 1206 5079 Denique,
1241 5003 1310 5058 ut
1340 4996 1416 5059 ad
1450 4996 1843 5077 propositum
1873 4999 2193 5072 accedam,
2226 5019 2317 5062 re-

819 5097 1078 5161 cordare
1133 5095 1603 5179 apparitionum
1661 5114 1735 5157 ac
1792 5095 2110 5158 visionum
2172 5117 2313 5180 quae

819 5216 936 5279 per
966 5194 1471 5258 necromanticus
1510 5193 1696 5256 fiunt.
1732 5195 2007 5268 Quarum
2053 5215 2179 5258 una
2218 5204 2314 5259 est

820 5295 988 5381 quod
1035 5313 1148 5380 per
1195 5294 1657 5380 inspectionem
1707 5294 1888 5379 pueri
1935 5294 2201 5378 virginis
2245 5296 2309 5358 in

2426 4325 2499 4368 ae
2533 4306 2736 4378 malis,
2772 4306 2938 4368 idem
2972 4314 3181 4368 tamen
3222 4307 3315 4368 eis
3354 4315 3451 4369 est
3483 4308 3708 4370 modus
3750 4327 3926 4372 reve-

2428 4405 2700 4478 16110615,
2735 4413 2889 4486 puta
2934 4405 3254 4486 pingendo
3298 4405 3360 4466 in
3402 4407 3465 4468 vi
3513 4407 3927 4488 imaginativa

2426 4504 2539 4566 has
2579 4503 2854 4565 visiones
2898 4521 3010 4564 seu
3056 4503 3321 4584 species
3364 4505 3429 4565 ln
3477 4504 3700 4567 Genesi
3746 4507 3921 4568 enim

2425 4601 2629 4664 fertur
2654 4601 2844 4662 Jacob
2875 4600 3113 4663 vidisse
3146 4602 3401 4682 angelos
3435 4611 3706 4676 sanctos,
3730 4613 3923 4687 atque
3976 4631 4077 4674 ορ..
4104 4647 4231 4677 um,

2424 4701 2659 4762 dixisse
2695 4719 2708 4763 ε
2744 4699 2957 4762 Castra
3000 4699 3108 4762 Dei
3156 4708 3303 4762 sunt
3347 4701 3499 4764 haec.
3544 4702 3718 4764 Unde
3760 4705 3925 4766 veri·
3957 4699 4065 4744 ¹¹²·

2424 4800 2631 4862 simile
2676 4807 2771 4861 est.
2810 4801 2977 4882 quod
3022 4800 3411 4881 apparebant
3450 4801 3651 4863 instar
3686 4811 3922 4865 castro-

2423 4919 2566 4962 rum
2616 4918 2728 4962 seu
2778 4899 3093 4960 exercitus
3143 4899 3433 4962 ordinati.
3478 4901 3546 4962 ln
3590 4901 3920 4983 Prophetis

2423 5017 2573 5061 vero
2613 4998 3116 5062 Christianorum
3161 5005 3452 5060 narratur
3492 5000 3780 5080 praelium
3824 5002 3919 5064 vi·
3946 5023 4225 5079 Apa-ans.

2424 5117 2564 5159 sum
2610 5097 2809 5160 fuisse
2850 5097 2913 5158 in
2958 5098 3119 5161 coelo
3163 5097 3326 5159 inter
3368 5099 3621 5179 angelos
3666 5109 3919 5164 sanctos

2423 5203 2485 5258 et
2531 5197 2787 5278 angelos
2838 5195 3037 5259 malos
3082 5214 3096 5258 ε
3140 5205 3362 5279 estque
3413 5197 3764 5279 probabile,
3809 5218 3917 5282 ap-

2424 5296 2710 5381 paruisse
2750 5295 2839 5357 ibi
2884 5295 3131 5378 species
3175 5295 3622 5379 praeliantium,
3657 5306 3718 5359 et
3755 5297 3915 5380 figu-
