4334 6242
1300 500 1387 547 AN
1429 500 1612 547 AEVUM
1650 500 1939 547 MENSURA
1982 501 2074 546 SIT
2114 500 2484 548 ANGRLORUM

3325 488 3438 553 141

328 672 553 735 ditatis
612 678 674 735 et
732 671 1145 755 perfectionis
1202 680 1443 735 naturae
1502 672 1837 735 aeviterno-
1869 670 1922 733 A
1950 671 2159 746 solvit,
2208 691 2326 735 nec
2372 674 2451 736 ad
2498 672 2776 755 aliquam
2829 674 3190 755 specialiter
3238 674 3444 736 diver-

329 790 500 845 rum‚
545 780 655 833 aut
696 790 839 853 quae
886 772 971 833 sit
1016 790 1315 834 mensura
1361 770 1713 834 durationis
1766 788 1839 831 ac

329 871 793 949 permanentia>
839 871 1230 932 eorumdem.
1280 870 1343 932 Si
1395 870 1699 952 primum,
1747 868 1838 930 di-

330 968 616 1028 cendum
647 968 816 1049 quod
856 967 989 1029 sola
1018 967 1237 1030 divina
1266 968 1543 1029 essentia
1578 974 1840 1048 accepta

328 1065 453 1126 sub
488 1065 735 1127 ratione
775 1065 932 1129 ideae
971 1065 1303 1127 imitabilis
1332 1084 1369 1127 a
1400 1074 1707 1138 creatura,
1742 1071 1838 1127 est

328 1182 447 1246 per
492 1182 567 1225 se
607 1182 682 1226 ac
723 1163 963 1225 directe
1012 1182 1312 1226 mensura
1358 1164 1731 1245 quidditatis
1773 1170 1837 1224 et

330 1261 749 1343 perfectionis
780 1269 1018 1325 naturae
1046 1263 1534 1341 aeviternorum3
1566 1279 1703 1324 esse
1733 1280 1837 1322 au-

329 1368 460 1423 tem
502 1361 793 1443 supremi
823 1362 1109 1425 aeviterni
1148 1369 1245 1425 est
1274 1380 1571 1424 mensura
1609 1378 1832 1423 eorum

332 1460 646 1522 indirecte
675 1467 739 1521 et
767 1460 1215 1541 comparative.
1252 1460 1395 1523 Sola
1424 1458 1661 1522 etenim
1691 1478 1834 1521 cau-

331 1576 401 1618 sa
440 1558 653 1639 prima
691 1557 883 1621 habet
914 1558 1223 1621 rationem
1265 1577 1579 1621 mensurae
1612 1576 1726 1639 per
1764 1576 1831 1619 se

332 1654 718 1737 simpliciter
772 1664 837 1718 et
892 1656 1166 1736 directe3
1218 1656 1497 1738 primum
1556 1672 1707 1719 vero
1766 1655 1832 1717 in

330 1770 591 1833 genere,
642 1754 950 1817 indirecte
1006 1762 1069 1817 et
1119 1754 1569 1837 comparative,
1620 1761 1689 1815 ut
1740 1754 1832 1816 di-

1950 769 2025 829 tit
2077 786 2091 831 :
2145 770 2276 831 imo
2324 790 2438 853 per
2487 770 2746 833 modum
2807 771 3264 853 inquisitioniS,
3316 789 3443 834 non

1948 868 2337 942 assertionis,
2371 888 2438 931 se
2479 869 2656 951 loqui
2695 869 2946 931 fatetur.
2983 870 3149 933 Dicit
3191 888 3444 952 quoque

1948 963 2014 1025 in
2046 964 2164 1026 hac
2195 966 2564 1047 quaestione,
2597 968 2766 1049 quod
2797 974 3051 1049 tempus
3081 968 3164 1029 sit
3193 967 3446 1030 realiter

1947 1061 2115 1123 idem
2149 1082 2296 1125 cum
2342 1064 2551 1145 primo
2593 1074 2766 1128 motu
2801 1082 2814 1126 :
2849 1066 3019 1147 quod
3057 1065 3352 1148 quamvis
3382 1073 3446 1127 et

1944 1158 2053 1220 alii
2084 1160 2346 1241 quidam
2385 1160 2748 1237 defendant,
2782 1164 3189 1226 communius
3229 1170 3442 1225 tamen

1946 1257 2470 1342 probabiliusque
2530 1267 2779 1323 tenetur
2834 1261 3222 1343 oppositum,
3285 1280 3441 1343 prae-

1945 1357 2165 1419 sertim
2206 1377 2404 1438 quum
2446 1358 2865 1441 Philosophus
2900 1368 3122 1441 quarto
3152 1360 3441 1442 Physico-

1946 1473 2089 1516 rum
2132 1474 2211 1517 ex
2257 1455 2606 1520 intentione
2652 1457 3004 1520 formaliter
3043 1466 3109 1519 et
3145 1476 3442 1538 expresse

1945 1552 2135 1627 dicat,
2169 1553 2395 1635 probet
2437 1562 2774 1637 teneatque
2819 1555 3228 1619 contrarium.

2010 1653 2277 1734 Insuper
2307 1652 2477 1715 circa
2511 1653 2646 1717 haec
2677 1654 2901 1716 scribit
2930 1654 3306 1728 Quodlibeto
3337 1674 3445 1716 un-

1943 1750 2215 1824 decimo,
2266 1752 2616 1833 quaestione
2667 1753 3023 1828 undecima,
3069 1753 3376 1817 Henricus
3425 1773 3439 1818 ε

332 1857 513 1912 ctum
556 1859 667 1913 est.
706 1852 853 1914 Sola
889 1860 1101 1915 autem
1142 1852 1359 1915 divina
1398 1852 1673 1915 essentia
1710 1851 1831 1913 sub
1866 1850 1915 1913 B
1943 1849 2215 1922 Quaestio
2255 1849 2395 1924 ista,
2429 1868 2508 1912 an
2549 1851 2632 1912 sit
2668 1871 2866 1914 unum
2906 1871 3114 1915 aivum
3152 1852 3442 1915 omnium

332 1950 582 2011 ratione
637 1949 795 2013 ideae
853 1958 950 2013 est
1004 1970 1195 2013 causa
1240 1951 1707 2015 aeviternorum.
1752 1985 1833 1995 —

331 2046 527 2110 Porro
571 2048 621 2109 si
663 2056 983 2129 quaeratur
1020 2049 1099 2111 de
1143 2067 1441 2111 mensura
1482 2048 1833 2111 durationis

332 2164 406 2207 ac
462 2147 942 2227 permanentiae,
990 2147 1083 2209 sic
1130 2148 1396 2228 quaestio
1456 2147 1576 2210 ista
1633 2147 1833 2227 magis

330 2251 429 2305 est
473 2245 693 2319 dubia,
724 2264 805 2307 an
848 2246 1095 2308 scilicet
1135 2244 1219 2307 sit
1262 2265 1388 2308 una
1431 2246 1679 2308 duratio
1719 2243 1832 2307 ali-

332 2343 523 2422 cujus
554 2343 841 2406 aeviterni
880 2363 994 2426 per
1023 2364 1215 2427 quam
1257 2352 1704 2407 mensurentur
1732 2362 1834 2405 ce-

331 2447 621 2503 terorum
669 2442 1031 2506 durationes
1079 2444 1528 2506 aeviternorum
1576 2462 1591 2506 :
1642 2451 1705 2505 et
1753 2442 1831 2504 de

330 2538 456 2601 hoc
498 2548 599 2601 est
640 2540 877 2623 duplex
921 2542 1268 2623 responsio.
1304 2542 1458 2616 Una,
1501 2541 1669 2623 quod
1711 2541 1825 2614 sic,

332 2635 423 2697 ita
479 2638 651 2719 quod
706 2637 955 2701 duratio
1013 2638 1205 2720 primi
1260 2647 1325 2701 et
1380 2637 1830 2721 perfectissimi

331 2736 625 2797 aeviterni
674 2744 771 2799 est
814 2756 1111 2799 mensura
1157 2737 1507 2800 durationis
1558 2736 1828 2819 reliquo-

332 2853 481 2895 rum
516 2852 531 2896 :
567 2834 871 2915 quoniam
912 2834 1078 2896 sicut
1115 2854 1183 2897 se
1221 2834 1410 2897 habet
1440 2834 1714 2897 essentia
1750 2834 1829 2896 ad

333 2932 680 2994 essentiam
721 2940 782 2993 et
822 2952 961 2995 esse
1000 2935 1080 2996 ad
1122 2953 1283 3007 esse,
1325 2934 1413 2995 ita
1460 2932 1707 2995 duratio
1754 2932 1833 2994 afl

1942 1947 2414 2021 aeviternorum,
2461 1954 2668 2030 potest
2717 1949 2930 2031 plures
2979 1950 3212 2013 habere
3261 1950 3442 2013 sinus

1941 2064 2014 2106 ac
2058 2045 2272 2127 plures
2319 2046 2698 2108 intellectus,
2733 2047 3039 2122 Primum,
3073 2068 3154 2110 an
3203 2049 3440 2130 singuli

1942 2143 2148 2223 angeli
2210 2143 2448 2206 habent
2494 2164 2700 2207 aevum
2763 2146 3091 2227 proprium
3154 2147 3301 2221 sibi,
3353 2147 3441 2210 ita

1943 2241 2110 2321 quod
2142 2260 2352 2304 aevum
2393 2242 2589 2323 primi
2631 2243 2840 2324 angeli
2870 2251 2967 2306 est
2995 2264 3295 2307 mensura
3330 2245 3440 2307 ali-

1942 2356 2125 2401 orum
2154 2348 2532 2414 aevorum,et
2557 2360 2671 2423 per
2700 2341 2821 2403 hoc
2847 2360 3145 2405 mensura
3173 2343 3437 2406 aliorum

1940 2437 2330 2517 angelorum.
2387 2438 2625 2512 Alium,
2684 2458 2766 2500 an
2827 2440 2910 2502 sit
2969 2460 3170 2503 unum
3230 2460 3436 2505 aevum

1943 2535 2133 2597 unius
2170 2536 2368 2618 primi
2406 2536 2612 2618 angeli
2643 2537 2812 2619 quod
2844 2538 2928 2599 sit
2957 2539 3249 2602 omnium
3285 2539 3437 2603 alio-

1942 2652 2085 2696 rum
2126 2635 2496 2715 angelorum
2539 2654 2858 2711 mensura,
2893 2636 2985 2699 sic
3015 2638 3186 2719 quod
3221 2639 3438 2701 nullus

1941 2729 2199 2793 illorum
2242 2732 2471 2795 habeat
2509 2734 2838 2815 proprium
2878 2754 3108 2810 aevum,
3141 2737 3440 2818 quemad-

1944 2831 2205 2892 modum
2255 2850 2456 2892 unum
2505 2838 2758 2913 tempus
2816 2852 3116 2896 mensura
3161 2842 3258 2896 est
3302 2853 3436 2898 om-

1941 2928 2121 2990 nium
2189 2937 2499 2992 motuum.
2563 2930 2639 2991 Et
2696 2930 2862 3005 dico,
2923 2934 3093 3013 quod
3149 2933 3432 3014 plurium

331 3029 759 3093 durationem.
793 3031 1339 3104 Quemadmodum
1378 3049 1528 3111 ergo
1563 3031 1837 3093 essentia
1868 3031 1912 3096 G
1942 3045 2270 3108 nunquam
2302 3036 2398 3089 est
2429 3047 2556 3091 una
2595 3047 2894 3092 mensura
2933 3032 3287 3094 secundum
3325 3052 3441 3095 nu-

336 3128 531 3209 primi
580 3128 868 3192 aeviterni
928 3148 1225 3192 mensura
1272 3137 1369 3191 est
1415 3130 1834 3192 essentiarum

330 3226 609 3288 aliorum
659 3228 1129 3301 aeviternorum,
1172 3227 1265 3289 sic
1308 3246 1445 3290 esse
1493 3235 1681 3310 atque
1724 3229 1835 3290 du-

334 3324 497 3386 ratio
542 3325 708 3404 ejuS,
762 3344 1074 3388 mensurae
1123 3333 1273 3387 sunt
1320 3325 1522 3407 ipsius
1574 3344 1713 3389 esse
1758 3346 1833 3389 ac

333 3422 689 3484 durationis
726 3422 1001 3485 illorum.
1036 3422 1325 3485 Secunda
1358 3424 1685 3505 responsio
1713 3432 1829 3497 est,

334 3521 509 3601 quod
548 3530 777 3603 praeter
814 3521 1287 3603 beneplacitum
1327 3523 1439 3585 Dei
1478 3542 1552 3585 ac
1590 3523 1835 3586 ordina-

338 3618 577 3681 tionem
620 3618 905 3681 divinam
946 3620 1114 3683 circa
1150 3621 1550 3684 durationem
1590 3621 1835 3683 aeviter-

334 3732 590 3790 norum,
625 3735 755 3779 non
784 3725 881 3779 est
917 3718 1080 3779 inter
1112 3719 1413 3782 aeviterna
1445 3720 1694 3781 duratio
1722 3718 1833 3781 ali-

334 3815 523 3894 cujus
555 3834 698 3897 quae
726 3816 811 3878 sit
841 3834 1139 3878 mensura
1166 3817 1515 3880 durationis
1544 3818 1829 3880 aliorum.

334 3912 485 3984 Quae
532 3913 709 3975 enim
755 3921 905 3976 sunt
952 3915 1211 3995 aequalis
1260 3914 1713 3977 uniformitatis
1760 3934 1833 3978 ac

334 4010 899 4084 certitudiniS‚non
930 4019 1075 4073 sunt
1102 4018 1250 4093 apta
1276 4013 1356 4074 ad
1385 4012 1506 4074 hoc
1538 4019 1607 4073 ut
1633 4032 1831 4073 unum

336 4116 746 4170 mensuretur
787 4127 902 4189 per
938 4108 1133 4181 aliud,
1168 4128 1369 4190 quum
1414 4128 1713 4172 mensura
1751 4111 1834 4172 sit

1944 3144 2195 3188 merum
2254 3126 2538 3208 plurium
2592 3146 2734 3209 quae
2790 3136 2886 3191 est
2936 3130 3192 3211 propria
3247 3131 3439 3193 unius

1946 3223 2226 3299 illorum,
2270 3224 2362 3287 sic
2410 3226 2580 3306 quod
2631 3226 2884 3289 nullum
2931 3226 3199 3290 aliorum
3249 3228 3440 3291 habet

1947 3322 2268 3404 propriam
2331 3342 2720 3398 mensuram,
2771 3324 2896 3386 nisi
2949 3324 3058 3387 illa
3107 3326 3443 3389 connexio-

1945 3440 2091 3482 nem
2125 3428 2190 3481 et
2223 3421 2814 3484 connaturalitatem
2854 3422 3128 3486 habeant
3167 3423 3333 3487 inter
3369 3444 3440 3487 se

1942 3519 2296 3580 secundum
2345 3519 2653 3582 rationem
2694 3537 2901 3583 causae
2944 3528 3132 3602 atque
3175 3522 3434 3585 causati.

1943 3616 2021 3678 Et
2056 3616 2148 3678 sic
2187 3634 2324 3679 esse
2363 3617 2653 3680 omnium
2694 3618 2966 3681 aliorum
3006 3620 3321 3701 dependet
3357 3621 3438 3684 ab

1941 3734 2081 3777 esse
2125 3714 2354 3796 prime,
2388 3716 2556 3778 sicut
2596 3733 2818 3779 omnes
2866 3724 3078 3780 motus
3120 3720 3439 3782 naturales

1942 3820 2286 3875 causantur
2331 3833 2368 3875 a
2415 3822 2593 3877 motu
2642 3815 2852 3896 primo
2899 3832 2912 3877 :
2963 3824 3222 3899 propter
3269 3818 3439 3900 quod

1940 3920 2221 3993 tempuS‚
2272 3914 2439 3994 quod
2487 3920 2585 3975 est
2630 3932 2927 3979 mensura
2984 3924 3193 3978 motus
3239 3916 3434 3992 illius,

1942 4028 2244 4073 mensura
2300 4018 2398 4073 est
2443 4012 2731 4075 omnium
2792 4020 3082 4076 motuum
3141 4014 3432 4076 aliorum.

1940 4108 2275 4190 Quumque
2299 4127 2464 4170 unus
2492 4108 2752 4190 angelus
2783 4110 3022 4172 nullam
3052 4110 3280 4174 habeat
3305 4131 3440 4174 cau·

336 4205 741 4279 uniformior,
795 4206 1001 4288 potior
1046 4225 1119 4268 ac
1168 4208 1399 4269 certior
1446 4217 1827 4271 mensurato.
1860 4208 1911 4270 D
1940 4207 2256 4269 salitatem
2301 4207 2364 4268 in
2410 4225 2546 4269 esse
2591 4226 2785 4290 super
2827 4208 3048 4283 alium,
3080 4208 3224 4272 dico
3267 4212 3438 4291 quod

336 4304 461 4367 Sed
507 4305 813 4369 aeviterna
867 4312 1015 4366 sunt
1061 4306 1321 4386 aequalis
1382 4306 1834 4369 uniformitatis

334 4422 415 4466 ac
444 4404 845 4469 certitudinis
884 4405 951 4466 in
990 4404 1275 4467 durando
1308 4424 1321 4468 :
1355 4424 1503 4467 nam
1539 4406 1832 4486 quamvis

334 4520 477 4565 esse
514 4504 707 4565 unius
736 4501 1025 4565 aeviterni
1062 4500 1146 4563 sit
1175 4521 1252 4564 ex
1283 4521 1399 4563 sua
1434 4510 1658 4564 natura
1697 4522 1834 4585 per-

336 4600 567 4663 fectius
608 4619 684 4662 ac
724 4600 937 4663 notius
977 4617 1115 4661 esse
1156 4600 1438 4676 alteriuS,
1472 4609 1683 4663 tamen
1724 4602 1835 4663 du-

336 4698 499 4761 ratio
554 4697 903 4779 cujuslibet
959 4697 1244 4762 aeviterni
1304 4708 1400 4761 est
1456 4718 1635 4782 aeque
1693 4701 1835 4762 uni-

334 4797 583 4873 formis,
617 4796 922 4880 quoniam
963 4798 1139 4859 nulla
1168 4798 1437 4861 varietas
1467 4807 1566 4861 est
1595 4800 1661 4861 in
1696 4819 1834 4861 esse

334 4897 529 4959 unius
567 4897 781 4980 potius
816 4916 1011 4979 quam
1055 4897 1119 4957 in
1150 4915 1289 4959 esse
1329 4898 1587 4959 alterius
1618 4917 1835 4979 quam-

336 4995 453 5056 diu
498 4996 747 5058 durant.
790 4996 1024 5057 Verum
1076 4995 1173 5057 hae
1223 5003 1287 5057 et
1330 4996 1693 5058 consimiles
1744 5016 1835 5058 ra-

338 5092 565 5169 tioneS‚
606 5092 905 5176 quamvis
953 5094 1082 5155 sint
1128 5093 1515 5175 probabileS,
1555 5102 1833 5156 attamen

337 5190 503 5253 solvi
542 5199 831 5274 possunt.
864 5227 945 5237 —
973 5191 1116 5254 Haec
1158 5192 1509 5254 DuranduS.

358 5356 364 5361 ,
428 5289 537 5366 Qui
569 5291 905 5373 utriusque
934 5290 1255 5374 opinionis
1286 5290 1522 5355 motiva
1550 5289 1731 5373 ponit
1758 5308 1832 5352 ac

1944 4324 2069 4369 non
2128 4315 2224 4369 est
2281 4306 2538 4389 aliquod
2600 4326 2806 4370 aevum
2867 4308 3126 4390 propria
3185 4327 3436 4372 mensu-

1942 4424 2011 4466 ra
2068 4404 2260 4466 unius
2317 4405 2524 4485 angeli
2581 4413 2644 4467 et
2694 4406 2966 4468 aliorum
3026 4426 3141 4489 per
3200 4407 3434 4489 ipsum,

1942 4504 2035 4565 sic
2078 4504 2247 4585 quod
2287 4503 2502 4565 nullus
2543 4502 2800 4566 illorum
2840 4506 3168 4586 proprium
3210 4506 3440 4570 habeat

1942 4621 2148 4664 aevum
2197 4619 2210 4662 τ
2255 4602 2384 4663 imo
2433 4601 2596 4676 dico,
2639 4603 2807 4683 quod
2856 4603 3128 4684 quilibet
3175 4606 3438 4685 angelus

1941 4699 2133 4762 habet
2195 4718 2382 4761 suum
2450 4700 2781 4782 proprium
2849 4720 3076 4764 aevum.
3139 4703 3435 4767 Attamen

1944 4818 2151 4861 aevum
2206 4816 2407 4859 unum
2457 4805 2554 4859 est
2603 4816 2900 4861 mensura
2955 4798 3224 4861 aliorum
3277 4818 3438 4864 aevo-

1943 4915 2084 4958 rum
2145 4897 2352 4977 quoad
2411 4896 2784 4976 dignitatem
2843 4905 3084 4960 naturae
3137 4917 3151 4961 τ
3213 4898 3434 4980 sicque

1942 4994 2267 5076 aequivoce
2310 4994 2546 5056 dicitur
2585 5014 2792 5058 aevum
2837 4995 2989 5057 hinc
3032 4995 3197 5059 inde.
3241 4996 3319 5058 Et
3356 4998 3434 5060 de

1943 5111 2243 5155 mensura
2291 5099 2598 5174 quantum
2647 5093 2724 5155 ad
2775 5092 3146 5174 dignitatem
3195 5102 3434 5158 naturae

1942 5192 2226 5274 loquitur
2249 5190 2688 5272 PhilosophuS,
2712 5192 2930 5254 dicens
2960 5195 3130 5274 quod
3159 5192 3224 5254 in
3255 5194 3432 5256 omni

1940 5308 2172 5370 genere
2229 5296 2325 5351 est
2381 5308 2581 5351 unum
2643 5288 2926 5372 primum
2985 5308 3283 5353 mensura
3341 5311 3434 5355 se-
