4334 6242
550 1045 660 1101 Sap.
677 1058 733 1097 ix,
749 1047 812 1087 ¹6.

577 1654 620 1695 p.
646 1642 722 1683 ¹26
736 1640 798 1684 D'.

842 445 960 511 144

1526 464 1589 511 {N
1628 464 1851 511 mamm
1892 464 1936 510 11
1976 462 2462 510 smnn‘rmnu.
2505 480 2586 491 —
2625 463 2778 510 msr.
2827 464 2910 525 113
2955 464 3178 520 QUAEST.
3225 465 3270 510 11

842 634 991 697 sitio
1038 633 1149 696 illa
1192 635 1469 710 Thomae,
1501 634 1765 708 Alberti,
1799 633 1985 707 Petri,
2018 632 2336 706 Richardi,
2368 632 2421 694 A
2449 632 2544 694 sic
2575 632 2788 695 radius
2815 650 2854 694 a
2883 632 3016 696 sole
3050 650 3065 695 ε
3096 634 3249 715 quia
3277 650 3406 697 non
3437 633 3676 716 jugiter
3705 632 3954 715 aliquid

843 731 1137 807 Udalrici‚
1171 740 1233 795 ει
1264 732 1651 796 imitantium
1690 749 1817 794 εοε.
1853 730 1943 792 Ex
1973 729 2340 793 diversitate

842 848 1097 913 quoque
1152 838 1216 893 ει
1274 831 1712 894 imbecillitate
1769 829 2133 911 opiniorum
2195 828 2341 890 ista-

843 948 986 992 rum
1045 931 1315 1012 patescit
1371 949 1563 1013 quam
1613 948 1760 991 vere
1820 929 1902 990 sit
1954 928 2266 1009 scriptum
2320 943 2334 988 :

844 1027 1123 1090 Difficile
1167 1028 1529 1091 invenimus
1570 1047 1712 1111 quae
1755 1028 1823 1089 in
1863 1035 2031 1089 terra
2074 1032 2244 1099 sunt,
2275 1030 2340 1086 ει

845 1145 985 1208 quae
1032 1127 1099 1187 in
1156 1134 1497 1208 prospectu
1555 1133 1705 1188 sunt
1764 1124 2127 1187 invenimus
2189 1141 2337 1185 cum

842 1224 1057 1287 labore
1109 1242 1123 1287 :
1175 1244 1316 1307 quae
1368 1231 1581 1286 autem
1641 1224 1707 1285 in
1758 1222 1937 1285 coelis
1994 1229 2145 1284 sunt
2192 1221 2338 1302 quis

842 1322 1250 1403 investigabit
1280 1326 1304 1384 2

922 1520 1135 1583 Restat
1178 1520 1311 1600 jam
1361 1519 1619 1581 tertium
1670 1520 1736 1581 in
1786 1517 2136 1600 quaestione
2184 1533 2339 1597 prae·

842 1618 1058 1679 habita
1113 1625 1375 1691 tactum,
1427 1617 1745 1691 videlicet,
1795 1617 1891 1678 An
1950 1615 2016 1677 in
2064 1631 2199 1678 aevo
2256 1613 2340 1675 sit

840 1733 993 1777 vcra
1032 1722 1095 1777 et
1135 1714 1323 1777 realis
1366 1714 1704 1778 successio.

2449 747 2687 793 novum
2736 731 3085 810 emittitur3
3125 732 3236 794 sed
3284 732 3454 814 quod
3500 731 3811 794 emissum
3853 739 3957 794 est

2450 828 2860 891 continuatur
2887 848 3000 891 seu
3031 830 3567 904 conservatur,ita
3593 830 3766 912 quod
3797 830 3953 893 solis

2449 926 2789 989 influentia
2827 945 2954 991 non
2994 936 3093 991 est
3119 928 3293 991 aliud
3331 948 3524 1011 quam
3555 928 3956 991 continuatio

2449 1024 2596 1087 dati.
2633 1025 2942 1088 Similiter
2980 1027 3048 1088 in
3089 1035 3266 1091 motu
3305 1028 3466 1090 etin
3505 1044 3646 1089 esse
3685 1028 3782 1090 rei
3821 1044 3954 1090 mo-

2449 1124 2598 1186 bilis
2628 1125 2842 1207 aliqua
2871 1127 3224 1208 proprietas
3255 1126 3472 1189 habita
3497 1127 3832 1201 amittitur,
3845 1126 3952 1190 vel

2449 1239 2577 1284 non
2606 1222 2823 1284 habita
2850 1223 3204 1305 acquiritur
3221 1241 3239 1304 ;
3271 1225 3382 1286 sed
3415 1224 3480 1287 in
3509 1244 3648 1287 esse
3679 1226 3773 1288 rei
3803 1226 3953 1289 aevi-

2447 1326 2664 1394 ternae,
2699 1322 2870 1403 quod
2911 1322 3122 1404 primo
3169 1322 3388 1385 datum
3431 1331 3549 1398 est,
3592 1342 3708 1405 per
3750 1325 3952 1387 conti·

2449 1438 2644 1481 nuam
2695 1419 2804 1481 Dei
2857 1418 3264 1483 influentiam
3309 1422 3736 1484 continuatur.
3771 1422 3950 1496 Quae-

2451 1515 2605 1578 libet
2647 1517 2820 1578 enim
2865 1526 3152 1581 creatura
3194 1518 3660 1582 incessabiliter
3706 1518 3952 1602 indiget

2447 1613 2665 1675 divina
2692 1613 2926 1677 virtute
2957 1623 3334 1697 cooperante
3369 1634 3384 1677 t
3419 1616 3562 1679 idco
3590 1617 3712 1679 etsi
3739 1625 3949 1680 totum

2448 1730 2588 1773 esse
2629 1730 2818 1773 suum
2863 1712 3112 1787 habeat,
3145 1721 3358 1777 tamen
3403 1716 3948 1779 continuationem

921 1814 1110 1876 Porro
1138 1813 1576 1876 Bonaventura
1606 1812 1982 1894 respondet:
2007 1810 2188 1873 Circa
2216 1808 2337 1871 hoc
2372 1812 2419 1873 B
2449 1827 2586 1871 esse
2635 1828 2763 1873 non
2811 1810 3002 1873 habet
3051 1819 3244 1875 totam
3293 1813 3506 1876 simul.
3560 1813 3804 1877 Idcirco
3851 1822 3950 1877 est

839 1911 963 1973 fuit
1008 1910 1243 1993 duplex
1294 1911 1529 1993 opinio.
1574 1911 1727 1985 Una,
1773 1910 1941 1992 quod
1989 1927 2199 1972 aevum
2241 1914 2338 1969 est

836 2016 1041 2072 totum
1091 2009 1363 2091 simplex
1411 2028 1485 2071 ac
1535 2009 1750 2082 simul,
1794 2006 2335 2089 quemadmodum

838 2108 904 2169 id
933 2108 1103 2190 quod
1144 2115 1489 2182 mensurat,
1522 2107 1768 2169 scilicet
1796 2124 1935 2168 esse
1965 2104 2337 2168 substantiae

837 2205 1175 2279 aeviternae‚
1226 2213 1291 2267 et
1337 2206 1507 2288 quod
1565 2205 1705 2285 ejus
1754 2204 2004 2267 duratio
2062 2210 2160 2265 est
2207 2209 2339 2265 tota

836 2303 1053 2378 simul,
1077 2322 1204 2366 non
1234 2303 1475 2367 habens
1506 2304 1977 2366 successionem
2010 2301 2245 2384 prioris
2274 2309 2338 2363 ει

838 2401 1225 2484 posterioris
1252 2402 1426 2465 Unde
1458 2402 1775 2476 dixerunt,
1800 2420 2007 2465 aevum
2040 2418 2165 2463 non
2199 2417 2339 2481 pro·

836 2500 985 2582 pric·
1004 2519 1143 2564 esse
1172 2500 1615 2582 quantitatem,
1649 2499 1760 2561 sed
1790 2499 1857 2561 in
1885 2516 2117 2579 genere
2148 2518 2340 2581 quan-

836 2599 1037 2662 titatis
1084 2598 1293 2662 solum
1336 2616 1475 2661 esse
1517 2616 1633 2680 per
1680 2597 2118 2660 reductionem
2163 2613 2178 2658 ε
2223 2596 2340 2658 sic-

838 2716 964 2780 que
1003 2697 1276 2779 simplex
1313 2697 1577 2759 estsine
1613 2696 2019 2773 extensione3
2061 2702 2338 2757 attamen

839 2802 1150 2878 quantum
1206 2802 1302 2857 est
1359 2794 1615 2868 virtute,
1666 2801 1731 2855 et
1788 2794 1945 2855 adeo
2002 2800 2336 2876 quantum,

838 2893 1009 2976 quod
1052 2911 1166 2955 sua
1204 2892 1437 2979 virtute
1481 2892 1729 2954 excedit
1770 2909 1960 2954 omne
2003 2909 2141 2953 esse
2186 2898 2343 2953 tem-

2449 1906 2538 1967 ibi
2587 1908 2908 1971 successio
2955 1909 3094 1972 sine
3143 1909 3549 1973 innovatione
3593 1911 3764 1973 circa
3810 1930 3949 1974 rem

2447 2022 2560 2067 seu
2607 2005 2964 2067 absolutam
3007 2007 3146 2087 ejus
3188 2008 3640 2089 proprietatem
3681 2026 3696 2070 ε
3731 2016 3948 2071 tamen

2447 2102 2539 2164 ibi
2597 2111 2693 2165 est
2738 2122 2889 2166 vera
2943 2106 3355 2180 continuatio,
3408 2116 3701 2189 respectu
3759 2107 3948 2187 cujus

2449 2208 2737 2263 creatura
2784 2201 2976 2264 habet
3016 2222 3156 2266 esse
3203 2204 3671 2286 quodammodo
3719 2206 3787 2268 in
3835 2223 3948 2288 po-

2449 2300 2668 2373 tentia,
2729 2308 2794 2362 et
2850 2320 2967 2382 per
3020 2302 3142 2365 hoc
3198 2302 3390 2365 habet
3448 2304 3946 2367 successionem.

2449 2398 2634 2461 Solus
2673 2398 2870 2480 igitur
2898 2400 3084 2474 DeuS,
3120 2400 3232 2483 qui
3264 2409 3361 2463 est
3389 2421 3589 2483 purus
3628 2402 3954 2465 infinitus-

2451 2514 2576 2577 que
2607 2494 2815 2571 actus,
2840 2505 3045 2561 totum
3087 2518 3278 2561 suum
3314 2517 3454 2562 esse
3488 2508 3550 2562 et
3579 2508 3779 2575 totam
3809 2500 3954 2581 ejus

2453 2595 2923 2675 possessionem
2966 2596 3158 2660 habet
3198 2597 3415 2660 simul.

2535 2692 2821 2775 Denique
2861 2693 3168 2777 probatur
3207 2694 3329 2757 ista
3364 2696 3614 2777 positio.
3648 2696 3754 2759 Ait
3784 2715 3962 2759 nam-

2453 2810 2578 2872 que
2614 2791 3036 2874 Hieronymus
3071 2812 3086 2856 :
3120 2794 3390 2856 Tantum
3431 2794 3597 2857 Deus
3635 2803 3733 2857 εει
3769 2795 3962 2875 cujus

2453 2906 2592 2951 esse
2621 2907 2751 2952 non
2792 2892 2970 2953 novit
3000 2890 3198 2954 fuisse
3233 2910 3440 2974 neque
3471 2893 3760 2956 futurum
3791 2912 3956 2956 esse.

839 2991 1077 3074 peram,
1128 2991 1207 3052 ad
1266 2988 1757 3052 similitudinem
1817 2989 2188 3052 aeternitatis
2250 2990 2342 3051 in·
2379 2986 2612 3049 onem
2651 2987 2991 3051 Anselmus
3043 2988 3107 3051 in
3152 2990 3516 3072 Proslogion
3560 2970 3588 3053 ἔ
3617 2991 3728 3054 nei
3781 3000 3964 3055 aeter-

840 3096 1083 3170 creatae.
1120 3088 1663 3163 Quemadmodum
1704 3088 1879 3150 enim
1929 3088 2142 3150 anima
2189 3088 2340 3149 sim-

842 3189 989 3271 plex
1045 3195 1142 3250 εει
1198 3188 1406 3270 quoad
1465 3187 1883 3270 quantitatem
1946 3186 2153 3259 molis,
2215 3206 2342 3268 qua

842 3295 1035 3361 caret,
1068 3295 1131 3349 et
1168 3293 1383 3347 tamen
1423 3293 1683 3367 propter
1721 3305 1902 3347 suam
1943 3284 2246 3347 virtutem
2279 3292 2343 3347 ει

844 3384 1321 3466 simplicitatem
1362 3390 1457 3445 est
1495 3383 1561 3444 in
1602 3382 1886 3465 qualibet
1916 3383 2016 3444 sui
2058 3382 2342 3465 corporis

843 3490 1059 3564 partc3
1100 3482 1193 3543 sic
1237 3482 1303 3543 in
1348 3481 1675 3563 proposito
1715 3488 1811 3543 est
1854 3480 2343 3561 intelligendum

842 3581 921 3642 de
962 3597 1120 3654 aevo‚
1161 3580 1331 3662 quod
1378 3579 1624 3642 scilicet
1666 3585 1870 3641 totum
1912 3579 2105 3641 simul
2149 3578 2234 3640 sit
2274 3578 2343 3640 in

842 3678 1129 3761 qualibet
1168 3677 1475 3760 temporis
1517 3684 1715 3759 parte.

925 3776 1066 3839 Alia
1121 3776 1340 3858 opinio
1399 3775 1789 3858 probabilior
1852 3775 2342 3857 intelligibilior-

841 3894 965 3957 que
1010 3874 1321 3949 consistit,
1355 3874 1653 3936 videlicet
1696 3874 1866 3956 quod
1917 3874 1983 3934 in
2028 3891 2162 3936 aevo
2213 3873 2342 3936 sint

842 3973 1021 4055 prius
1050 3980 1240 4055 atque
1271 3972 1609 4054 posteriuS,
1632 3972 1695 4034 id
1726 3979 1821 4033 est
1850 3972 2194 4046 successio,
2216 3971 2341 4033 alia

840 4080 1052 4134 tamen
1082 4090 1275 4153 quam
1308 4071 1373 4133 in
1408 4078 1710 4152 tempore.
1744 4071 1813 4132 In
1848 4078 2131 4152 tempore
2162 4089 2340 4132 nam·

2455 3086 2620 3148 nitas
2669 3093 2764 3148 εει
2802 3106 2944 3169 quae
2987 3095 3117 3151 tota
3165 3088 3358 3151 simul
3394 3097 3512 3165 est,
3544 3096 3608 3151 et
3650 3097 3961 3154 creaturae

2455 3184 2872 3247 aeternitatem
2903 3188 3172 3262 excedit,
3201 3207 3344 3269 quae
3374 3206 3504 3251 non
3533 3188 3796 3251 omnino
3825 3196 3960 3251 tota

2454 3290 2554 3343 εει
2583 3282 2794 3345 simul.
2829 3318 2910 3329 ——
2940 3285 3264 3359 Praeterea,
3298 3286 3465 3349 sicut
3495 3286 3706 3349 unitas
3743 3286 3958 3368 angeli

2455 3380 2678 3443 deficit
2719 3381 2800 3444 ab
2841 3383 3082 3445 unitate
3126 3383 3260 3458 Dei,
3295 3384 3382 3446 ita
3423 3383 3803 3467 simplicitas
3845 3404 3958 3447 an-

2453 3479 2656 3559 gelica
2696 3497 2735 3541 a
2772 3480 3187 3561 simplicitate
3235 3482 3470 3544 divina.
3506 3482 3668 3563 Ergo
3709 3483 3778 3545 in
3819 3501 3961 3546 aevo

2454 3577 2663 3657 angeli
2715 3585 2812 3640 εει
2861 3579 3237 3660 compositio
3285 3580 3520 3662 aliqua,
3564 3599 3692 3662 qua
3736 3580 3961 3643 differt

2453 3692 2528 3736 ac
2563 3675 2784 3737 deficit
2813 3696 2851 3738 a
2880 3676 3292 3759 simplicitate
3329 3677 3700 3741 aeternitatis
3733 3696 3748 3741 ε
3785 3698 3960 3743 com·

2455 3772 2688 3854 positio
2726 3781 2939 3837 autem
2983 3774 3050 3835 in
3089 3775 3422 3839 duratione
3460 3776 3642 3858 ponit
3679 3776 3860 3858 prius
3895 3784 3960 3840 et

2454 3872 2790 3954 posterius
2844 3907 2925 3918 —
2973 3872 3237 3949 RursuS,
3287 3875 3537 3938 duratio
3591 3875 3802 3957 angeli
3859 3883 3960 3939 est

2453 3969 2726 4032 infinita.
2783 3970 2846 4033 Si
2897 3989 3046 4052 ergo
3092 3980 3188 4034 εει
3235 3979 3366 4034 tota
3421 3972 3616 4035 simul
3665 3973 3734 4035 in
3780 3981 3952 4048 actu,

2450 4084 2600 4148 ergo
2646 4067 2904 4150 aliquod
2952 4076 3233 4131 creatum
3285 4069 3350 4131 in
3398 4076 3545 4132 actu
3591 4078 3687 4132 est
3737 4070 3957 4133 infini-

839 4189 964 4252 que
999 4178 1096 4232 est
1126 4169 1445 4232 successio
1484 4187 1633 4230 cum
1664 4168 2033 4241 variatione,
2066 4176 2131 4230 et
2159 4168 2339 4250 prius
2370 4169 2419 4230 D
2450 4173 2608 4227 tum.
2643 4202 2724 4211 —
2753 4167 3038 4250 Insuper,
3073 4167 3140 4230 in
3177 4186 3254 4231 eo
3293 4169 3463 4251 quod
3511 4168 3702 4231 habet
3745 4177 3950 4231 totum

839 4287 912 4330 ac
948 4268 1263 4350 posterius
1304 4286 1451 4329 cum
1491 4266 1949 4329 inveteratione
1989 4273 2053 4328 ει
2082 4283 2340 4328 renova-

840 4367 1048 4445 tione;
1090 4366 1157 4427 in
1200 4382 1335 4427 aevo
1373 4382 1525 4427 vero
1563 4372 1659 4427 est
1700 4364 1877 4446 prius
1916 4371 1981 4426 et
2019 4364 2336 4445 posterius

841 4465 1011 4548 quod
1058 4464 1216 4526 dicit
1257 4464 1608 4526 durationis
1656 4463 2116 4536 extensionem,
2163 4464 2335 4545 quod

840 4571 1051 4625 tamen
1092 4561 1333 4625 nullam
1368 4561 1523 4624 dicit
1553 4561 1965 4624 variationem
2006 4579 2125 4622 nec
2160 4561 2338 4623 inno—

839 4662 1179 4726 vationem.
1214 4696 1295 4707 -
1323 4660 1498 4733 Quod
1530 4660 1584 4721 si
1618 4658 1781 4720 forte
1810 4664 2149 4741 quaeratur,
2184 4676 2336 4741 quo-

840 4761 1027 4823 modo
1072 4766 1278 4842 potest
1321 4776 1459 4821 esse
1511 4756 1687 4839 prius
1731 4762 1793 4818 et
1836 4758 2152 4838 posterius
2197 4758 2334 4819 sine

837 4857 1151 4935 novitate3
1201 4854 1566 4929 dicendum,
1609 4854 1779 4935 quod
1828 4853 1994 4915 sicut
2042 4854 2334 4916 videmus

837 4955 1007 5037 quod
1040 4954 1225 5016 aliter
1253 4952 1576 5033 egreditur
1614 4950 1853 5013 fluvius
1882 4968 1959 5013 ex
1988 4949 2189 5027 fonte,
2222 4953 2335 5015 ali·

836 5061 933 5116 ter
972 5052 1184 5114 radius
1213 5070 1251 5113 a
1280 5049 1434 5125 sole,
1468 5050 1560 5112 sic
1592 5050 1657 5111 in
1698 5050 2022 5130 proposito
2062 5051 2330 5114 intuere.

834 5151 1095 5215 Fluvius
1136 5167 1411 5231 namque
1450 5166 1563 5210 seu
1605 5146 1849 5209 rivulus
1890 5147 1984 5210 sic
2016 5157 2228 5212 manat
2256 5168 2333 5211 ex

832 5250 1032 5327 fonte,
1064 5250 1235 5333 quod
1274 5265 1437 5311 nova
1475 5266 1638 5330 aqua
1672 5243 1975 5309 continuo
2012 5248 2160 5310 exit.
2195 5248 2331 5311 Non

2449 4282 2587 4326 esse
2627 4264 2817 4327 simul
2863 4266 2930 4328 in
2977 4273 3147 4341 actu,
3190 4266 3359 4328 idem
3403 4273 3500 4329 εει
3543 4284 3704 4340 εεεε,
3749 4266 3949 4330 fuisse

2448 4370 2638 4444 atque
2686 4363 2973 4425 futurum
3023 4382 3182 4427 esse.
3235 4364 3357 4427 Sed
3407 4365 3576 4447 quod
3632 4365 3776 4438 fuit,
3831 4366 3948 4428 im-

2449 4460 2754 4542 possibile
2811 4469 2907 4525 est
2956 4462 3214 4543 cogitari
3275 4480 3403 4525 non
3462 4462 3682 4537 fuisse,
3736 4463 3792 4525 si
3851 4463 3944 4526 in-

2445 4559 2768 4641 telligatur
2808 4560 3025 4623 fuisse.
3065 4561 3227 4642 Ergo
3265 4562 3319 4623 si
3362 4562 3530 4624 idem
3569 4569 3668 4623 est
3704 4562 3948 4625 aeviter-

2446 4675 2530 4720 no
2567 4657 2768 4721 fuisse
2807 4666 2870 4721 et
2907 4658 3066 4734 fore,
3101 4658 3498 4743 impossibile
3541 4666 3638 4722 est
3680 4660 3944 4741 cogitari

2445 4754 2660 4837 ipsum
2704 4774 2830 4819 non
2877 4757 3011 4819 fore
3046 4773 3060 4819 ε
3095 4757 3264 4839 quod
3307 4756 3541 4818 falsum
3585 4765 3703 4832 εει,
3742 4776 3944 4840 quum

2445 4853 2566 4917 hoc
2611 4854 2694 4917 sit
2734 4856 3065 4937 proprium
3107 4856 3253 4918 Deo.
3287 4890 3368 4901 -—
3401 4854 3716 4937 Amplius,
3757 4856 3814 4917 si
3859 4864 3948 4919 to·

2445 4961 2582 5016 tum
2643 4972 2780 5016 esse
2835 4972 3112 5034 praesens
3169 4960 3287 5027 εει,
3339 4972 3489 5034 ergo
3537 4971 3665 5016 non
3723 4952 3941 5016 differt

2445 5070 2583 5114 esse
2624 5060 2688 5114 et
2725 5050 2926 5113 fuisse
2961 5068 2976 5113 :
3009 5069 3160 5133 ergo
3201 5052 3372 5133 quod
3413 5059 3510 5114 est
3551 5070 3745 5127 nunc,
3777 5052 3937 5130 fuit3

2443 5156 2508 5211 et
2541 5149 2595 5210 si
2631 5149 2774 5225 fuit,
2807 5156 2924 5211 est.
2960 5148 3080 5211 Sed
3117 5150 3282 5211 Deus
3323 5167 3452 5212 non
3491 5158 3700 5231 potest
3733 5150 3937 5212 facere

2445 5246 2510 5308 id
2540 5247 2709 5329 quod
2739 5246 2887 5321 fuit,
2921 5264 3050 5310 non
3087 5245 3290 5310 fuisse
3325 5264 3339 5309 :
3374 5264 3523 5329 ergo
3558 5265 3687 5310 non
3729 5254 3932 5329 potest
