<?xml version="1.0" encoding="UTF-8"?>
<!DOCTYPE html PUBLIC "-//W3C//DTD XHTML 1.0 Transitional//EN"
    "http://www.w3.org/TR/xhtml1/DTD/xhtml1-transitional.dtd">
<html xmlns="http://www.w3.org/1999/xhtml" xml:lang="en" lang="en">
 <head>
  <title>
</title>
<meta http-equiv="Content-Type" content="text/html;charset=utf-8" />
  <meta name='ocr-system' content='tesseract 3.04.00' />
  <meta name='ocr-capabilities' content='ocr_page ocr_carea ocr_par ocr_line ocrx_word'/>
</head>
<body>
  <div class='ocr_page' id='page_1' title='image "./doctorisecstati01denigoog_0531.png"; bbox 0 0 4334 6242; ppageno 0'>
   <div class='ocr_carea' id='block_1_1' title="bbox 145 3748 332 3798">
    <p class='ocr_par' dir='ltr' id='par_1_1' title="bbox 145 3748 332 3798">
     <span class='ocr_line' id='line_1_1' title="bbox 145 3748 332 3798; baseline 0.037 -11"><span class='ocrx_word' id='word_1_1' title='bbox 145 3757 178 3798; x_wconf 81' lang='lat' dir='ltr'>p.</span> <span class='ocrx_word' id='word_1_2' title='bbox 197 3750 264 3790; x_wconf 64' lang='lat'>⁴87</span> <span class='ocrx_word' id='word_1_3' title='bbox 275 3748 332 3794; x_wconf 87' lang='lat' dir='ltr'>C&#39;.</span> 
     </span>
    </p>
   </div>
   <div class='ocr_carea' id='block_1_2' title="bbox 961 515 2901 573">
    <p class='ocr_par' dir='ltr' id='par_1_2' title="bbox 961 515 2901 573">
     <span class='ocr_line' id='line_1_2' title="bbox 961 515 2901 573; baseline -0.001 -9"><span class='ocrx_word' id='word_1_4' title='bbox 961 517 1042 564; x_wconf 76' lang='lat' dir='ltr'>DE</span> <span class='ocrx_word' id='word_1_5' title='bbox 1082 516 1356 564; x_wconf 72' lang='lat' dir='ltr'>mmmm(</span> <span class='ocrx_word' id='word_1_6' title='bbox 1397 515 1836 573; x_wconf 80' lang='lat' dir='ltr'>DISTINCTIONE,</span> <span class='ocrx_word' id='word_1_7' title='bbox 1876 515 2333 563; x_wconf 74' lang='lat' dir='ltr'>APPRLLA&#39;rloNE</span> <span class='ocrx_word' id='word_1_8' title='bbox 2376 516 2449 562; x_wconf 64' lang='lat' dir='ltr'>BT</span> <span class='ocrx_word' id='word_1_9' title='bbox 2489 515 2901 563; x_wconf 71' lang='lat' dir='ltr'>PnoPRIETATE</span> 
     </span>
    </p>
   </div>
   <div class='ocr_carea' id='block_1_3' title="bbox 3360 497 3482 564">
    <p class='ocr_par' dir='ltr' id='par_1_3' title="bbox 3360 497 3482 564">
     <span class='ocr_line' id='line_1_3' title="bbox 3360 497 3482 564; baseline 0 0"><span class='ocrx_word' id='word_1_10' title='bbox 3360 497 3482 564; x_wconf 78' lang='lat'>489</span> 
     </span>
    </p>
   </div>
   <div class='ocr_carea' id='block_1_4' title="bbox 382 686 3482 772">
    <p class='ocr_par' dir='ltr' id='par_1_4' title="bbox 382 686 3482 772">
     <span class='ocr_line' id='line_1_4' title="bbox 382 686 3482 772; baseline 0 -21"><span class='ocrx_word' id='word_1_11' title='bbox 382 707 460 752; x_wconf 91' lang='lat' dir='ltr'>ne</span> <span class='ocrx_word' id='word_1_12' title='bbox 498 688 761 771; x_wconf 89' lang='lat' dir='ltr'>ponitur</span> <span class='ocrx_word' id='word_1_13' title='bbox 797 688 1188 763; x_wconf 63' lang='lat' dir='ltr'>hierarchiae,</span> <span class='ocrx_word' id='word_1_14' title='bbox 1221 689 1648 752; x_wconf 89' lang='lat' dir='ltr'>communiter</span> <span class='ocrx_word' id='word_1_15' title='bbox 1684 687 1878 750; x_wconf 88' lang='lat' dir='ltr'>sumi·</span> <span class='ocrx_word' id='word_1_16' title='bbox 1904 686 1957 749; x_wconf 87' lang='lat' dir='ltr'><strong>A</strong></span> <span class='ocrx_word' id='word_1_17' title='bbox 1989 690 2085 758; x_wconf 81' lang='lat' dir='ltr'>in,</span> <span class='ocrx_word' id='word_1_18' title='bbox 2128 695 2200 749; x_wconf 91' lang='lat' dir='ltr'>ut</span> <span class='ocrx_word' id='word_1_19' title='bbox 2247 688 2569 751; x_wconf 83' lang='lat' dir='ltr'>Cherubin</span> <span class='ocrx_word' id='word_1_20' title='bbox 2617 696 2679 752; x_wconf 92' lang='lat' dir='ltr'>et</span> <span class='ocrx_word' id='word_1_21' title='bbox 2729 689 3059 772; x_wconf 77' lang='lat' dir='ltr'>Seraphin,</span> <span class='ocrx_word' id='word_1_22' title='bbox 3102 697 3250 752; x_wconf 91' lang='lat' dir='ltr'>sunt</span> <span class='ocrx_word' id='word_1_23' title='bbox 3293 707 3482 771; x_wconf 91' lang='lat' dir='ltr'>gene-</span> 
     </span>
    </p>
   </div>
   <div class='ocr_carea' id='block_1_5' title="bbox 371 786 1878 1855">
    <p class='ocr_par' dir='ltr' id='par_1_5' title="bbox 371 786 1878 1855">
     <span class='ocr_line' id='line_1_5' title="bbox 379 786 1878 870; baseline -0.001 -22"><span class='ocrx_word' id='word_1_24' title='bbox 379 795 482 848; x_wconf 85' lang='lat' dir='ltr'>tur</span> <span class='ocrx_word' id='word_1_25' title='bbox 517 788 597 850; x_wconf 90' lang='lat' dir='ltr'>ad</span> <span class='ocrx_word' id='word_1_26' title='bbox 637 787 986 869; x_wconf 83' lang='lat' dir='ltr'>cujuslibet</span> <span class='ocrx_word' id='word_1_27' title='bbox 1024 787 1411 870; x_wconf 78' lang='lat' dir='ltr'>praelationis</span> <span class='ocrx_word' id='word_1_28' title='bbox 1451 786 1782 864; x_wconf 80' lang='lat' dir='ltr'>officium3</span> <span class='ocrx_word' id='word_1_29' title='bbox 1815 795 1878 848; x_wconf 94' lang='lat' dir='ltr'>et</span> 
     </span>
     <span class='ocr_line' id='line_1_6' title="bbox 377 884 1872 968; baseline -0.001 -20"><span class='ocrx_word' id='word_1_30' title='bbox 377 893 446 948; x_wconf 90' lang='lat' dir='ltr'>ut</span> <span class='ocrx_word' id='word_1_31' title='bbox 473 894 571 947; x_wconf 92' lang='lat' dir='ltr'>est</span> <span class='ocrx_word' id='word_1_32' title='bbox 600 886 934 968; x_wconf 91' lang='lat' dir='ltr'>proprium</span> <span class='ocrx_word' id='word_1_33' title='bbox 975 904 1210 948; x_wconf 90' lang='lat' dir='ltr'>nomen</span> <span class='ocrx_word' id='word_1_34' title='bbox 1242 887 1417 949; x_wconf 91' lang='lat' dir='ltr'>chori</span> <span class='ocrx_word' id='word_1_35' title='bbox 1459 903 1572 948; x_wconf 91' lang='lat' dir='ltr'>seu</span> <span class='ocrx_word' id='word_1_36' title='bbox 1608 884 1872 958; x_wconf 79' lang='lat' dir='ltr'>ordiniS‚</span> 
     </span>
     <span class='ocr_line' id='line_1_7' title="bbox 375 983 1878 1066; baseline 0 -20"><span class='ocrx_word' id='word_1_37' title='bbox 375 984 740 1066; x_wconf 79' lang='lat' dir='ltr'>specialiter</span> <span class='ocrx_word' id='word_1_38' title='bbox 769 984 1046 1047; x_wconf 81' lang='lat' dir='ltr'><strong>sumitur</strong></span> <span class='ocrx_word' id='word_1_39' title='bbox 1075 984 1152 1047; x_wconf 88' lang='lat' dir='ltr'>ad</span> <span class='ocrx_word' id='word_1_40' title='bbox 1184 985 1468 1066; x_wconf 89' lang='lat' dir='ltr'>regimen</span> <span class='ocrx_word' id='word_1_41' title='bbox 1500 983 1878 1046; x_wconf 85' lang='lat' dir='ltr'>determina-</span> 
     </span>
     <span class='ocr_line' id='line_1_8' title="bbox 374 1082 1874 1166; baseline 0 -22"><span class='ocrx_word' id='word_1_42' title='bbox 374 1090 452 1146; x_wconf 78' lang='lat' dir='ltr'>tae</span> <span class='ocrx_word' id='word_1_43' title='bbox 498 1082 865 1165; x_wconf 82' lang='lat' dir='ltr'>provinciae.</span> <span class='ocrx_word' id='word_1_44' title='bbox 899 1119 982 1130; x_wconf 91' lang='lat'><em>-</em></span> <span class='ocrx_word' id='word_1_45' title='bbox 1023 1084 1254 1147; x_wconf 83' lang='lat' dir='ltr'>Omnes</span> <span class='ocrx_word' id='word_1_46' title='bbox 1305 1101 1558 1166; x_wconf 89' lang='lat' dir='ltr'>quoque</span> <span class='ocrx_word' id='word_1_47' title='bbox 1603 1083 1874 1164; x_wconf 82' lang='lat' dir='ltr'>angelici</span> 
     </span>
     <span class='ocr_line' id='line_1_9' title="bbox 373 1181 1874 1264; baseline 0 -21"><span class='ocrx_word' id='word_1_48' title='bbox 373 1181 660 1264; x_wconf 83' lang='lat' dir='ltr'>spirituS,</span> <span class='ocrx_word' id='word_1_49' title='bbox 677 1181 884 1262; x_wconf 90' lang='lat' dir='ltr'>angeli</span> <span class='ocrx_word' id='word_1_50' title='bbox 916 1182 1337 1264; x_wconf 81' lang='lat' dir='ltr'>appellantur.</span> <span class='ocrx_word' id='word_1_51' title='bbox 1360 1182 1610 1244; x_wconf 82' lang='lat' dir='ltr'>Etenim</span> <span class='ocrx_word' id='word_1_52' title='bbox 1641 1199 1874 1244; x_wconf 88' lang='lat' dir='ltr'>nomen</span> 
     </span>
     <span class='ocr_line' id='line_1_10' title="bbox 372 1279 1872 1362; baseline -0.001 -20"><span class='ocrx_word' id='word_1_53' title='bbox 372 1279 581 1360; x_wconf 83' lang='lat' dir='ltr'>angeli</span> <span class='ocrx_word' id='word_1_54' title='bbox 646 1280 1226 1343; x_wconf 80' lang='lat' dir='ltr'>manifestationem</span> <span class='ocrx_word' id='word_1_55' title='bbox 1288 1280 1612 1362; x_wconf 83' lang='lat' dir='ltr'>importat,</span> <span class='ocrx_word' id='word_1_56' title='bbox 1673 1299 1872 1362; x_wconf 90' lang='lat' dir='ltr'>quum</span> 
     </span>
     <span class='ocr_line' id='line_1_11' title="bbox 371 1377 1874 1461; baseline 0.001 -22"><span class='ocrx_word' id='word_1_57' title='bbox 371 1377 635 1458; x_wconf 90' lang='lat' dir='ltr'>angelus</span> <span class='ocrx_word' id='word_1_58' title='bbox 681 1378 948 1442; x_wconf 89' lang='lat' dir='ltr'>nuntius</span> <span class='ocrx_word' id='word_1_59' title='bbox 997 1387 1421 1461; x_wconf 85' lang='lat' dir='ltr'>nuncupetur.</span> <span class='ocrx_word' id='word_1_60' title='bbox 1465 1379 1618 1441; x_wconf 88' lang='lat' dir='ltr'>Esse</span> <span class='ocrx_word' id='word_1_61' title='bbox 1660 1387 1874 1441; x_wconf 90' lang='lat' dir='ltr'>autem</span> 
     </span>
     <span class='ocr_line' id='line_1_12' title="bbox 375 1475 1876 1559; baseline 0.001 -21"><span class='ocrx_word' id='word_1_62' title='bbox 375 1475 918 1538; x_wconf 87' lang='lat' dir='ltr'>manifestativum</span> <span class='ocrx_word' id='word_1_63' title='bbox 955 1477 1355 1559; x_wconf 90' lang='lat' dir='ltr'>simpliciter,</span> <span class='ocrx_word' id='word_1_64' title='bbox 1390 1478 1694 1559; x_wconf 83' lang='lat' dir='ltr'>competit</span> <span class='ocrx_word' id='word_1_65' title='bbox 1725 1497 1876 1540; x_wconf 89' lang='lat' dir='ltr'>cun-</span> 
     </span>
     <span class='ocr_line' id='line_1_13' title="bbox 374 1573 1876 1656; baseline 0.001 -20"><span class='ocrx_word' id='word_1_66' title='bbox 374 1574 492 1636; x_wconf 90' lang='lat' dir='ltr'>ctis</span> <span class='ocrx_word' id='word_1_67' title='bbox 531 1573 887 1648; x_wconf 81' lang='lat' dir='ltr'>ordinibuS,</span> <span class='ocrx_word' id='word_1_68' title='bbox 922 1574 988 1636; x_wconf 92' lang='lat' dir='ltr'>in</span> <span class='ocrx_word' id='word_1_69' title='bbox 1027 1583 1336 1656; x_wconf 88' lang='lat' dir='ltr'>quantum</span> <span class='ocrx_word' id='word_1_70' title='bbox 1381 1577 1735 1638; x_wconf 90' lang='lat' dir='ltr'>secundum</span> <span class='ocrx_word' id='word_1_71' title='bbox 1772 1575 1876 1638; x_wconf 90' lang='lat' dir='ltr'>de-</span> 
     </span>
     <span class='ocr_line' id='line_1_14' title="bbox 375 1672 1872 1747; baseline 0.001 -12"><span class='ocrx_word' id='word_1_72' title='bbox 375 1691 673 1735; x_wconf 90' lang='lat' dir='ltr'>scensum</span> <span class='ocrx_word' id='word_1_73' title='bbox 724 1673 1045 1747; x_wconf 90' lang='lat' dir='ltr'>ordinum,</span> <span class='ocrx_word' id='word_1_74' title='bbox 1080 1672 1294 1736; x_wconf 90' lang='lat' dir='ltr'>lumen</span> <span class='ocrx_word' id='word_1_75' title='bbox 1339 1673 1766 1736; x_wconf 85' lang='lat' dir='ltr'>intellectuale</span> <span class='ocrx_word' id='word_1_76' title='bbox 1807 1675 1872 1736; x_wconf 90' lang='lat' dir='ltr'>in</span> 
     </span>
     <span class='ocr_line' id='line_1_15' title="bbox 372 1770 1872 1855; baseline 0 -21"><span class='ocrx_word' id='word_1_77' title='bbox 372 1771 466 1834; x_wconf 92' lang='lat' dir='ltr'>eis</span> <span class='ocrx_word' id='word_1_78' title='bbox 509 1777 606 1834; x_wconf 91' lang='lat' dir='ltr'>est</span> <span class='ocrx_word' id='word_1_79' title='bbox 651 1770 864 1834; x_wconf 91' lang='lat' dir='ltr'>minus</span> <span class='ocrx_word' id='word_1_80' title='bbox 911 1772 1184 1854; x_wconf 87' lang='lat' dir='ltr'>simplex</span> <span class='ocrx_word' id='word_1_81' title='bbox 1235 1773 1564 1854; x_wconf 80' lang='lat' dir='ltr'>magisque</span> <span class='ocrx_word' id='word_1_82' title='bbox 1612 1791 1872 1855; x_wconf 90' lang='lat' dir='ltr'>propor-</span> 
     </span>
    </p>
   </div>
   <div class='ocr_carea' id='block_1_6' title="bbox 1981 785 3484 1833">
    <p class='ocr_par' dir='ltr' id='par_1_6' title="bbox 1981 785 3484 1634">
     <span class='ocr_line' id='line_1_16' title="bbox 1985 785 3484 870; baseline 0.002 -23"><span class='ocrx_word' id='word_1_83' title='bbox 1985 785 2074 848; x_wconf 90' lang='lat' dir='ltr'>ris</span> <span class='ocrx_word' id='word_1_84' title='bbox 2121 785 2355 860; x_wconf 87' lang='lat' dir='ltr'>neutri,</span> <span class='ocrx_word' id='word_1_85' title='bbox 2408 787 2673 868; x_wconf 87' lang='lat' dir='ltr'>pluralis</span> <span class='ocrx_word' id='word_1_86' title='bbox 2722 787 2996 860; x_wconf 90' lang='lat' dir='ltr'>numeri,</span> <span class='ocrx_word' id='word_1_87' title='bbox 3048 796 3111 850; x_wconf 90' lang='lat' dir='ltr'>et</span> <span class='ocrx_word' id='word_1_88' title='bbox 3158 795 3484 870; x_wconf 91' lang='lat' dir='ltr'>ponuntur</span> 
     </span>
     <span class='ocr_line' id='line_1_17' title="bbox 1988 885 3483 966; baseline 0.001 -22"><span class='ocrx_word' id='word_1_89' title='bbox 1988 902 2102 966; x_wconf 93' lang='lat' dir='ltr'>pro</span> <span class='ocrx_word' id='word_1_90' title='bbox 2160 891 2291 947; x_wconf 91' lang='lat' dir='ltr'>toto</span> <span class='ocrx_word' id='word_1_91' title='bbox 2348 885 2589 948; x_wconf 86' lang='lat' dir='ltr'>ordinis</span> <span class='ocrx_word' id='word_1_92' title='bbox 2649 885 2839 948; x_wconf 91' lang='lat' dir='ltr'>unius</span> <span class='ocrx_word' id='word_1_93' title='bbox 2897 885 3200 966; x_wconf 84' lang='lat' dir='ltr'>collegi03</span> <span class='ocrx_word' id='word_1_94' title='bbox 3249 886 3359 949; x_wconf 91' lang='lat' dir='ltr'>sed</span> <span class='ocrx_word' id='word_1_95' title='bbox 3411 893 3483 948; x_wconf 92' lang='lat' dir='ltr'>ut</span> 
     </span>
     <span class='ocr_line' id='line_1_18' title="bbox 1985 983 3484 1065; baseline 0.003 -22"><span class='ocrx_word' id='word_1_96' title='bbox 1985 983 2409 1045; x_wconf 87' lang='lat' dir='ltr'>terminantur</span> <span class='ocrx_word' id='word_1_97' title='bbox 2446 983 2510 1046; x_wconf 92' lang='lat' dir='ltr'>in</span> <span class='ocrx_word' id='word_1_98' title='bbox 2542 986 2659 1055; x_wconf 82' lang='lat' dir='ltr'>im,</span> <span class='ocrx_word' id='word_1_99' title='bbox 2690 991 2761 1046; x_wconf 88' lang='lat' dir='ltr'>ut</span> <span class='ocrx_word' id='word_1_100' title='bbox 2798 983 3165 1059; x_wconf 88' lang='lat' dir='ltr'>Cherubim,</span> <span class='ocrx_word' id='word_1_101' title='bbox 3197 992 3347 1047; x_wconf 92' lang='lat' dir='ltr'>sunt</span> <span class='ocrx_word' id='word_1_102' title='bbox 3381 1003 3484 1065; x_wconf 89' lang='lat' dir='ltr'>ge-</span> 
     </span>
     <span class='ocr_line' id='line_1_19' title="bbox 1984 1081 3483 1164; baseline 0.002 -22"><span class='ocrx_word' id='word_1_103' title='bbox 1984 1081 2156 1143; x_wconf 89' lang='lat' dir='ltr'>neris</span> <span class='ocrx_word' id='word_1_104' title='bbox 2190 1081 2527 1144; x_wconf 89' lang='lat' dir='ltr'>masculini</span> <span class='ocrx_word' id='word_1_105' title='bbox 2559 1083 2941 1164; x_wconf 90' lang='lat' dir='ltr'>numerique</span> <span class='ocrx_word' id='word_1_106' title='bbox 2973 1082 3259 1164; x_wconf 81' lang='lat' dir='ltr'>pluraliS,</span> <span class='ocrx_word' id='word_1_107' title='bbox 3282 1091 3347 1146; x_wconf 91' lang='lat' dir='ltr'>et</span> <span class='ocrx_word' id='word_1_108' title='bbox 3378 1099 3483 1164; x_wconf 92' lang='lat' dir='ltr'>po-</span> 
     </span>
     <span class='ocr_line' id='line_1_20' title="bbox 1985 1179 3483 1263; baseline 0.001 -22"><span class='ocrx_word' id='word_1_109' title='bbox 1985 1187 2227 1241; x_wconf 89' lang='lat' dir='ltr'>nuntur</span> <span class='ocrx_word' id='word_1_110' title='bbox 2284 1197 2400 1262; x_wconf 89' lang='lat' dir='ltr'>pro</span> <span class='ocrx_word' id='word_1_111' title='bbox 2450 1179 2743 1262; x_wconf 90' lang='lat' dir='ltr'>pluribus</span> <span class='ocrx_word' id='word_1_112' title='bbox 2792 1180 3035 1242; x_wconf 90' lang='lat' dir='ltr'>ordinis</span> <span class='ocrx_word' id='word_1_113' title='bbox 3094 1180 3285 1242; x_wconf 90' lang='lat' dir='ltr'>unius</span> <span class='ocrx_word' id='word_1_114' title='bbox 3343 1199 3483 1263; x_wconf 88' lang='lat' dir='ltr'>per-</span> 
     </span>
     <span class='ocr_line' id='line_1_21' title="bbox 1984 1277 3481 1360; baseline 0.002 -22"><span class='ocrx_word' id='word_1_115' title='bbox 1984 1277 2177 1340; x_wconf 91' lang='lat' dir='ltr'>sonis.</span> <span class='ocrx_word' id='word_1_116' title='bbox 2232 1277 2484 1340; x_wconf 87' lang='lat' dir='ltr'>Cherub</span> <span class='ocrx_word' id='word_1_117' title='bbox 2532 1297 2683 1340; x_wconf 88' lang='lat' dir='ltr'>vero</span> <span class='ocrx_word' id='word_1_118' title='bbox 2730 1287 2795 1340; x_wconf 90' lang='lat' dir='ltr'>et</span> <span class='ocrx_word' id='word_1_119' title='bbox 2843 1278 3081 1360; x_wconf 89' lang='lat' dir='ltr'>Seraph</span> <span class='ocrx_word' id='word_1_120' title='bbox 3140 1278 3481 1359; x_wconf 90' lang='lat' dir='ltr'>singularis</span> 
     </span>
     <span class='ocr_line' id='line_1_22' title="bbox 1984 1375 3483 1458; baseline 0 -20"><span class='ocrx_word' id='word_1_121' title='bbox 1984 1383 2134 1438; x_wconf 92' lang='lat' dir='ltr'>sunt</span> <span class='ocrx_word' id='word_1_122' title='bbox 2178 1375 2431 1439; x_wconf 91' lang='lat' dir='ltr'>numeri</span> <span class='ocrx_word' id='word_1_123' title='bbox 2471 1384 2533 1437; x_wconf 87' lang='lat' dir='ltr'>et</span> <span class='ocrx_word' id='word_1_124' title='bbox 2579 1376 2829 1458; x_wconf 89' lang='lat' dir='ltr'>generis</span> <span class='ocrx_word' id='word_1_125' title='bbox 2874 1375 3234 1450; x_wconf 89' lang='lat' dir='ltr'>masculini,</span> <span class='ocrx_word' id='word_1_126' title='bbox 3272 1384 3335 1438; x_wconf 91' lang='lat' dir='ltr'>et</span> <span class='ocrx_word' id='word_1_127' title='bbox 3380 1376 3483 1438; x_wconf 89' lang='lat' dir='ltr'>de-</span> 
     </span>
     <span class='ocr_line' id='line_1_23' title="bbox 1983 1473 3476 1556; baseline 0 -20"><span class='ocrx_word' id='word_1_128' title='bbox 1983 1473 2237 1554; x_wconf 88' lang='lat' dir='ltr'>signant</span> <span class='ocrx_word' id='word_1_129' title='bbox 2266 1493 2456 1537; x_wconf 90' lang='lat' dir='ltr'>unam</span> <span class='ocrx_word' id='word_1_130' title='bbox 2490 1492 2827 1556; x_wconf 86' lang='lat' dir='ltr'>personam</span> <span class='ocrx_word' id='word_1_131' title='bbox 2868 1474 3125 1537; x_wconf 89' lang='lat' dir='ltr'>illorum</span> <span class='ocrx_word' id='word_1_132' title='bbox 3159 1474 3476 1537; x_wconf 89' lang='lat' dir='ltr'>ordinum.</span> 
     </span>
     <span class='ocr_line' id='line_1_24' title="bbox 1981 1570 2401 1634; baseline -0.005 0"><span class='ocrx_word' id='word_1_133' title='bbox 1981 1605 2063 1616; x_wconf 94' lang='lat'>—</span> <span class='ocrx_word' id='word_1_134' title='bbox 2101 1572 2247 1634; x_wconf 80' lang='lat' dir='ltr'>Haec</span> <span class='ocrx_word' id='word_1_135' title='bbox 2292 1570 2401 1633; x_wconf 90' lang='lat' dir='ltr'>ibi.</span> 
     </span>
    </p>

    <p class='ocr_par' dir='ltr' id='par_1_7' title="bbox 1983 1670 3483 1833">
     <span class='ocr_line' id='line_1_25' title="bbox 2063 1670 3483 1753; baseline 0.002 -22"><span class='ocrx_word' id='word_1_136' title='bbox 2063 1670 2331 1752; x_wconf 87' lang='lat' dir='ltr'>Insuper</span> <span class='ocrx_word' id='word_1_137' title='bbox 2378 1670 2444 1732; x_wconf 91' lang='lat' dir='ltr'>in</span> <span class='ocrx_word' id='word_1_138' title='bbox 2493 1670 2699 1753; x_wconf 90' lang='lat' dir='ltr'>prima</span> <span class='ocrx_word' id='word_1_139' title='bbox 2749 1678 2925 1752; x_wconf 88' lang='lat' dir='ltr'>parte</span> <span class='ocrx_word' id='word_1_140' title='bbox 2972 1671 3271 1746; x_wconf 83' lang='lat' dir='ltr'>Summae,</span> <span class='ocrx_word' id='word_1_141' title='bbox 3317 1690 3483 1753; x_wconf 78' lang='lat' dir='ltr'>quae-</span> 
     </span>
     <span class='ocr_line' id='line_1_26' title="bbox 1983 1768 3481 1833; baseline 0.002 -4"><span class='ocrx_word' id='word_1_142' title='bbox 1983 1768 2189 1830; x_wconf 87' lang='lat' dir='ltr'>stione</span> <span class='ocrx_word' id='word_1_143' title='bbox 2226 1769 2572 1831; x_wconf 86' lang='lat' dir='ltr'>centesima</span> <span class='ocrx_word' id='word_1_144' title='bbox 2615 1776 2836 1831; x_wconf 88' lang='lat' dir='ltr'>octava</span> <span class='ocrx_word' id='word_1_145' title='bbox 2878 1788 2891 1832; x_wconf 91' lang='lat'><strong>:</strong></span> <span class='ocrx_word' id='word_1_146' title='bbox 2935 1770 3004 1832; x_wconf 92' lang='lat' dir='ltr'>ln</span> <span class='ocrx_word' id='word_1_147' title='bbox 3048 1769 3481 1833; x_wconf 89' lang='lat' dir='ltr'>nominatione</span> 
     </span>
    </p>
   </div>
   <div class='ocr_carea' id='block_1_7' title="bbox 373 1865 3481 1952">
    <p class='ocr_par' dir='ltr' id='par_1_8' title="bbox 373 1865 3481 1952">
     <span class='ocr_line' id='line_1_27' title="bbox 373 1865 3481 1952; baseline -0 -22"><span class='ocrx_word' id='word_1_148' title='bbox 373 1869 686 1932; x_wconf 88' lang='lat' dir='ltr'>tionatum</span> <span class='ocrx_word' id='word_1_149' title='bbox 725 1869 1076 1932; x_wconf 89' lang='lat' dir='ltr'>intellectui</span> <span class='ocrx_word' id='word_1_150' title='bbox 1120 1871 1546 1952; x_wconf 89' lang='lat' dir='ltr'>sequentium.</span> <span class='ocrx_word' id='word_1_151' title='bbox 1580 1872 1726 1934; x_wconf 92' lang='lat' dir='ltr'>Ideo</span> <span class='ocrx_word' id='word_1_152' title='bbox 1765 1871 1871 1934; x_wconf 88' lang='lat' dir='ltr'>de·</span> <span class='ocrx_word' id='word_1_153' title='bbox 1907 1871 1955 1934; x_wconf 91' lang='lat' dir='ltr'><strong>B</strong></span> <span class='ocrx_word' id='word_1_154' title='bbox 1982 1865 2251 1947; x_wconf 84' lang='lat' dir='ltr'>(inquit)</span> <span class='ocrx_word' id='word_1_155' title='bbox 2279 1866 2576 1929; x_wconf 90' lang='lat' dir='ltr'>ordinum</span> <span class='ocrx_word' id='word_1_156' title='bbox 2606 1867 2977 1948; x_wconf 87' lang='lat' dir='ltr'>angelorum</span> <span class='ocrx_word' id='word_1_157' title='bbox 3005 1875 3255 1949; x_wconf 85' lang='lat' dir='ltr'>oportet</span> <span class='ocrx_word' id='word_1_158' title='bbox 3282 1875 3481 1930; x_wconf 88' lang='lat' dir='ltr'>atten-</span> 
     </span>
    </p>
   </div>
   <div class='ocr_carea' id='block_1_8' title="bbox 371 1965 1878 3030">
    <p class='ocr_par' dir='ltr' id='par_1_9' title="bbox 371 1965 1878 3030">
     <span class='ocr_line' id='line_1_28' title="bbox 372 1965 1872 2051; baseline 0.002 -23"><span class='ocrx_word' id='word_1_159' title='bbox 372 1965 543 2028; x_wconf 89' lang='lat' dir='ltr'>cimo</span> <span class='ocrx_word' id='word_1_160' title='bbox 585 1966 872 2030; x_wconf 88' lang='lat' dir='ltr'>Coelestis</span> <span class='ocrx_word' id='word_1_161' title='bbox 917 1967 1289 2030; x_wconf 62' lang='lat' dir='ltr'>hierarchiae</span> <span class='ocrx_word' id='word_1_162' title='bbox 1327 1969 1608 2051; x_wconf 90' lang='lat' dir='ltr'>capitulo</span> <span class='ocrx_word' id='word_1_163' title='bbox 1637 1968 1696 2031; x_wconf 92' lang='lat' dir='ltr'>S.</span> <span class='ocrx_word' id='word_1_164' title='bbox 1733 1968 1872 2031; x_wconf 91' lang='lat' dir='ltr'>Dio-</span> 
     </span>
     <span class='ocr_line' id='line_1_29' title="bbox 372 2064 1872 2148; baseline 0.001 -22"><span class='ocrx_word' id='word_1_165' title='bbox 372 2065 593 2148; x_wconf 82' lang='lat' dir='ltr'>nysius</span> <span class='ocrx_word' id='word_1_166' title='bbox 635 2064 745 2138; x_wconf 87' lang='lat' dir='ltr'>ait,</span> <span class='ocrx_word' id='word_1_167' title='bbox 788 2064 957 2146; x_wconf 91' lang='lat' dir='ltr'>quod</span> <span class='ocrx_word' id='word_1_168' title='bbox 1007 2083 1262 2146; x_wconf 90' lang='lat' dir='ltr'>semper</span> <span class='ocrx_word' id='word_1_169' title='bbox 1307 2065 1570 2128; x_wconf 89' lang='lat' dir='ltr'>inferior</span> <span class='ocrx_word' id='word_1_170' title='bbox 1609 2066 1872 2147; x_wconf 90' lang='lat' dir='ltr'>angelus</span> 
     </span>
     <span class='ocr_line' id='line_1_30' title="bbox 371 2162 1872 2244; baseline 0.002 -20"><span class='ocrx_word' id='word_1_171' title='bbox 371 2163 768 2244; x_wconf 89' lang='lat' dir='ltr'>superiorem</span> <span class='ocrx_word' id='word_1_172' title='bbox 802 2162 1166 2225; x_wconf 89' lang='lat' dir='ltr'>manifestat</span> <span class='ocrx_word' id='word_1_173' title='bbox 1195 2163 1494 2226; x_wconf 90' lang='lat' dir='ltr'>omnibus</span> <span class='ocrx_word' id='word_1_174' title='bbox 1525 2164 1645 2227; x_wconf 90' lang='lat' dir='ltr'>sub</span> <span class='ocrx_word' id='word_1_175' title='bbox 1675 2184 1744 2227; x_wconf 93' lang='lat' dir='ltr'>se</span> <span class='ocrx_word' id='word_1_176' title='bbox 1774 2183 1872 2227; x_wconf 90' lang='lat' dir='ltr'>or-</span> 
     </span>
     <span class='ocr_line' id='line_1_31' title="bbox 371 2260 1875 2342; baseline 0.003 -20"><span class='ocrx_word' id='word_1_177' title='bbox 371 2260 625 2323; x_wconf 89' lang='lat' dir='ltr'>dinatis.</span> <span class='ocrx_word' id='word_1_178' title='bbox 660 2261 878 2342; x_wconf 79' lang='lat' dir='ltr'>Itaque</span> <span class='ocrx_word' id='word_1_179' title='bbox 921 2279 1060 2323; x_wconf 90' lang='lat' dir='ltr'>esse</span> <span class='ocrx_word' id='word_1_180' title='bbox 1100 2261 1641 2324; x_wconf 88' lang='lat' dir='ltr'>manifestativum</span> <span class='ocrx_word' id='word_1_181' title='bbox 1672 2263 1875 2326; x_wconf 91' lang='lat' dir='ltr'>omni-</span> 
     </span>
     <span class='ocr_line' id='line_1_32' title="bbox 373 2357 1874 2440; baseline 0.002 -20"><span class='ocrx_word' id='word_1_182' title='bbox 373 2377 483 2420; x_wconf 90' lang='lat' dir='ltr'>um</span> <span class='ocrx_word' id='word_1_183' title='bbox 518 2357 921 2440; x_wconf 87' lang='lat' dir='ltr'>superiorum</span> <span class='ocrx_word' id='word_1_184' title='bbox 955 2366 1247 2440; x_wconf 89' lang='lat' dir='ltr'>respectu</span> <span class='ocrx_word' id='word_1_185' title='bbox 1280 2359 1500 2433; x_wconf 89' lang='lat' dir='ltr'>nostri,</span> <span class='ocrx_word' id='word_1_186' title='bbox 1534 2369 1631 2422; x_wconf 90' lang='lat' dir='ltr'>est</span> <span class='ocrx_word' id='word_1_187' title='bbox 1662 2361 1874 2424; x_wconf 88' lang='lat' dir='ltr'>ultimi</span> 
     </span>
     <span class='ocr_line' id='line_1_33' title="bbox 372 2455 1876 2540; baseline 0.003 -21"><span class='ocrx_word' id='word_1_188' title='bbox 372 2455 614 2519; x_wconf 88' lang='lat' dir='ltr'>ordinis</span> <span class='ocrx_word' id='word_1_189' title='bbox 668 2475 682 2520; x_wconf 74' lang='grc' dir='ltr'>ε</span> <span class='ocrx_word' id='word_1_190' title='bbox 737 2456 888 2518; x_wconf 88' lang='lat' dir='ltr'>hinc</span> <span class='ocrx_word' id='word_1_191' title='bbox 936 2457 1238 2518; x_wconf 89' lang='lat' dir='ltr'>ultimum</span> <span class='ocrx_word' id='word_1_192' title='bbox 1288 2458 1577 2520; x_wconf 90' lang='lat' dir='ltr'>ordinem</span> <span class='ocrx_word' id='word_1_193' title='bbox 1626 2459 1876 2540; x_wconf 85' lang='lat' dir='ltr'>angelo-</span> 
     </span>
     <span class='ocr_line' id='line_1_34' title="bbox 375 2555 1876 2636; baseline 0.003 -20"><span class='ocrx_word' id='word_1_194' title='bbox 375 2574 542 2628; x_wconf 89' lang='lat' dir='ltr'>rum,</span> <span class='ocrx_word' id='word_1_195' title='bbox 575 2555 835 2617; x_wconf 90' lang='lat' dir='ltr'>nomine</span> <span class='ocrx_word' id='word_1_196' title='bbox 880 2555 1088 2636; x_wconf 90' lang='lat' dir='ltr'>angeli</span> <span class='ocrx_word' id='word_1_197' title='bbox 1133 2555 1562 2636; x_wconf 83' lang='lat' dir='ltr'>designamuS,</span> <span class='ocrx_word' id='word_1_198' title='bbox 1595 2558 1738 2620; x_wconf 90' lang='lat' dir='ltr'>aliis</span> <span class='ocrx_word' id='word_1_199' title='bbox 1781 2577 1876 2621; x_wconf 90' lang='lat' dir='ltr'>or·</span> 
     </span>
     <span class='ocr_line' id='line_1_35' title="bbox 376 2651 1872 2736; baseline 0.003 -22"><span class='ocrx_word' id='word_1_200' title='bbox 376 2652 635 2714; x_wconf 90' lang='lat' dir='ltr'>dinibus</span> <span class='ocrx_word' id='word_1_201' title='bbox 694 2651 1036 2715; x_wconf 90' lang='lat' dir='ltr'>nominatis</span> <span class='ocrx_word' id='word_1_202' title='bbox 1094 2652 1174 2715; x_wconf 89' lang='lat' dir='ltr'>ab</span> <span class='ocrx_word' id='word_1_203' title='bbox 1227 2653 1329 2715; x_wconf 90' lang='lat' dir='ltr'>his</span> <span class='ocrx_word' id='word_1_204' title='bbox 1386 2673 1527 2736; x_wconf 81' lang='lat' dir='ltr'>quae</span> <span class='ocrx_word' id='word_1_205' title='bbox 1583 2655 1872 2719; x_wconf 88' lang='lat' dir='ltr'>altiorem</span> 
     </span>
     <span class='ocr_line' id='line_1_36' title="bbox 379 2749 1876 2816; baseline 0.003 -4"><span class='ocrx_word' id='word_1_206' title='bbox 379 2750 643 2812; x_wconf 88' lang='lat' dir='ltr'>modum</span> <span class='ocrx_word' id='word_1_207' title='bbox 690 2749 1027 2812; x_wconf 87' lang='lat' dir='ltr'>nuntiandi</span> <span class='ocrx_word' id='word_1_208' title='bbox 1070 2758 1180 2812; x_wconf 91' lang='lat' dir='ltr'>aut</span> <span class='ocrx_word' id='word_1_209' title='bbox 1222 2751 1671 2816; x_wconf 83' lang='lat' dir='ltr'>manifestandi</span> <span class='ocrx_word' id='word_1_210' title='bbox 1713 2754 1876 2816; x_wconf 89' lang='lat' dir='ltr'>desi·</span> 
     </span>
     <span class='ocr_line' id='line_1_37' title="bbox 377 2847 1873 2930; baseline 0.005 -21"><span class='ocrx_word' id='word_1_211' title='bbox 377 2855 592 2929; x_wconf 86' lang='lat' dir='ltr'>gnant.</span> <span class='ocrx_word' id='word_1_212' title='bbox 626 2847 858 2930; x_wconf 88' lang='lat' dir='ltr'>Sicque</span> <span class='ocrx_word' id='word_1_213' title='bbox 900 2849 1162 2930; x_wconf 90' lang='lat' dir='ltr'>angelus</span> <span class='ocrx_word' id='word_1_214' title='bbox 1202 2857 1298 2912; x_wconf 93' lang='lat' dir='ltr'>est</span> <span class='ocrx_word' id='word_1_215' title='bbox 1336 2869 1570 2914; x_wconf 89' lang='lat' dir='ltr'>nomen</span> <span class='ocrx_word' id='word_1_216' title='bbox 1613 2859 1873 2928; x_wconf 63' lang='lat' dir='ltr'>naturas,</span> 
     </span>
     <span class='ocr_line' id='line_1_38' title="bbox 379 2946 1878 3030; baseline 0.003 -23"><span class='ocrx_word' id='word_1_217' title='bbox 379 2947 532 3028; x_wconf 91' lang='lat' dir='ltr'>quia</span> <span class='ocrx_word' id='word_1_218' title='bbox 571 2946 1000 3009; x_wconf 89' lang='lat' dir='ltr'>conditionem</span> <span class='ocrx_word' id='word_1_219' title='bbox 1041 2955 1282 3010; x_wconf 86' lang='lat' dir='ltr'>naturae</span> <span class='ocrx_word' id='word_1_220' title='bbox 1320 2949 1640 3030; x_wconf 87' lang='lat' dir='ltr'>exprimit.</span> <span class='ocrx_word' id='word_1_221' title='bbox 1677 2949 1740 3012; x_wconf 91' lang='lat' dir='ltr'>Si</span> <span class='ocrx_word' id='word_1_222' title='bbox 1771 2969 1878 3012; x_wconf 88' lang='lat' dir='ltr'>au-</span> 
     </span>
    </p>
   </div>
   <div class='ocr_carea' id='block_1_9' title="bbox 1982 1964 3487 3030">
    <p class='ocr_par' dir='ltr' id='par_1_10' title="bbox 1982 1964 3487 3030">
     <span class='ocr_line' id='line_1_39' title="bbox 1982 1964 3487 2047; baseline 0 -21"><span class='ocrx_word' id='word_1_223' title='bbox 1982 1964 2154 2036; x_wconf 89' lang='lat' dir='ltr'>dere,</span> <span class='ocrx_word' id='word_1_224' title='bbox 2188 1964 2357 2046; x_wconf 89' lang='lat' dir='ltr'>quod</span> <span class='ocrx_word' id='word_1_225' title='bbox 2389 1965 2647 2046; x_wconf 91' lang='lat' dir='ltr'>propria</span> <span class='ocrx_word' id='word_1_226' title='bbox 2676 1965 2937 2027; x_wconf 91' lang='lat' dir='ltr'>nomina</span> <span class='ocrx_word' id='word_1_227' title='bbox 2965 1966 3363 2047; x_wconf 87' lang='lat' dir='ltr'>singulorum</span> <span class='ocrx_word' id='word_1_228' title='bbox 3390 1983 3487 2027; x_wconf 89' lang='lat' dir='ltr'>or·</span> 
     </span>
     <span class='ocr_line' id='line_1_40' title="bbox 1982 2061 3485 2144; baseline 0.002 -22"><span class='ocrx_word' id='word_1_229' title='bbox 1982 2061 2207 2123; x_wconf 87' lang='lat' dir='ltr'>diuum</span> <span class='ocrx_word' id='word_1_230' title='bbox 2257 2063 2672 2144; x_wconf 89' lang='lat' dir='ltr'>proprietates</span> <span class='ocrx_word' id='word_1_231' title='bbox 2722 2079 2943 2126; x_wconf 89' lang='lat' dir='ltr'>eorum</span> <span class='ocrx_word' id='word_1_232' title='bbox 2992 2063 3381 2144; x_wconf 85' lang='lat' dir='ltr'>significant,</span> <span class='ocrx_word' id='word_1_233' title='bbox 3414 2072 3485 2125; x_wconf 92' lang='lat' dir='ltr'>ut</span> 
     </span>
     <span class='ocr_line' id='line_1_41' title="bbox 1983 2161 3484 2244; baseline 0.001 -22"><span class='ocrx_word' id='word_1_234' title='bbox 1983 2161 2259 2242; x_wconf 90' lang='lat' dir='ltr'>septimo</span> <span class='ocrx_word' id='word_1_235' title='bbox 2308 2161 2595 2224; x_wconf 89' lang='lat' dir='ltr'>Coelestis</span> <span class='ocrx_word' id='word_1_236' title='bbox 2645 2161 3019 2226; x_wconf 82' lang='lat' dir='ltr'>hierarchiae</span> <span class='ocrx_word' id='word_1_237' title='bbox 3067 2161 3347 2244; x_wconf 88' lang='lat' dir='ltr'>capitulo</span> <span class='ocrx_word' id='word_1_238' title='bbox 3393 2161 3484 2224; x_wconf 92' lang='lat' dir='ltr'>di-</span> 
     </span>
     <span class='ocr_line' id='line_1_42' title="bbox 1983 2257 3479 2343; baseline 0.001 -23"><span class='ocrx_word' id='word_1_239' title='bbox 1983 2257 2173 2320; x_wconf 87' lang='lat' dir='ltr'>vinus</span> <span class='ocrx_word' id='word_1_240' title='bbox 2230 2259 2571 2343; x_wconf 82' lang='lat' dir='ltr'>Dionysius</span> <span class='ocrx_word' id='word_1_241' title='bbox 2630 2259 2931 2342; x_wconf 90' lang='lat' dir='ltr'>loquitur.</span> <span class='ocrx_word' id='word_1_242' title='bbox 2982 2259 3075 2322; x_wconf 87' lang='lat' dir='ltr'>Ad</span> <span class='ocrx_word' id='word_1_243' title='bbox 3133 2259 3479 2322; x_wconf 89' lang='lat' dir='ltr'>videndum</span> 
     </span>
     <span class='ocr_line' id='line_1_43' title="bbox 1984 2357 3483 2439; baseline 0.001 -21"><span class='ocrx_word' id='word_1_244' title='bbox 1984 2357 2246 2418; x_wconf 90' lang='lat' dir='ltr'>demum</span> <span class='ocrx_word' id='word_1_245' title='bbox 2290 2376 2431 2439; x_wconf 85' lang='lat' dir='ltr'>quae</span> <span class='ocrx_word' id='word_1_246' title='bbox 2475 2357 2557 2419; x_wconf 90' lang='lat' dir='ltr'>sit</span> <span class='ocrx_word' id='word_1_247' title='bbox 2602 2358 2957 2439; x_wconf 90' lang='lat' dir='ltr'>proprietas</span> <span class='ocrx_word' id='word_1_248' title='bbox 3000 2357 3345 2439; x_wconf 90' lang='lat' dir='ltr'>cujuslibet</span> <span class='ocrx_word' id='word_1_249' title='bbox 3388 2375 3483 2420; x_wconf 92' lang='lat' dir='ltr'>or-</span> 
     </span>
     <span class='ocr_line' id='line_1_44' title="bbox 1983 2454 3481 2538; baseline 0.002 -22"><span class='ocrx_word' id='word_1_250' title='bbox 1983 2454 2175 2530; x_wconf 87' lang='lat' dir='ltr'>dinis,</span> <span class='ocrx_word' id='word_1_251' title='bbox 2229 2462 2479 2537; x_wconf 85' lang='lat' dir='ltr'>oportet</span> <span class='ocrx_word' id='word_1_252' title='bbox 2532 2455 2882 2530; x_wconf 88' lang='lat' dir='ltr'>advertere,</span> <span class='ocrx_word' id='word_1_253' title='bbox 2939 2457 3107 2538; x_wconf 92' lang='lat' dir='ltr'>quod</span> <span class='ocrx_word' id='word_1_254' title='bbox 3168 2457 3233 2518; x_wconf 89' lang='lat' dir='ltr'>in</span> <span class='ocrx_word' id='word_1_255' title='bbox 3291 2455 3481 2519; x_wconf 89' lang='lat' dir='ltr'>rebus</span> 
     </span>
     <span class='ocr_line' id='line_1_45' title="bbox 1984 2553 3485 2637; baseline 0.001 -22"><span class='ocrx_word' id='word_1_256' title='bbox 1984 2553 2291 2616; x_wconf 90' lang='lat' dir='ltr'>ordinatis</span> <span class='ocrx_word' id='word_1_257' title='bbox 2320 2554 2563 2636; x_wconf 86' lang='lat' dir='ltr'>aliquid</span> <span class='ocrx_word' id='word_1_258' title='bbox 2594 2561 2801 2636; x_wconf 91' lang='lat' dir='ltr'>potest</span> <span class='ocrx_word' id='word_1_259' title='bbox 2830 2555 3169 2636; x_wconf 87' lang='lat' dir='ltr'>tripliciter</span> <span class='ocrx_word' id='word_1_260' title='bbox 3195 2574 3351 2630; x_wconf 89' lang='lat' dir='ltr'>esse,</span> <span class='ocrx_word' id='word_1_261' title='bbox 3371 2575 3485 2637; x_wconf 91' lang='lat' dir='ltr'>pu·</span> 
     </span>
     <span class='ocr_line' id='line_1_46' title="bbox 1986 2652 3483 2736; baseline 0 -21"><span class='ocrx_word' id='word_1_262' title='bbox 1986 2660 2068 2726; x_wconf 87' lang='lat' dir='ltr'>ta,</span> <span class='ocrx_word' id='word_1_263' title='bbox 2130 2670 2245 2734; x_wconf 91' lang='lat' dir='ltr'>per</span> <span class='ocrx_word' id='word_1_264' title='bbox 2300 2652 2775 2734; x_wconf 88' lang='lat' dir='ltr'>proprietatem,</span> <span class='ocrx_word' id='word_1_265' title='bbox 2838 2672 2953 2736; x_wconf 92' lang='lat' dir='ltr'>per</span> <span class='ocrx_word' id='word_1_266' title='bbox 3009 2671 3364 2728; x_wconf 86' lang='lat' dir='ltr'>excessum,</span> <span class='ocrx_word' id='word_1_267' title='bbox 3420 2661 3483 2715; x_wconf 91' lang='lat' dir='ltr'>et</span> 
     </span>
     <span class='ocr_line' id='line_1_47' title="bbox 1986 2751 3484 2834; baseline 0 -21"><span class='ocrx_word' id='word_1_268' title='bbox 1986 2769 2100 2832; x_wconf 90' lang='lat' dir='ltr'>per</span> <span class='ocrx_word' id='word_1_269' title='bbox 2137 2751 2709 2832; x_wconf 90' lang='lat' dir='ltr'>participationem.</span> <span class='ocrx_word' id='word_1_270' title='bbox 2743 2751 2858 2814; x_wconf 89' lang='lat' dir='ltr'>Per</span> <span class='ocrx_word' id='word_1_271' title='bbox 2897 2752 3347 2834; x_wconf 88' lang='lat' dir='ltr'>proprietatem</span> <span class='ocrx_word' id='word_1_272' title='bbox 3387 2759 3484 2813; x_wconf 94' lang='lat' dir='ltr'>est</span> 
     </span>
     <span class='ocr_line' id='line_1_48' title="bbox 1985 2848 3485 2932; baseline 0.001 -23"><span class='ocrx_word' id='word_1_273' title='bbox 1985 2848 2229 2929; x_wconf 89' lang='lat' dir='ltr'>aliquid</span> <span class='ocrx_word' id='word_1_274' title='bbox 2274 2849 2340 2910; x_wconf 88' lang='lat' dir='ltr'>in</span> <span class='ocrx_word' id='word_1_275' title='bbox 2384 2867 2473 2922; x_wconf 88' lang='lat' dir='ltr'>re,</span> <span class='ocrx_word' id='word_1_276' title='bbox 2507 2849 2677 2931; x_wconf 91' lang='lat' dir='ltr'>quod</span> <span class='ocrx_word' id='word_1_277' title='bbox 2718 2848 3085 2931; x_wconf 85' lang='lat' dir='ltr'>adaequatur</span> <span class='ocrx_word' id='word_1_278' title='bbox 3120 2857 3185 2912; x_wconf 88' lang='lat' dir='ltr'>et</span> <span class='ocrx_word' id='word_1_279' title='bbox 3226 2867 3485 2932; x_wconf 90' lang='lat' dir='ltr'>propor-</span> 
     </span>
     <span class='ocr_line' id='line_1_49' title="bbox 1987 2932 3485 3030; baseline 0.001 -22"><span class='ocrx_word' id='word_1_280' title='bbox 1987 2947 2266 3009; x_wconf 91' lang='lat' dir='ltr'>tionatur</span> <span class='ocrx_word' id='word_1_281' title='bbox 2293 2932 2533 3010; x_wconf 75' lang='lat' dir='ltr'>naturae</span> <span class='ocrx_word' id='word_1_282' title='bbox 2564 2947 2797 3030; x_wconf 87' lang='lat' dir='ltr'>ipsius;</span> <span class='ocrx_word' id='word_1_283' title='bbox 2820 2967 2935 3030; x_wconf 89' lang='lat' dir='ltr'>per</span> <span class='ocrx_word' id='word_1_284' title='bbox 2961 2949 3485 3022; x_wconf 87' lang='lat' dir='ltr'>excessum,dum</span> 
     </span>
    </p>
   </div>
   <div class='ocr_carea' id='block_1_10' title="bbox 381 3044 3481 3129">
    <p class='ocr_par' dir='ltr' id='par_1_11' title="bbox 381 3044 3481 3129">
     <span class='ocr_line' id='line_1_50' title="bbox 381 3044 3481 3129; baseline 0.001 -23"><span class='ocrx_word' id='word_1_285' title='bbox 381 3051 509 3106; x_wconf 90' lang='lat' dir='ltr'>tem</span> <span class='ocrx_word' id='word_1_286' title='bbox 558 3044 853 3106; x_wconf 90' lang='lat' dir='ltr'>nuntiare</span> <span class='ocrx_word' id='word_1_287' title='bbox 903 3045 1150 3108; x_wconf 90' lang='lat' dir='ltr'>dicatur</span> <span class='ocrx_word' id='word_1_288' title='bbox 1195 3047 1548 3114; x_wconf 89' lang='lat' dir='ltr'>secundum</span> <span class='ocrx_word' id='word_1_289' title='bbox 1599 3047 1877 3110; x_wconf 86' lang='lat' dir='ltr'>exterius</span> <span class='ocrx_word' id='word_1_290' title='bbox 1914 3051 1957 3115; x_wconf 90' lang='lat' dir='ltr'><strong>G</strong></span> <span class='ocrx_word' id='word_1_291' title='bbox 1987 3045 2158 3127; x_wconf 91' lang='lat' dir='ltr'>quod</span> <span class='ocrx_word' id='word_1_292' title='bbox 2206 3045 2576 3108; x_wconf 90' lang='lat' dir='ltr'>attribuitur</span> <span class='ocrx_word' id='word_1_293' title='bbox 2632 3046 2722 3108; x_wconf 92' lang='lat' dir='ltr'>rei</span> <span class='ocrx_word' id='word_1_294' title='bbox 2770 3055 2867 3110; x_wconf 91' lang='lat' dir='ltr'>est</span> <span class='ocrx_word' id='word_1_295' title='bbox 2915 3047 3128 3110; x_wconf 89' lang='lat' dir='ltr'>minus</span> <span class='ocrx_word' id='word_1_296' title='bbox 3176 3066 3366 3129; x_wconf 89' lang='lat' dir='ltr'>quam</span> <span class='ocrx_word' id='word_1_297' title='bbox 3418 3047 3481 3109; x_wconf 93' lang='lat' dir='ltr'>id</span> 
     </span>
    </p>
   </div>
   <div class='ocr_carea' id='block_1_11' title="bbox 376 3142 1882 4207">
    <p class='ocr_par' dir='ltr' id='par_1_12' title="bbox 376 3142 1882 4207">
     <span class='ocr_line' id='line_1_51' title="bbox 381 3142 1877 3226; baseline 0.003 -22"><span class='ocrx_word' id='word_1_298' title='bbox 381 3142 810 3205; x_wconf 90' lang='lat' dir='ltr'>ministerium</span> <span class='ocrx_word' id='word_1_299' title='bbox 869 3143 1039 3224; x_wconf 89' lang='lat' dir='ltr'>quod</span> <span class='ocrx_word' id='word_1_300' title='bbox 1097 3153 1414 3218; x_wconf 85' lang='lat' dir='ltr'>exercent,</span> <span class='ocrx_word' id='word_1_301' title='bbox 1467 3144 1558 3206; x_wconf 91' lang='lat' dir='ltr'>sic</span> <span class='ocrx_word' id='word_1_302' title='bbox 1614 3146 1877 3226; x_wconf 83' lang='lat' dir='ltr'>angelus</span> 
     </span>
     <span class='ocr_line' id='line_1_52' title="bbox 379 3240 1876 3316; baseline 0.002 -14"><span class='ocrx_word' id='word_1_303' title='bbox 379 3248 476 3302; x_wconf 90' lang='lat' dir='ltr'>est</span> <span class='ocrx_word' id='word_1_304' title='bbox 517 3258 754 3302; x_wconf 88' lang='lat' dir='ltr'>nomen</span> <span class='ocrx_word' id='word_1_305' title='bbox 795 3240 1024 3315; x_wconf 84' lang='lat' dir='ltr'>officii,</span> <span class='ocrx_word' id='word_1_306' title='bbox 1058 3259 1186 3304; x_wconf 92' lang='lat' dir='ltr'>non</span> <span class='ocrx_word' id='word_1_307' title='bbox 1229 3249 1491 3316; x_wconf 67' lang='lat' dir='ltr'>naturae,</span> <span class='ocrx_word' id='word_1_308' title='bbox 1524 3244 1876 3305; x_wconf 90' lang='lat' dir='ltr'>secundum</span> 
     </span>
     <span class='ocr_line' id='line_1_53' title="bbox 381 3338 1879 3423; baseline 0.001 -21"><span class='ocrx_word' id='word_1_309' title='bbox 381 3338 1131 3418; x_wconf 86' lang='lat' dir='ltr'>Gregorium.—Nomen</span> <span class='ocrx_word' id='word_1_310' title='bbox 1163 3357 1419 3422; x_wconf 89' lang='lat' dir='ltr'>quoque</span> <span class='ocrx_word' id='word_1_311' title='bbox 1449 3341 1705 3403; x_wconf 89' lang='lat' dir='ltr'>virtutis</span> <span class='ocrx_word' id='word_1_312' title='bbox 1737 3358 1879 3423; x_wconf 92' lang='lat' dir='ltr'>pro-</span> 
     </span>
     <span class='ocr_line' id='line_1_54' title="bbox 381 3439 1878 3502; baseline 0.003 -5"><span class='ocrx_word' id='word_1_313' title='bbox 381 3445 452 3498; x_wconf 90' lang='lat' dir='ltr'>ut</span> <span class='ocrx_word' id='word_1_314' title='bbox 497 3445 597 3500; x_wconf 89' lang='lat' dir='ltr'>est</span> <span class='ocrx_word' id='word_1_315' title='bbox 643 3455 876 3500; x_wconf 89' lang='lat' dir='ltr'>nomen</span> <span class='ocrx_word' id='word_1_316' title='bbox 936 3456 1278 3500; x_wconf 85' lang='lat' dir='ltr'>commune</span> <span class='ocrx_word' id='word_1_317' title='bbox 1337 3439 1585 3500; x_wconf 89' lang='lat' dir='ltr'>cunctis</span> <span class='ocrx_word' id='word_1_318' title='bbox 1643 3439 1878 3502; x_wconf 89' lang='lat' dir='ltr'>ordini-</span> 
     </span>
     <span class='ocr_line' id='line_1_55' title="bbox 381 3535 1880 3619; baseline 0.002 -22"><span class='ocrx_word' id='word_1_319' title='bbox 381 3535 518 3609; x_wconf 80' lang='lat' dir='ltr'>buS,</span> <span class='ocrx_word' id='word_1_320' title='bbox 561 3535 720 3599; x_wconf 92' lang='lat' dir='ltr'>dicit</span> <span class='ocrx_word' id='word_1_321' title='bbox 755 3537 887 3598; x_wconf 90' lang='lat' dir='ltr'>vim</span> <span class='ocrx_word' id='word_1_322' title='bbox 933 3555 1046 3598; x_wconf 87' lang='lat' dir='ltr'>seu</span> <span class='ocrx_word' id='word_1_323' title='bbox 1088 3536 1447 3599; x_wconf 80' lang='lat' dir='ltr'>efficaciam</span> <span class='ocrx_word' id='word_1_324' title='bbox 1493 3555 1880 3619; x_wconf 89' lang='lat' dir='ltr'>consequen·</span> 
     </span>
     <span class='ocr_line' id='line_1_56' title="bbox 383 3634 1880 3717; baseline 0.002 -22"><span class='ocrx_word' id='word_1_325' title='bbox 383 3642 508 3696; x_wconf 91' lang='lat' dir='ltr'>tem</span> <span class='ocrx_word' id='word_1_326' title='bbox 539 3641 843 3696; x_wconf 86' lang='lat' dir='ltr'>naturam.</span> <span class='ocrx_word' id='word_1_327' title='bbox 857 3634 1177 3708; x_wconf 90' lang='lat' dir='ltr'>Quomodo</span> <span class='ocrx_word' id='word_1_328' title='bbox 1203 3641 1410 3696; x_wconf 88' lang='lat' dir='ltr'>autem</span> <span class='ocrx_word' id='word_1_329' title='bbox 1442 3635 1525 3696; x_wconf 92' lang='lat' dir='ltr'>sit</span> <span class='ocrx_word' id='word_1_330' title='bbox 1554 3636 1880 3717; x_wconf 90' lang='lat' dir='ltr'>proprium</span> 
     </span>
     <span class='ocr_line' id='line_1_57' title="bbox 382 3733 1881 3815; baseline 0.001 -21"><span class='ocrx_word' id='word_1_331' title='bbox 382 3750 616 3795; x_wconf 90' lang='lat' dir='ltr'>nomen</span> <span class='ocrx_word' id='word_1_332' title='bbox 647 3733 889 3796; x_wconf 91' lang='lat' dir='ltr'>ordinis</span> <span class='ocrx_word' id='word_1_333' title='bbox 919 3733 1237 3815; x_wconf 84' lang='lat' dir='ltr'>specialiS‚</span> <span class='ocrx_word' id='word_1_334' title='bbox 1260 3752 1632 3815; x_wconf 88' lang='lat' dir='ltr'>expressum</span> <span class='ocrx_word' id='word_1_335' title='bbox 1663 3742 1776 3797; x_wconf 91' lang='lat' dir='ltr'>est.</span> <span class='ocrx_word' id='word_1_336' title='bbox 1799 3769 1881 3780; x_wconf 94' lang='lat'>—</span> 
     </span>
     <span class='ocr_line' id='line_1_58' title="bbox 381 3831 1882 3913; baseline 0.001 -19"><span class='ocrx_word' id='word_1_337' title='bbox 381 3831 503 3894; x_wconf 91' lang='lat' dir='ltr'>Sed</span> <span class='ocrx_word' id='word_1_338' title='bbox 548 3839 610 3893; x_wconf 92' lang='lat' dir='ltr'>et</span> <span class='ocrx_word' id='word_1_339' title='bbox 653 3831 984 3913; x_wconf 84' lang='lat' dir='ltr'>Seraphim</span> <span class='ocrx_word' id='word_1_340' title='bbox 1029 3849 1156 3894; x_wconf 90' lang='lat' dir='ltr'>non</span> <span class='ocrx_word' id='word_1_341' title='bbox 1199 3832 1501 3898; x_wconf 86' lang='lat' dir='ltr'>dicuntur</span> <span class='ocrx_word' id='word_1_342' title='bbox 1543 3831 1882 3895; x_wconf 89' lang='lat' dir='ltr'>incenden-</span> 
     </span>
     <span class='ocr_line' id='line_1_59' title="bbox 378 3929 1876 4011; baseline 0.002 -21"><span class='ocrx_word' id='word_1_343' title='bbox 378 3937 474 3991; x_wconf 88' lang='lat' dir='ltr'>tes</span> <span class='ocrx_word' id='word_1_344' title='bbox 503 3929 688 4011; x_wconf 89' lang='lat' dir='ltr'>quasi</span> <span class='ocrx_word' id='word_1_345' title='bbox 729 3929 1006 3991; x_wconf 83' lang='lat' dir='ltr'>influant</span> <span class='ocrx_word' id='word_1_346' title='bbox 1041 3930 1278 3992; x_wconf 90' lang='lat' dir='ltr'>directe</span> <span class='ocrx_word' id='word_1_347' title='bbox 1310 3929 1375 3991; x_wconf 91' lang='lat' dir='ltr'>in</span> <span class='ocrx_word' id='word_1_348' title='bbox 1407 3929 1548 3992; x_wconf 91' lang='lat' dir='ltr'>aliis</span> <span class='ocrx_word' id='word_1_349' title='bbox 1587 3929 1876 3993; x_wconf 87' lang='lat' dir='ltr'>habitum</span> 
     </span>
     <span class='ocr_line' id='line_1_60' title="bbox 377 4026 1880 4111; baseline 0.002 -23"><span class='ocrx_word' id='word_1_350' title='bbox 377 4026 681 4102; x_wconf 89' lang='lat' dir='ltr'>caritatis,</span> <span class='ocrx_word' id='word_1_351' title='bbox 723 4028 833 4089; x_wconf 91' lang='lat' dir='ltr'>sed</span> <span class='ocrx_word' id='word_1_352' title='bbox 878 4026 1031 4109; x_wconf 91' lang='lat' dir='ltr'>quia</span> <span class='ocrx_word' id='word_1_353' title='bbox 1079 4027 1444 4089; x_wconf 91' lang='lat' dir='ltr'>illuminant</span> <span class='ocrx_word' id='word_1_354' title='bbox 1484 4028 1562 4089; x_wconf 91' lang='lat' dir='ltr'>de</span> <span class='ocrx_word' id='word_1_355' title='bbox 1600 4028 1700 4090; x_wconf 89' lang='lat' dir='ltr'>his</span> <span class='ocrx_word' id='word_1_356' title='bbox 1738 4048 1880 4111; x_wconf 86' lang='lat' dir='ltr'>quae</span> 
     </span>
     <span class='ocr_line' id='line_1_61' title="bbox 376 4125 1493 4207; baseline 0.001 -20"><span class='ocrx_word' id='word_1_357' title='bbox 376 4125 452 4187; x_wconf 91' lang='lat' dir='ltr'>ad</span> <span class='ocrx_word' id='word_1_358' title='bbox 500 4125 780 4188; x_wconf 87' lang='lat' dir='ltr'>caritatis</span> <span class='ocrx_word' id='word_1_359' title='bbox 825 4133 1114 4207; x_wconf 89' lang='lat' dir='ltr'>spectant</span> <span class='ocrx_word' id='word_1_360' title='bbox 1155 4125 1493 4188; x_wconf 90' lang='lat' dir='ltr'>fervorem.</span> 
     </span>
    </p>
   </div>
   <div class='ocr_carea' id='block_1_12' title="bbox 1987 3141 3487 4208">
    <p class='ocr_par' dir='ltr' id='par_1_13' title="bbox 1987 3141 3487 4208">
     <span class='ocr_line' id='line_1_62' title="bbox 1989 3141 3485 3227; baseline 0.002 -23"><span class='ocrx_word' id='word_1_361' title='bbox 1989 3143 2091 3205; x_wconf 90' lang='lat' dir='ltr'>cui</span> <span class='ocrx_word' id='word_1_362' title='bbox 2125 3143 2516 3218; x_wconf 86' lang='lat' dir='ltr'>attribuitur,</span> <span class='ocrx_word' id='word_1_363' title='bbox 2550 3152 2829 3207; x_wconf 89' lang='lat' dir='ltr'>attamen</span> <span class='ocrx_word' id='word_1_364' title='bbox 2868 3141 3252 3207; x_wconf 89' lang='lat' dir='ltr'>adscribitu‘r</span> <span class='ocrx_word' id='word_1_365' title='bbox 3279 3145 3338 3207; x_wconf 91' lang='lat' dir='ltr'>ei</span> <span class='ocrx_word' id='word_1_366' title='bbox 3370 3165 3485 3227; x_wconf 91' lang='lat' dir='ltr'>per</span> 
     </span>
     <span class='ocr_line' id='line_1_63' title="bbox 1987 3243 3483 3315; baseline 0.003 -14"><span class='ocrx_word' id='word_1_367' title='bbox 1987 3259 2344 3315; x_wconf 89' lang='lat' dir='ltr'>excessum,</span> <span class='ocrx_word' id='word_1_368' title='bbox 2392 3249 2463 3303; x_wconf 92' lang='lat' dir='ltr'>ut</span> <span class='ocrx_word' id='word_1_369' title='bbox 2511 3243 2753 3305; x_wconf 91' lang='lat' dir='ltr'>dictum</span> <span class='ocrx_word' id='word_1_370' title='bbox 2804 3251 2899 3305; x_wconf 91' lang='lat' dir='ltr'>est</span> <span class='ocrx_word' id='word_1_371' title='bbox 2946 3243 3025 3304; x_wconf 93' lang='lat' dir='ltr'>de</span> <span class='ocrx_word' id='word_1_372' title='bbox 3074 3243 3324 3305; x_wconf 89' lang='lat' dir='ltr'>cunctis</span> <span class='ocrx_word' id='word_1_373' title='bbox 3372 3261 3483 3306; x_wconf 90' lang='lat' dir='ltr'>no-</span> 
     </span>
     <span class='ocr_line' id='line_1_64' title="bbox 1989 3339 3487 3424; baseline 0.003 -24"><span class='ocrx_word' id='word_1_374' title='bbox 1989 3339 2273 3401; x_wconf 89' lang='lat' dir='ltr'>minibus</span> <span class='ocrx_word' id='word_1_375' title='bbox 2320 3359 2463 3422; x_wconf 81' lang='lat' dir='ltr'>quae</span> <span class='ocrx_word' id='word_1_376' title='bbox 2505 3342 2633 3403; x_wconf 92' lang='lat' dir='ltr'>Deo</span> <span class='ocrx_word' id='word_1_377' title='bbox 2674 3341 3145 3419; x_wconf 85' lang='lat' dir='ltr'>attribuuntur3</span> <span class='ocrx_word' id='word_1_378' title='bbox 3186 3361 3300 3424; x_wconf 93' lang='lat' dir='ltr'>per</span> <span class='ocrx_word' id='word_1_379' title='bbox 3348 3361 3487 3424; x_wconf 88' lang='lat' dir='ltr'>par-</span> 
     </span>
     <span class='ocr_line' id='line_1_65' title="bbox 1987 3437 3483 3522; baseline 0.002 -24"><span class='ocrx_word' id='word_1_380' title='bbox 1987 3437 2425 3519; x_wconf 90' lang='lat' dir='ltr'>ticipationem</span> <span class='ocrx_word' id='word_1_381' title='bbox 2473 3447 2709 3514; x_wconf 91' lang='lat' dir='ltr'>autem,</span> <span class='ocrx_word' id='word_1_382' title='bbox 2751 3440 2909 3501; x_wconf 91' lang='lat' dir='ltr'>dum</span> <span class='ocrx_word' id='word_1_383' title='bbox 2957 3439 3020 3503; x_wconf 90' lang='lat' dir='ltr'>id</span> <span class='ocrx_word' id='word_1_384' title='bbox 3074 3439 3243 3522; x_wconf 90' lang='lat' dir='ltr'>quod</span> <span class='ocrx_word' id='word_1_385' title='bbox 3290 3440 3483 3503; x_wconf 91' lang='lat' dir='ltr'>alicui</span> 
     </span>
     <span class='ocr_line' id='line_1_66' title="bbox 1987 3535 3484 3619; baseline 0.003 -23"><span class='ocrx_word' id='word_1_386' title='bbox 1987 3535 2380 3610; x_wconf 88' lang='lat' dir='ltr'>attribuitur,</span> <span class='ocrx_word' id='word_1_387' title='bbox 2415 3554 2542 3599; x_wconf 92' lang='lat' dir='ltr'>non</span> <span class='ocrx_word' id='word_1_388' title='bbox 2573 3537 2760 3619; x_wconf 90' lang='lat' dir='ltr'>plene</span> <span class='ocrx_word' id='word_1_389' title='bbox 2792 3536 2857 3598; x_wconf 89' lang='lat' dir='ltr'>in</span> <span class='ocrx_word' id='word_1_390' title='bbox 2888 3555 2965 3600; x_wconf 92' lang='lat' dir='ltr'>eo</span> <span class='ocrx_word' id='word_1_391' title='bbox 2994 3537 3339 3612; x_wconf 87' lang='lat' dir='ltr'>invenitur,</span> <span class='ocrx_word' id='word_1_392' title='bbox 3374 3538 3484 3600; x_wconf 90' lang='lat' dir='ltr'>sed</span> 
     </span>
     <span class='ocr_line' id='line_1_67' title="bbox 1988 3633 3484 3700; baseline 0.003 -6"><span class='ocrx_word' id='word_1_393' title='bbox 1988 3633 2365 3696; x_wconf 84' lang='lat' dir='ltr'>deficienter</span> <span class='ocrx_word' id='word_1_394' title='bbox 2409 3654 2423 3700; x_wconf 73' lang='grc' dir='ltr'><strong><em>ε</em></strong></span> <span class='ocrx_word' id='word_1_395' title='bbox 2467 3635 2631 3697; x_wconf 90' lang='lat' dir='ltr'>sicut</span> <span class='ocrx_word' id='word_1_396' title='bbox 2675 3635 2967 3698; x_wconf 90' lang='lat' dir='ltr'>homines</span> <span class='ocrx_word' id='word_1_397' title='bbox 3012 3635 3215 3697; x_wconf 89' lang='lat' dir='ltr'>sancti</span> <span class='ocrx_word' id='word_1_398' title='bbox 3263 3636 3484 3698; x_wconf 89' lang='lat' dir='ltr'>dicun·</span> 
     </span>
     <span class='ocr_line' id='line_1_68' title="bbox 1987 3731 3487 3814; baseline 0.003 -22"><span class='ocrx_word' id='word_1_399' title='bbox 1987 3740 2094 3792; x_wconf 92' lang='lat' dir='ltr'>tur</span> <span class='ocrx_word' id='word_1_400' title='bbox 2130 3731 2240 3794; x_wconf 90' lang='lat' dir='ltr'>dii.</span> <span class='ocrx_word' id='word_1_401' title='bbox 2276 3733 2340 3795; x_wconf 91' lang='lat' dir='ltr'>Si</span> <span class='ocrx_word' id='word_1_402' title='bbox 2380 3751 2529 3814; x_wconf 88' lang='lat' dir='ltr'>ergo</span> <span class='ocrx_word' id='word_1_403' title='bbox 2567 3732 2720 3814; x_wconf 90' lang='lat' dir='ltr'>quid</span> <span class='ocrx_word' id='word_1_404' title='bbox 2759 3732 2985 3796; x_wconf 89' lang='lat' dir='ltr'>debeat</span> <span class='ocrx_word' id='word_1_405' title='bbox 3024 3733 3340 3796; x_wconf 91' lang='lat' dir='ltr'>nominari</span> <span class='ocrx_word' id='word_1_406' title='bbox 3380 3751 3487 3797; x_wconf 92' lang='lat' dir='ltr'>no-</span> 
     </span>
     <span class='ocr_line' id='line_1_69' title="bbox 1991 3829 3484 3913; baseline 0.003 -23"><span class='ocrx_word' id='word_1_407' title='bbox 1991 3829 2162 3891; x_wconf 88' lang='lat' dir='ltr'>mine</span> <span class='ocrx_word' id='word_1_408' title='bbox 2193 3830 2563 3911; x_wconf 83' lang='lat' dir='ltr'>designante</span> <span class='ocrx_word' id='word_1_409' title='bbox 2604 3830 3053 3912; x_wconf 90' lang='lat' dir='ltr'>proprietatem</span> <span class='ocrx_word' id='word_1_410' title='bbox 3096 3831 3322 3913; x_wconf 81' lang='lat' dir='ltr'>ipsiuS,</span> <span class='ocrx_word' id='word_1_411' title='bbox 3356 3849 3484 3894; x_wconf 91' lang='lat' dir='ltr'>non</span> 
     </span>
     <span class='ocr_line' id='line_1_70' title="bbox 1989 3926 3485 4011; baseline 0.003 -23"><span class='ocrx_word' id='word_1_412' title='bbox 1989 3926 2180 3988; x_wconf 90' lang='lat' dir='ltr'>debet</span> <span class='ocrx_word' id='word_1_413' title='bbox 2238 3927 2553 3990; x_wconf 89' lang='lat' dir='ltr'>nominari</span> <span class='ocrx_word' id='word_1_414' title='bbox 2610 3928 2689 3990; x_wconf 87' lang='lat' dir='ltr'>ab</span> <span class='ocrx_word' id='word_1_415' title='bbox 2747 3945 2824 3990; x_wconf 94' lang='lat' dir='ltr'>eo</span> <span class='ocrx_word' id='word_1_416' title='bbox 2882 3930 3051 4010; x_wconf 92' lang='lat' dir='ltr'>quod</span> <span class='ocrx_word' id='word_1_417' title='bbox 3111 3929 3485 4011; x_wconf 84' lang='lat' dir='ltr'>imperfecte</span> 
     </span>
     <span class='ocr_line' id='line_1_71' title="bbox 1991 4026 3487 4109; baseline 0.001 -21"><span class='ocrx_word' id='word_1_418' title='bbox 1991 4026 2349 4107; x_wconf 88' lang='lat' dir='ltr'>participat,</span> <span class='ocrx_word' id='word_1_419' title='bbox 2393 4045 2599 4108; x_wconf 90' lang='lat' dir='ltr'>neque</span> <span class='ocrx_word' id='word_1_420' title='bbox 2647 4027 2727 4088; x_wconf 87' lang='lat' dir='ltr'>ab</span> <span class='ocrx_word' id='word_1_421' title='bbox 2771 4045 2846 4090; x_wconf 92' lang='lat' dir='ltr'>eo</span> <span class='ocrx_word' id='word_1_422' title='bbox 2893 4027 3063 4109; x_wconf 92' lang='lat' dir='ltr'>quod</span> <span class='ocrx_word' id='word_1_423' title='bbox 3108 4027 3487 4090; x_wconf 87' lang='lat' dir='ltr'>excedente&#39;r</span> 
     </span>
     <span class='ocr_line' id='line_1_72' title="bbox 1989 4124 3481 4208; baseline 0.003 -22"><span class='ocrx_word' id='word_1_424' title='bbox 1989 4124 2327 4200; x_wconf 87' lang='lat' dir='ltr'>habet,sed</span> <span class='ocrx_word' id='word_1_425' title='bbox 2359 4125 2437 4187; x_wconf 91' lang='lat' dir='ltr'>ab</span> <span class='ocrx_word' id='word_1_426' title='bbox 2468 4143 2543 4187; x_wconf 92' lang='lat' dir='ltr'>eo</span> <span class='ocrx_word' id='word_1_427' title='bbox 2573 4126 2743 4207; x_wconf 91' lang='lat' dir='ltr'>quod</span> <span class='ocrx_word' id='word_1_428' title='bbox 2774 4125 2897 4188; x_wconf 92' lang='lat' dir='ltr'>sibi</span> <span class='ocrx_word' id='word_1_429' title='bbox 2928 4134 3025 4189; x_wconf 89' lang='lat' dir='ltr'>est</span> <span class='ocrx_word' id='word_1_430' title='bbox 3054 4134 3481 4208; x_wconf 82' lang='lat' dir='ltr'>coaequatum:</span> 
     </span>
    </p>
   </div>
   <div class='ocr_carea' id='block_1_13' title="bbox 456 4222 3484 4307">
    <p class='ocr_par' dir='ltr' id='par_1_14' title="bbox 456 4222 3484 4307">
     <span class='ocr_line' id='line_1_73' title="bbox 456 4222 3484 4307; baseline 0.002 -24"><span class='ocrx_word' id='word_1_431' title='bbox 456 4222 762 4284; x_wconf 82' lang='lat' dir='ltr'>Praeterea</span> <span class='ocrx_word' id='word_1_432' title='bbox 818 4223 1078 4285; x_wconf 88' lang='lat' dir='ltr'>nomina</span> <span class='ocrx_word' id='word_1_433' title='bbox 1124 4224 1421 4286; x_wconf 89' lang='lat' dir='ltr'>ordinum</span> <span class='ocrx_word' id='word_1_434' title='bbox 1475 4225 1877 4307; x_wconf 90' lang='lat' dir='ltr'>superiorum</span> <span class='ocrx_word' id='word_1_435' title='bbox 1909 4235 1958 4296; x_wconf 89' lang='lat' dir='ltr'>D</span> <span class='ocrx_word' id='word_1_436' title='bbox 1989 4222 2165 4285; x_wconf 87' lang='lat' dir='ltr'>velut</span> <span class='ocrx_word' id='word_1_437' title='bbox 2212 4222 2263 4285; x_wconf 90' lang='lat' dir='ltr'>si</span> <span class='ocrx_word' id='word_1_438' title='bbox 2310 4222 2455 4304; x_wconf 91' lang='lat' dir='ltr'>quis</span> <span class='ocrx_word' id='word_1_439' title='bbox 2499 4223 2653 4285; x_wconf 86' lang='lat' dir='ltr'>velit</span> <span class='ocrx_word' id='word_1_440' title='bbox 2699 4223 3025 4286; x_wconf 91' lang='lat' dir='ltr'>hominem</span> <span class='ocrx_word' id='word_1_441' title='bbox 3076 4225 3332 4306; x_wconf 91' lang='lat' dir='ltr'>proprie</span> <span class='ocrx_word' id='word_1_442' title='bbox 3376 4244 3484 4288; x_wconf 90' lang='lat' dir='ltr'>no-</span> 
     </span>
    </p>
   </div>
   <div class='ocr_carea' id='block_1_14' title="bbox 375 4321 1906 5392">
    <p class='ocr_par' dir='ltr' id='par_1_15' title="bbox 375 4321 1906 5392">
     <span class='ocr_line' id='line_1_74' title="bbox 379 4321 1906 4403; baseline 0.003 -20"><span class='ocrx_word' id='word_1_443' title='bbox 379 4340 508 4384; x_wconf 88' lang='lat' dir='ltr'>non</span> <span class='ocrx_word' id='word_1_444' title='bbox 548 4328 892 4382; x_wconf 90' lang='lat' dir='ltr'>sumuntur</span> <span class='ocrx_word' id='word_1_445' title='bbox 921 4321 1302 4403; x_wconf 89' lang='lat' dir='ltr'>simpliciter</span> <span class='ocrx_word' id='word_1_446' title='bbox 1330 4321 1410 4385; x_wconf 91' lang='lat' dir='ltr'>ab</span> <span class='ocrx_word' id='word_1_447' title='bbox 1439 4324 1686 4386; x_wconf 88' lang='lat' dir='ltr'>actibus</span> <span class='ocrx_word' id='word_1_448' title='bbox 1725 4325 1906 4387; x_wconf 87' lang='lat' dir='ltr'>frui-·</span> 
     </span>
     <span class='ocr_line' id='line_1_75' title="bbox 375 4419 1876 4504; baseline 0.003 -22"><span class='ocrx_word' id='word_1_449' title='bbox 375 4419 594 4494; x_wconf 83' lang='lat' dir='ltr'>tioniS,</span> <span class='ocrx_word' id='word_1_450' title='bbox 627 4419 738 4482; x_wconf 88' lang='lat' dir='ltr'>sed</span> <span class='ocrx_word' id='word_1_451' title='bbox 776 4419 857 4481; x_wconf 88' lang='lat' dir='ltr'>ab</span> <span class='ocrx_word' id='word_1_452' title='bbox 897 4419 1274 4483; x_wconf 87' lang='lat' dir='ltr'>excellentia</span> <span class='ocrx_word' id='word_1_453' title='bbox 1311 4423 1702 4496; x_wconf 90' lang='lat' dir='ltr'>eorumdem,</span> <span class='ocrx_word' id='word_1_454' title='bbox 1736 4443 1876 4504; x_wconf 84' lang='lat' dir='ltr'>quae</span> 
     </span>
     <span class='ocr_line' id='line_1_76' title="bbox 376 4518 1876 4603; baseline 0.002 -22"><span class='ocrx_word' id='word_1_455' title='bbox 376 4519 586 4582; x_wconf 89' lang='lat' dir='ltr'>solum</span> <span class='ocrx_word' id='word_1_456' title='bbox 629 4518 695 4580; x_wconf 91' lang='lat' dir='ltr'>in</span> <span class='ocrx_word' id='word_1_457' title='bbox 737 4518 1174 4600; x_wconf 87' lang='lat' dir='ltr'>superioribus</span> <span class='ocrx_word' id='word_1_458' title='bbox 1213 4521 1550 4601; x_wconf 90' lang='lat' dir='ltr'>reperitur,</span> <span class='ocrx_word' id='word_1_459' title='bbox 1585 4523 1876 4603; x_wconf 88' lang='lat' dir='ltr'>quamvis</span> 
     </span>
     <span class='ocr_line' id='line_1_77' title="bbox 377 4616 1873 4683; baseline 0.002 -3"><span class='ocrx_word' id='word_1_460' title='bbox 377 4617 600 4680; x_wconf 83' lang='lat' dir='ltr'>fruitio</span> <span class='ocrx_word' id='word_1_461' title='bbox 639 4617 1000 4678; x_wconf 87' lang='lat' dir='ltr'>communis</span> <span class='ocrx_word' id='word_1_462' title='bbox 1043 4617 1126 4678; x_wconf 90' lang='lat' dir='ltr'>sit</span> <span class='ocrx_word' id='word_1_463' title='bbox 1167 4616 1487 4680; x_wconf 90' lang='lat' dir='ltr'>omnibus.</span> <span class='ocrx_word' id='word_1_464' title='bbox 1523 4619 1660 4682; x_wconf 89' lang='lat' dir='ltr'>Non</span> <span class='ocrx_word' id='word_1_465' title='bbox 1703 4621 1873 4683; x_wconf 92' lang='lat' dir='ltr'>enim</span> 
     </span>
     <span class='ocr_line' id='line_1_78' title="bbox 377 4714 1872 4798; baseline 0.002 -18"><span class='ocrx_word' id='word_1_466' title='bbox 377 4715 710 4798; x_wconf 90' lang='lat' dir='ltr'>Seraphim</span> <span class='ocrx_word' id='word_1_467' title='bbox 742 4714 1045 4778; x_wconf 90' lang='lat' dir='ltr'>dicuntur</span> <span class='ocrx_word' id='word_1_468' title='bbox 1070 4723 1377 4790; x_wconf 82' lang='lat' dir='ltr'>amanteS,</span> <span class='ocrx_word' id='word_1_469' title='bbox 1401 4717 1510 4779; x_wconf 93' lang='lat' dir='ltr'>sed</span> <span class='ocrx_word' id='word_1_470' title='bbox 1540 4719 1833 4782; x_wconf 89' lang='lat' dir='ltr'>ardentes</span> <span class='ocrx_word' id='word_1_471' title='bbox 1859 4739 1872 4784; x_wconf 78' lang='lat' dir='ltr'><strong><em>z</em></strong></span> 
     </span>
     <span class='ocr_line' id='line_1_79' title="bbox 377 4815 1871 4898; baseline 0.002 -21"><span class='ocrx_word' id='word_1_472' title='bbox 377 4815 442 4877; x_wconf 90' lang='lat' dir='ltr'>in</span> <span class='ocrx_word' id='word_1_473' title='bbox 483 4832 613 4897; x_wconf 92' lang='lat' dir='ltr'>quo</span> <span class='ocrx_word' id='word_1_474' title='bbox 652 4815 1116 4877; x_wconf 90' lang='lat' dir='ltr'>consummatio</span> <span class='ocrx_word' id='word_1_475' title='bbox 1157 4816 1435 4878; x_wconf 87' lang='lat' dir='ltr'>caritatis</span> <span class='ocrx_word' id='word_1_476' title='bbox 1473 4817 1871 4898; x_wconf 88' lang='lat' dir='ltr'>exprimitur.</span> 
     </span>
     <span class='ocr_line' id='line_1_80' title="bbox 378 4912 1880 4998; baseline 0.002 -22"><span class='ocrx_word' id='word_1_477' title='bbox 378 4913 686 4990; x_wconf 82' lang='lat' dir='ltr'>Similiter</span> <span class='ocrx_word' id='word_1_478' title='bbox 715 4912 1057 4977; x_wconf 88' lang='lat' dir='ltr'>Cherubim</span> <span class='ocrx_word' id='word_1_479' title='bbox 1090 4931 1217 4976; x_wconf 91' lang='lat' dir='ltr'>non</span> <span class='ocrx_word' id='word_1_480' title='bbox 1248 4914 1549 4977; x_wconf 90' lang='lat' dir='ltr'>dicuntur</span> <span class='ocrx_word' id='word_1_481' title='bbox 1578 4916 1880 4998; x_wconf 89' lang='lat' dir='ltr'>simplici-</span> 
     </span>
     <span class='ocr_line' id='line_1_81' title="bbox 379 5011 1875 5095; baseline 0.002 -21"><span class='ocrx_word' id='word_1_482' title='bbox 379 5020 474 5074; x_wconf 88' lang='lat' dir='ltr'>ter</span> <span class='ocrx_word' id='word_1_483' title='bbox 505 5012 794 5074; x_wconf 86' lang='lat' dir='ltr'>videntes</span> <span class='ocrx_word' id='word_1_484' title='bbox 835 5011 968 5073; x_wconf 85' lang='lat' dir='ltr'>sive</span> <span class='ocrx_word' id='word_1_485' title='bbox 1000 5012 1295 5087; x_wconf 83' lang='lat' dir='ltr'>scienteS‚</span> <span class='ocrx_word' id='word_1_486' title='bbox 1330 5014 1438 5075; x_wconf 86' lang='lat' dir='ltr'>sed</span> <span class='ocrx_word' id='word_1_487' title='bbox 1472 5014 1642 5095; x_wconf 85' lang='lat' dir='ltr'>pleni</span> <span class='ocrx_word' id='word_1_488' title='bbox 1674 5016 1875 5077; x_wconf 88' lang='lat' dir='ltr'>scien-</span> 
     </span>
     <span class='ocr_line' id='line_1_82' title="bbox 380 5109 1877 5192; baseline 0.002 -20"><span class='ocrx_word' id='word_1_489' title='bbox 380 5111 505 5172; x_wconf 90' lang='lat' dir='ltr'>tia:</span> <span class='ocrx_word' id='word_1_490' title='bbox 531 5110 752 5192; x_wconf 91' lang='lat' dir='ltr'>sicque</span> <span class='ocrx_word' id='word_1_491' title='bbox 782 5109 1014 5172; x_wconf 88' lang='lat' dir='ltr'>habere</span> <span class='ocrx_word' id='word_1_492' title='bbox 1045 5111 1400 5185; x_wconf 87' lang='lat' dir='ltr'>scientiam,</span> <span class='ocrx_word' id='word_1_493' title='bbox 1420 5130 1548 5174; x_wconf 90' lang='lat' dir='ltr'>non</span> <span class='ocrx_word' id='word_1_494' title='bbox 1579 5113 1877 5175; x_wconf 91' lang='lat' dir='ltr'>omnibus</span> 
     </span>
     <span class='ocr_line' id='line_1_83' title="bbox 381 5209 1874 5291; baseline 0.001 -21"><span class='ocrx_word' id='word_1_495' title='bbox 381 5215 476 5270; x_wconf 91' lang='lat' dir='ltr'>est</span> <span class='ocrx_word' id='word_1_496' title='bbox 524 5225 886 5271; x_wconf 90' lang='lat' dir='ltr'>commune.</span> <span class='ocrx_word' id='word_1_497' title='bbox 920 5243 1001 5253; x_wconf 90' lang='lat'>——</span> <span class='ocrx_word' id='word_1_498' title='bbox 1038 5209 1166 5270; x_wconf 90' lang='lat' dir='ltr'>Hoc</span> <span class='ocrx_word' id='word_1_499' title='bbox 1216 5227 1470 5291; x_wconf 89' lang='lat' dir='ltr'>quoque</span> <span class='ocrx_word' id='word_1_500' title='bbox 1519 5209 1874 5285; x_wconf 91' lang='lat' dir='ltr'>sciendum,</span> 
     </span>
     <span class='ocr_line' id='line_1_84' title="bbox 383 5306 1876 5392; baseline 0.003 -24"><span class='ocrx_word' id='word_1_501' title='bbox 383 5308 551 5390; x_wconf 90' lang='lat' dir='ltr'>quod</span> <span class='ocrx_word' id='word_1_502' title='bbox 610 5307 871 5372; x_wconf 90' lang='lat' dir='ltr'>nomina</span> <span class='ocrx_word' id='word_1_503' title='bbox 927 5306 1048 5371; x_wconf 88' lang='lat' dir='ltr'>ista</span> <span class='ocrx_word' id='word_1_504' title='bbox 1104 5316 1292 5392; x_wconf 91' lang='lat' dir='ltr'>prout</span> <span class='ocrx_word' id='word_1_505' title='bbox 1340 5308 1763 5373; x_wconf 89' lang='lat' dir='ltr'>terminantur</span> <span class='ocrx_word' id='word_1_506' title='bbox 1809 5309 1876 5373; x_wconf 91' lang='lat' dir='ltr'>in</span> 
     </span>
    </p>
   </div>
   <div class='ocr_carea' id='block_1_15' title="bbox 1987 4321 3487 5394">
    <p class='ocr_par' dir='ltr' id='par_1_16' title="bbox 1987 4321 3487 5394">
     <span class='ocr_line' id='line_1_85' title="bbox 1989 4321 3487 4396; baseline 0.003 -14"><span class='ocrx_word' id='word_1_507' title='bbox 1989 4321 2257 4396; x_wconf 88' lang='lat' dir='ltr'>minare,</span> <span class='ocrx_word' id='word_1_508' title='bbox 2288 4321 2542 4384; x_wconf 86' lang='lat' dir='ltr'>vocabit</span> <span class='ocrx_word' id='word_1_509' title='bbox 2568 4341 2717 4384; x_wconf 90' lang='lat' dir='ltr'>eum</span> <span class='ocrx_word' id='word_1_510' title='bbox 2758 4322 3176 4386; x_wconf 87' lang='lat' dir='ltr'>substantiam</span> <span class='ocrx_word' id='word_1_511' title='bbox 3218 4325 3487 4387; x_wconf 89' lang='lat' dir='ltr'>rationa-</span> 
     </span>
     <span class='ocr_line' id='line_1_86' title="bbox 1989 4421 3484 4506; baseline 0.003 -23"><span class='ocrx_word' id='word_1_512' title='bbox 1989 4422 2138 4493; x_wconf 92' lang='lat' dir='ltr'>lem,</span> <span class='ocrx_word' id='word_1_513' title='bbox 2164 4439 2294 4484; x_wconf 90' lang='lat' dir='ltr'>non</span> <span class='ocrx_word' id='word_1_514' title='bbox 2324 4421 2742 4484; x_wconf 88' lang='lat' dir='ltr'>substantiam</span> <span class='ocrx_word' id='word_1_515' title='bbox 2774 4422 3291 4499; x_wconf 90' lang='lat' dir='ltr'>intellectualem,</span> <span class='ocrx_word' id='word_1_516' title='bbox 3316 4427 3484 4506; x_wconf 89' lang='lat' dir='ltr'>quod</span> 
     </span>
     <span class='ocr_line' id='line_1_87' title="bbox 1987 4520 3484 4605; baseline 0.002 -23"><span class='ocrx_word' id='word_1_517' title='bbox 1987 4529 2084 4582; x_wconf 91' lang='lat' dir='ltr'>est</span> <span class='ocrx_word' id='word_1_518' title='bbox 2117 4520 2444 4602; x_wconf 91' lang='lat' dir='ltr'>proprium</span> <span class='ocrx_word' id='word_1_519' title='bbox 2487 4521 2694 4601; x_wconf 88' lang='lat' dir='ltr'>angeli</span> <span class='ocrx_word' id='word_1_520' title='bbox 2736 4539 2990 4596; x_wconf 92' lang='lat' dir='ltr'>nomen,</span> <span class='ocrx_word' id='word_1_521' title='bbox 3023 4523 3174 4604; x_wconf 88' lang='lat' dir='ltr'>quia</span> <span class='ocrx_word' id='word_1_522' title='bbox 3212 4523 3484 4605; x_wconf 86' lang='lat' dir='ltr'>simplex</span> 
     </span>
     <span class='ocr_line' id='line_1_88' title="bbox 1991 4619 3487 4704; baseline 0.003 -24"><span class='ocrx_word' id='word_1_523' title='bbox 1991 4619 2413 4700; x_wconf 88' lang='lat' dir='ltr'>intelligentia</span> <span class='ocrx_word' id='word_1_524' title='bbox 2458 4619 2754 4681; x_wconf 89' lang='lat' dir='ltr'>convenit</span> <span class='ocrx_word' id='word_1_525' title='bbox 2792 4621 3015 4702; x_wconf 88' lang='lat' dir='ltr'>angelo</span> <span class='ocrx_word' id='word_1_526' title='bbox 3056 4641 3167 4703; x_wconf 88' lang='lat' dir='ltr'>per</span> <span class='ocrx_word' id='word_1_527' title='bbox 3204 4623 3487 4704; x_wconf 90' lang='lat' dir='ltr'>proprie-</span> 
     </span>
     <span class='ocr_line' id='line_1_89' title="bbox 1988 4717 3483 4803; baseline 0.004 -25"><span class='ocrx_word' id='word_1_528' title='bbox 1988 4724 2207 4791; x_wconf 90' lang='lat' dir='ltr'>tatem,</span> <span class='ocrx_word' id='word_1_529' title='bbox 2239 4717 2483 4780; x_wconf 91' lang='lat' dir='ltr'>homini</span> <span class='ocrx_word' id='word_1_530' title='bbox 2516 4736 2630 4799; x_wconf 92' lang='lat' dir='ltr'>per</span> <span class='ocrx_word' id='word_1_531' title='bbox 2661 4718 3242 4800; x_wconf 84' lang='lat' dir='ltr'>participationem3</span> <span class='ocrx_word' id='word_1_532' title='bbox 3276 4739 3483 4803; x_wconf 89' lang='lat' dir='ltr'>neque</span> 
     </span>
     <span class='ocr_line' id='line_1_90' title="bbox 1989 4815 3483 4899; baseline 0.003 -21"><span class='ocrx_word' id='word_1_533' title='bbox 1989 4815 2412 4878; x_wconf 84' lang='lat' dir='ltr'>substantiam</span> <span class='ocrx_word' id='word_1_534' title='bbox 2460 4815 2855 4890; x_wconf 89' lang='lat' dir='ltr'>sensibilem,</span> <span class='ocrx_word' id='word_1_535' title='bbox 2899 4818 3069 4899; x_wconf 89' lang='lat' dir='ltr'>quod</span> <span class='ocrx_word' id='word_1_536' title='bbox 3113 4827 3209 4880; x_wconf 89' lang='lat' dir='ltr'>est</span> <span class='ocrx_word' id='word_1_537' title='bbox 3250 4836 3483 4882; x_wconf 89' lang='lat' dir='ltr'>nomen</span> 
     </span>
     <span class='ocr_line' id='line_1_91' title="bbox 1988 4913 3485 4996; baseline 0.004 -22"><span class='ocrx_word' id='word_1_538' title='bbox 1988 4913 2160 4975; x_wconf 91' lang='lat' dir='ltr'>bruti</span> <span class='ocrx_word' id='word_1_539' title='bbox 2219 4915 2575 4996; x_wconf 91' lang='lat' dir='ltr'>proprium,</span> <span class='ocrx_word' id='word_1_540' title='bbox 2626 4915 2777 4996; x_wconf 88' lang='lat' dir='ltr'>quia</span> <span class='ocrx_word' id='word_1_541' title='bbox 2832 4933 3057 4978; x_wconf 90' lang='lat' dir='ltr'>sensus</span> <span class='ocrx_word' id='word_1_542' title='bbox 3118 4925 3214 4978; x_wconf 92' lang='lat' dir='ltr'>est</span> <span class='ocrx_word' id='word_1_543' title='bbox 3270 4917 3485 4980; x_wconf 87' lang='lat' dir='ltr'>minus</span> 
     </span>
     <span class='ocr_line' id='line_1_92' title="bbox 1987 5013 3484 5095; baseline 0.004 -23"><span class='ocrx_word' id='word_1_544' title='bbox 1987 5031 2180 5093; x_wconf 87' lang='lat' dir='ltr'>quam</span> <span class='ocrx_word' id='word_1_545' title='bbox 2240 5013 2301 5073; x_wconf 92' lang='lat' dir='ltr'>id</span> <span class='ocrx_word' id='word_1_546' title='bbox 2353 5013 2522 5094; x_wconf 90' lang='lat' dir='ltr'>quod</span> <span class='ocrx_word' id='word_1_547' title='bbox 2570 5021 2665 5074; x_wconf 91' lang='lat' dir='ltr'>est</span> <span class='ocrx_word' id='word_1_548' title='bbox 2715 5013 3043 5095; x_wconf 89' lang='lat' dir='ltr'>proprium</span> <span class='ocrx_word' id='word_1_549' title='bbox 3105 5015 3371 5088; x_wconf 89' lang='lat' dir='ltr'>homini,</span> <span class='ocrx_word' id='word_1_550' title='bbox 3423 5025 3484 5078; x_wconf 91' lang='lat' dir='ltr'>et</span> 
     </span>
     <span class='ocr_line' id='line_1_93' title="bbox 1989 5111 3486 5195; baseline 0.003 -23"><span class='ocrx_word' id='word_1_551' title='bbox 1989 5112 2289 5173; x_wconf 85' lang='lat' dir='ltr'>convenit</span> <span class='ocrx_word' id='word_1_552' title='bbox 2318 5112 2565 5174; x_wconf 90' lang='lat' dir='ltr'>homini</span> <span class='ocrx_word' id='word_1_553' title='bbox 2597 5111 2975 5173; x_wconf 85' lang='lat' dir='ltr'>excedenter</span> <span class='ocrx_word' id='word_1_554' title='bbox 3015 5133 3143 5195; x_wconf 82' lang='lat' dir='ltr'>prae</span> <span class='ocrx_word' id='word_1_555' title='bbox 3174 5115 3315 5176; x_wconf 90' lang='lat' dir='ltr'>aliis</span> <span class='ocrx_word' id='word_1_556' title='bbox 3354 5115 3486 5177; x_wconf 86' lang='lat' dir='ltr'>aui-</span> 
     </span>
     <span class='ocr_line' id='line_1_94' title="bbox 1989 5210 3481 5294; baseline 0.003 -23"><span class='ocrx_word' id='word_1_557' title='bbox 1989 5210 2287 5272; x_wconf 89' lang='lat' dir='ltr'>malibus.</span> <span class='ocrx_word' id='word_1_558' title='bbox 2338 5245 2419 5255; x_wconf 90' lang='lat'>——</span> <span class='ocrx_word' id='word_1_559' title='bbox 2466 5210 2568 5273; x_wconf 90' lang='lat' dir='ltr'>Sic</span> <span class='ocrx_word' id='word_1_560' title='bbox 2620 5210 2683 5272; x_wconf 93' lang='lat' dir='ltr'>in</span> <span class='ocrx_word' id='word_1_561' title='bbox 2734 5210 3065 5273; x_wconf 89' lang='lat' dir='ltr'>ordinibus</span> <span class='ocrx_word' id='word_1_562' title='bbox 3113 5213 3481 5294; x_wconf 89' lang='lat' dir='ltr'>angelorum</span> 
     </span>
     <span class='ocr_line' id='line_1_95' title="bbox 1988 5307 3485 5394; baseline 0.001 -20"><span class='ocrx_word' id='word_1_563' title='bbox 1988 5327 2211 5374; x_wconf 89' lang='lat' dir='ltr'>omnes</span> <span class='ocrx_word' id='word_1_564' title='bbox 2249 5307 2611 5392; x_wconf 89' lang='lat' dir='ltr'>spirituales</span> <span class='ocrx_word' id='word_1_565' title='bbox 2641 5308 3064 5394; x_wconf 84' lang='lat' dir='ltr'>perfectiones</span> <span class='ocrx_word' id='word_1_566' title='bbox 3101 5312 3348 5378; x_wconf 87' lang='lat' dir='ltr'>cunctis</span> <span class='ocrx_word' id='word_1_567' title='bbox 3377 5331 3485 5376; x_wconf 88' lang='lat' dir='ltr'>an-</span> 
     </span>
    </p>
   </div>
   <div class='ocr_carea' id='block_1_16' title="bbox 3562 1790 3712 1831">
    <p class='ocr_par' dir='ltr' id='par_1_17' title="bbox 3562 1790 3712 1831">
     <span class='ocr_line' id='line_1_96' title="bbox 3562 1790 3712 1831; baseline -0.007 0"><span class='ocrx_word' id='word_1_568' title='bbox 3562 1790 3647 1831; x_wconf 67' lang='lat' dir='ltr'>trt.</span> <span class='ocrx_word' id='word_1_569' title='bbox 3672 1790 3712 1831; x_wconf 83' lang='lat'>⁵.</span> 
     </span>
    </p>
   </div>
  </div>
 </body>
</html>
