4334 6242
1573 503 1858 549 Erisrom
1901 501 2363 549 NuNcurA‘romA
3479 480 3517 543 3

416 676 840 756 probitatem,
896 695 1053 740 mox
1103 678 1242 740 Deo
1290 677 1647 758 congressi,
1692 676 1788 739 1111
1837 676 2173 756 coeperunt
2224 693 2483 738 omnem
2546 674 3031 755 improbitatem
3088 676 3153 736 et
3198 671 3521 754 quidquid

413 783 596 862 apud
647 801 885 863 pravos
936 785 1238 847 homines
1287 784 1428 845 vitii
1489 786 1609 862 est,
1675 782 2052 863 imputare?
2109 785 2451 862 propterea
2502 782 2679 862 quod
2734 782 2971 844 stolida
3027 781 3396 860 arrogantia
3450 795 3521 841 se

414 889 685 952 credant
722 892 954 954 ceteris
991 892 1380 955 mortalibus
1408 891 1696 968 altiores,
1732 891 1797 952 et
1833 889 2024 970 plane
2062 890 2360 968 gigantes
2396 907 2538 952 esse
2582 890 2751 950 inter
2785 905 3146 968 pygmaeos.
3188 887 3523 949 Nimirum

413 995 546 1057 hoc
582 999 682 1059 est
718 998 894 1077 quod
933 997 1245 1061 Salomon
1286 998 1349 1058 in
1396 996 1772 1059 Proverbiis
1809 997 1900 1058 ait
1942 1015 1956 1055 :
2003 996 2120 1057 Vir
2157 996 2272 1076 qui
2316 995 2628 1058 erraverit
2664 1013 2702 1056 a
2739 992 2845 1056 via
2882 994 3199 1072 veritatis,
3241 993 3308 1054 in
3348 993 3520 1054 coetu
3574 1007 3809 1060 erm-‚xxa

413 1103 760 1181 gigantum
811 1104 1347 1166 commorabitur.
1399 1103 1699 1166 Profecto
1751 1121 1980 1165 verum
2036 1104 2157 1183 est,
2213 1102 2557 1165 haereticos
2606 1101 2994 1164 Christianis
3040 1100 3169 1181 piis
3216 1102 3280 1162 et
3329 1098 3521 1161 bonis
3550 1073 3615 1111 ¹⁰·

414 1207 730 1270 omnibus
766 1227 908 1272 esse
947 1210 1403 1288 animosioreS‚
1445 1210 1848 1289 audacioreS‚
1890 1210 2333 1272 violentiores.
2377 1211 2554 1280 Quas
2602 1209 2777 1271 enim
2831 1208 3053 1270 turbas
3104 1209 3171 1269 in
3214 1207 3521 1269 universo

415 1313 578 1377 orbe
627 1316 827 1394 prisci
874 1317 970 1378 illi
1017 1318 1338 1398 giganteS‚
1379 1334 1496 1380 seu
1534 1334 1818 1397 quorum
1875 1319 2082 1398 poetae
2129 1319 2245 1378 aut
2289 1333 2572 1396 quorum
2621 1333 2820 1378 sacrae
2870 1315 3160 1377 historiae
3210 1312 3527 1376 memine-

417 1423 597 1501 runt,
643 1425 1012 1502 moverunt,
1046 1442 1210 1504 quas
1251 1425 1358 1487 isti
1399 1425 1500 1489 vel
1539 1425 1603 1486 in
1646 1425 1999 1488 Germania
2030 1424 2128 1487 vel
2173 1426 2239 1486 in
2278 1425 2541 1504 Europa
2581 1441 2709 1486 non
2750 1422 3159 1486 exciverint?
3196 1421 3527 1484 Lutherus

418 1528 720 1593 libertate
759 1534 972 1594 carnis
1001 1550 1118 1612 pro
1151 1533 1526 1612 evangelica
1555 1534 1819 1596 rusticis
1849 1533 2197 1613 promissa,
2222 1533 2545 1613 protraxit
2576 1549 2839 1595 omnem
2871 1531 3074 1595 ferme
3104 1529 3526 1593 Germaniam

418 1637 490 1697 in
536 1653 716 1700 arma
758 1657 773 1697 ι
817 1637 909 1700 ibi
957 1640 1226 1720 rapinae,
1278 1639 1370 1701 ibi
1419 1640 1682 1701 urbium
1731 1642 1794 1702 et
1841 1640 2241 1720 templorum
2289 1639 2566 1718 excidia,
2618 1638 2709 1701 ibi
2755 1639 2964 1701 caedes
3016 1634 3527 1699 innumerabiles

417 1744 648 1804 omnia
696 1745 1103 1824 implicuere.
1163 1747 1324 1808 Post
1381 1747 1554 1808 hunc
1611 1746 1953 1826 Zuinglius
1998 1746 2341 1809 Helvetios
2398 1747 2661 1823 excivit,
2704 1748 2770 1808 et·
2814 1746 2881 1806 in
2930 1746 3231 1807 mutuam
3279 1741 3524 1804 caedem

413 1851 722 1912 armavit.
773 1851 1012 1914 Statim
1055 1853 1261 1916 secuti
1311 1856 1466 1916 sunt
1523 1852 1992 1933 Anabaptistae,
2044 1869 2329 1932 quorum
2384 1852 2672 1915 furorem
2728 1852 2878 1932 quis
2925 1850 3256 1913 suffecerit
3299 1848 3526 1929 deplo-

411 1956 612 2019 rare?
659 1957 730 2020 Si
779 1957 1038 2020 nullum
1085 1960 1288 2039 aliud,
1332 1961 1503 2024 certe
1552 1959 1652 2021 vel
1704 1958 1922 2021 solum
1961 1960 2456 2038 Monasterium,
2500 1959 2745 2038 inclyta
2793 1957 3302 2038 Vestphalorum
3344 1955 3521 2034 urbS‚

411 2065 746 2126 sectarum
783 2065 1188 2145 perditarum
1233 2066 1568 2136 horrorem
1611 2066 1998 2128 mortalibus
2035 2065 2421 2146 incusserit3
2463 2067 2537 2127 ut
2574 2066 2837 2128 interim
2878 2065 2959 2128 de
2994 2063 3392 2146 perturbatis
3429 2062 3527 2125 tot

411 2169 857 2233 seditionibus
895 2171 1441 2251 AmstelredamO,
1483 2159 1709 2251 Leiria,
1750 2161 2035 2249 Vesalia,
2077 2171 2456 2252 Daventria‚
2503 2171 2737 2248 Frisia,
2782 2171 3153 2249 Hollandia,
3195 2169 3521 2246 Selandia,

414 2279 484 2338 et
521 2265 673 2338 aliis
711 2279 856 2339 tum
895 2279 1252 2358 provinciis
1293 2281 1436 2342 tum
1475 2277 1749 2341 urbibus
1786 2279 2141 2340 taceamus.
2186 2278 2499 2358 Adeoque
2544 2281 2797 2359 ponunt
2834 2279 2902 2340 in
2942 2277 3179 2340 coelum
3222 2275 3526 2357 giganteo

417 2399 606 2446 more
657 2401 732 2445 os
783 2401 1003 2447 suum.
1047 2385 1304 2447 Bellum
1353 2385 1758 2465 hominibuS‚
1809 2384 2056 2448 bellum
2095 2383 2431 2461 Ecclesiae,
2474 2384 2718 2448 bellum
2772 2386 3027 2448 Sanctis
3074 2401 3149 2446 ac
3198 2382 3419 2445 Beatis
3459 2381 3527 2443 in

419 2489 612 2568 coe10,
657 2489 904 2553 bellum
945 2491 1074 2572 ipsi
1112 2492 1250 2555 Deo
1295 2491 1613 2570 indicunt,
1656 2493 1721 2554 et
1757 2492 2191 2572 Babyloniam
2229 2495 2463 2555 turrim
2508 2493 2905 2574 moliuntur3
2948 2511 3065 2555 nec
3104 2493 3292 2554 aliter
3330 2490 3526 2552 dissi-

418 2595 602 2674 dent,
653 2615 856 2677 quam
904 2599 1020 2679 qui
1069 2617 1212 2662 eam
1269 2600 1503 2662 turrim
1557 2599 1985 2662 aedificabant.
2037 2600 2356 2662 Prostrati
2415 2602 2569 2663 sunt
2616 2601 2913 2681 gigantes
2964 2602 3027 2663 et
3081 2597 3521 2676 condemnati,

417 2703 652 2766 eadem
691 2707 914 2768 manet
940 2723 1084 2769 sors
1112 2706 1476 2769 haereticos.
1508 2707 1652 2768 dam
1689 2723 1843 2768 vero
1881 2707 1938 2768 si
1971 2707 2107 2769 Deo
2136 2724 2271 2768 non
2300 2707 2609 2787 parcitur,
2634 2724 2895 2788 aequum
2938 2709 3037 2770 est
3072 2724 3194 2768 nos
3232 2705 3527 2767 nostram

415 2810 736 2889 injuriam
781 2813 1112 2876 moderate
1152 2812 1339 2893 ferre,
1374 2816 1439 2876 et
1479 2814 1746 2894 propter
1781 2813 2063 2876 alienam
2103 2814 2431 2876 insaniam
2473 2831 2511 2875 a
2547 2813 2719 2877 bono
2762 2832 2895 2877 non
2934 2831 3206 2876 cessare.
3241 2810 3527 2873 Proinde

411 2917 764 2996 gigantum
803 2919 1079 2982 istorum
1120 2921 1534 2983 temerariam
1573 2921 2059 2982 animositatem
2097 2919 2265 2982 nihil
2297 2920 2511 2998 veriti,
2553 2921 2677 2983 hoc
2718 2922 3081 2983 secundum
3121 2937 3288 3000 opus
3325 2917 3527 2979 libro-

413 3040 568 3085 rum
621 3023 926 3104 Dionysii
983 3027 1188 3089 nostri
1240 3027 1310 3088 in
1364 3028 1735 3090 Sententias
1787 3027 2307 3089 orthodoxorum
2359 3027 2655 3106 Patrum,
2710 3027 2835 3090 sub
2890 3030 3107 3090 vestro
3158 3024 3522 3106 patrocinio

415 3130 552 3209 piis
593 3147 670 3192 ac
714 3132 1031 3196 studiosis
1075 3134 1381 3197 omnibus
1424 3135 1877 3215 exposuimus,
1914 3133 2078 3195 illud
2115 3151 2152 3195 a
2198 3133 2385 3197 vobis
2425 3151 2631 3195 unum
2671 3135 3052 3197 enixissime
3087 3131 3520 3214 postulanteS,

417 3239 494 3299 ut
532 3240 752 3301 vestra
789 3240 1164 3319 auctoritas,
1206 3259 1337 3321 qua
1371 3258 1505 3303 non
1542 3243 1641 3303 est
1687 3240 1815 3303 alia
1858 3240 2026 3304 inter
2063 3240 2541 3304 Universitates
2581 3257 2809 3304 omnes
2851 3241 3083 3321 major,
3124 3237 3523 3317 Dionysium

415 3344 600 3407 hunc
629 3348 929 3409 nostrum
968 3347 1050 3410 ab
1088 3347 1407 3429 improbis
1446 3349 1706 3410 tueatur
1742 3350 1808 3410 et
1845 3347 2174 3427 malignis
2219 3348 2390 3409 Nam
2429 3346 2621 3410 bonis
2658 3349 2877 3428 ipsum
2918 3365 3033 3427 per
3070 3363 3141 3410 se
3178 3346 3339 3408 satis
3375 3344 3523 3425 pla-

419 3453 714 3514 citurum
750 3471 1112 3534 speramus.
1157 3455 1468 3517 Molimur
1497 3453 1636 3533 Jam
1676 3453 1926 3516 dudum
1968 3454 2288 3516 editiones
2327 3471 2557 3516 eorum
2594 3471 2741 3533 quae
2783 3456 3004 3518 noster
3049 3453 3411 3532 Dionysius
3454 3452 3523 3513 in

419 3560 628 3622 vestri
661 3560 960 3640 Dionysii
1001 3561 1457 3642 explanatione
1502 3560 1826 3623 laboriosa
1865 3560 2219 3622 meditatus
2258 3563 2379 3640 est,
2416 3561 2962 3624 communicaturi
3002 3580 3077 3624 ea
3112 3561 3515 3642 propediem,

418 3665 478 3726 si
513 3667 908 3745 praesentem
939 3667 1293 3730 editionem
1322 3668 1620 3748 speratus
1650 3667 1866 3728 exitus
1903 3664 2361 3746 subsequatur.
2392 3666 2662 3728 Interim
2704 3668 2997 3730 fruimini
3030 3667 3227 3730 modo
3258 3665 3515 3744 oblatis,

417 3771 826 3852 Dionysium
865 3776 1164 3837 nostrum
1210 3791 1341 3854 quo
1388 3774 1627 3853 dignus
1665 3774 1765 3835 est
1804 3772 2026 3835 favore
2067 3775 2557 3853 prosequentes
2599 3773 2849 3838 Vale'te.
2892 3775 3205 3855 Coloniae,
3239 3791 3321 3836 ex
3367 3772 3523 3835 soli-

416 3878 652 3940 tudine
701 3879 943 3958 nostra,
985 3880 1474 3960 quintodecimo
1523 3879 1838 3941 Calendas
1886 3878 2212 3952 Quintiles
2258 3880 2411 3942 anni
2459 3880 2869 3944 MDXXXV.
