<?xml version="1.0" encoding="UTF-8"?>
<!DOCTYPE html PUBLIC "-//W3C//DTD XHTML 1.0 Transitional//EN"
    "http://www.w3.org/TR/xhtml1/DTD/xhtml1-transitional.dtd">
<html xmlns="http://www.w3.org/1999/xhtml" xml:lang="en" lang="en">
 <head>
  <title>
</title>
<meta http-equiv="Content-Type" content="text/html;charset=utf-8" />
  <meta name='ocr-system' content='tesseract 3.04.00' />
  <meta name='ocr-capabilities' content='ocr_page ocr_carea ocr_par ocr_line ocrx_word'/>
</head>
<body>
  <div class='ocr_page' id='page_1' title='image "./doctorisecstati01denigoog_0018.png"; bbox 0 0 4334 6242; ppageno 0'>
   <div class='ocr_carea' id='block_1_1' title="bbox 820 465 2769 531">
    <p class='ocr_par' dir='ltr' id='par_1_1' title="bbox 820 465 2769 531">
     <span class='ocr_line' id='line_1_1' title="bbox 820 465 2769 531; baseline 0.001 -3"><span class='ocrx_word' id='word_1_1' title='bbox 820 465 860 528; x_wconf 80' lang='lat'>2</span> <span class='ocrx_word' id='word_1_2' title='bbox 1859 477 1862 480; x_wconf 82' lang='grc'><strong>’</strong></span> <span class='ocrx_word' id='word_1_3' title='bbox 1975 486 2263 531; x_wconf 71' lang='grc' dir='ltr'>ΕΡιετοιΑ</span> <span class='ocrx_word' id='word_1_4' title='bbox 2304 484 2769 530; x_wconf 71' lang='grc' dir='ltr'>ΝυΝῦυΡΑτοιιιΑ</span> 
     </span>
    </p>
   </div>
   <div class='ocr_carea' id='block_1_2' title="bbox 800 657 3915 5328">
    <p class='ocr_par' dir='ltr' id='par_1_2' title="bbox 800 657 3915 5328">
     <span class='ocr_line' id='line_1_2' title="bbox 820 657 3913 740; baseline -0.001 -21"><span class='ocrx_word' id='word_1_5' title='bbox 820 658 882 719; x_wconf 89' lang='lat' dir='ltr'>et</span> <span class='ocrx_word' id='word_1_6' title='bbox 930 657 1330 722; x_wconf 78' lang='lat' dir='ltr'><strong>dedicamus.</strong></span> <span class='ocrx_word' id='word_1_7' title='bbox 1381 661 1676 740; x_wconf 86' lang='lat' dir='ltr'>Eamque</span> <span class='ocrx_word' id='word_1_8' title='bbox 1715 661 1998 723; x_wconf 88' lang='lat' dir='ltr'>vestram</span> <span class='ocrx_word' id='word_1_9' title='bbox 2036 676 2303 739; x_wconf 77' lang='lat' dir='ltr'>operam</span> <span class='ocrx_word' id='word_1_10' title='bbox 2340 674 2462 721; x_wconf 90' lang='lat' dir='ltr'>nos</span> <span class='ocrx_word' id='word_1_11' title='bbox 2502 676 2632 720; x_wconf 91' lang='lat' dir='ltr'>non</span> <span class='ocrx_word' id='word_1_12' title='bbox 2678 658 2875 720; x_wconf 89' lang='lat' dir='ltr'>modo</span> <span class='ocrx_word' id='word_1_13' title='bbox 2926 657 3113 720; x_wconf 90' lang='lat' dir='ltr'>facile</span> <span class='ocrx_word' id='word_1_14' title='bbox 3158 657 3642 737; x_wconf 81' lang='lat' dir='ltr'><strong>impetraturos,</strong></span> <span class='ocrx_word' id='word_1_15' title='bbox 3684 671 3913 718; x_wconf 84' lang='lat' dir='ltr'>verum</span> 
     </span>
     <span class='ocr_line' id='line_1_3' title="bbox 817 763 3913 848; baseline -0.002 -20"><span class='ocrx_word' id='word_1_16' title='bbox 817 764 988 828; x_wconf 93' lang='lat' dir='ltr'>ultro</span> <span class='ocrx_word' id='word_1_17' title='bbox 1033 767 1398 846; x_wconf 83' lang='lat' dir='ltr'><strong>expositam</strong></span> <span class='ocrx_word' id='word_1_18' title='bbox 1447 769 1839 848; x_wconf 82' lang='lat' dir='ltr'>reperturos,</span> <span class='ocrx_word' id='word_1_19' title='bbox 1881 767 2229 846; x_wconf 80' lang='lat' dir='ltr'>persuadet</span> <span class='ocrx_word' id='word_1_20' title='bbox 2264 765 2455 829; x_wconf 87' lang='lat' dir='ltr'>nobis</span> <span class='ocrx_word' id='word_1_21' title='bbox 2492 764 2605 827; x_wconf 91' lang='lat' dir='ltr'>illa</span> <span class='ocrx_word' id='word_1_22' title='bbox 2641 765 3011 827; x_wconf 89' lang='lat' dir='ltr'>studiorum</span> <span class='ocrx_word' id='word_1_23' title='bbox 3052 765 3415 826; x_wconf 86' lang='lat' dir='ltr'>vestrorum</span> <span class='ocrx_word' id='word_1_24' title='bbox 3458 763 3731 825; x_wconf 88' lang='lat' dir='ltr'>infracta</span> <span class='ocrx_word' id='word_1_25' title='bbox 3770 779 3913 824; x_wconf 90' lang='lat' dir='ltr'>ma-</span> 
     </span>
     <span class='ocr_line' id='line_1_4' title="bbox 807 868 3915 954; baseline -0.001 -20"><span class='ocrx_word' id='word_1_26' title='bbox 807 871 1014 951; x_wconf 88' lang='lat' dir='ltr'>jestas</span> <span class='ocrx_word' id='word_1_27' title='bbox 1051 876 1534 954; x_wconf 88' lang='lat' dir='ltr'>perpetuusque</span> <span class='ocrx_word' id='word_1_28' title='bbox 1565 874 1633 934; x_wconf 92' lang='lat' dir='ltr'>in</span> <span class='ocrx_word' id='word_1_29' title='bbox 1663 872 1865 936; x_wconf 82' lang='lat' dir='ltr'>veteri</span> <span class='ocrx_word' id='word_1_30' title='bbox 1905 873 2219 953; x_wconf 83' lang='lat' dir='ltr'>religione</span> <span class='ocrx_word' id='word_1_31' title='bbox 2259 875 2466 950; x_wconf 88' lang='lat' dir='ltr'>tenor,</span> <span class='ocrx_word' id='word_1_32' title='bbox 2496 874 2570 934; x_wconf 90' lang='lat' dir='ltr'>ut</span> <span class='ocrx_word' id='word_1_33' title='bbox 2607 871 2848 952; x_wconf 88' lang='lat' dir='ltr'>quibus</span> <span class='ocrx_word' id='word_1_34' title='bbox 2884 889 3001 952; x_wconf 91' lang='lat' dir='ltr'>per</span> <span class='ocrx_word' id='word_1_35' title='bbox 3030 871 3308 950; x_wconf 82' lang='lat' dir='ltr'>jactat-as</span> <span class='ocrx_word' id='word_1_36' title='bbox 3346 871 3506 932; x_wconf 88' lang='lat' dir='ltr'>istas</span> <span class='ocrx_word' id='word_1_37' title='bbox 3542 868 3915 932; x_wconf 88' lang='lat' dir='ltr'>studiorum</span> 
     </span>
     <span class='ocr_line' id='line_1_5' title="bbox 813 974 3914 1059; baseline -0.001 -20"><span class='ocrx_word' id='word_1_38' title='bbox 813 977 1078 1056; x_wconf 87' lang='lat' dir='ltr'>pietatis</span> <span class='ocrx_word' id='word_1_39' title='bbox 1117 979 1459 1059; x_wconf 87' lang='lat' dir='ltr'>procellas,</span> <span class='ocrx_word' id='word_1_40' title='bbox 1493 979 1808 1042; x_wconf 88' lang='lat' dir='ltr'>inviolata</span> <span class='ocrx_word' id='word_1_41' title='bbox 1846 980 2059 1041; x_wconf 91' lang='lat' dir='ltr'>adhuc</span> <span class='ocrx_word' id='word_1_42' title='bbox 2102 981 2167 1041; x_wconf 90' lang='lat' dir='ltr'>et</span> <span class='ocrx_word' id='word_1_43' title='bbox 2204 978 2591 1041; x_wconf 87' lang='lat' dir='ltr'>intemerata</span> <span class='ocrx_word' id='word_1_44' title='bbox 2628 979 3061 1058; x_wconf 82' lang='lat' dir='ltr'>permanserit</span> <span class='ocrx_word' id='word_1_45' title='bbox 3097 979 3523 1040; x_wconf 69' lang='lat' dir='ltr'>sacrosanctae</span> <span class='ocrx_word' id='word_1_46' title='bbox 3567 974 3914 1055; x_wconf 84' lang='lat' dir='ltr'>theologiae</span> 
     </span>
     <span class='ocr_line' id='line_1_6' title="bbox 813 1062 3913 1166; baseline -0 -22"><span class='ocrx_word' id='word_1_47' title='bbox 813 1086 1166 1148; x_wconf 85' lang='lat' dir='ltr'>auctoritas</span> <span class='ocrx_word' id='word_1_48' title='bbox 1219 1085 1609 1166; x_wconf 89' lang='lat' dir='ltr'>debitusque</span> <span class='ocrx_word' id='word_1_49' title='bbox 1661 1087 1872 1147; x_wconf 93' lang='lat' dir='ltr'>honor</span> <span class='ocrx_word' id='word_1_50' title='bbox 1922 1105 1936 1145; x_wconf 92' lang='lat'>:</span> <span class='ocrx_word' id='word_1_51' title='bbox 1989 1103 2197 1166; x_wconf 90' lang='lat' dir='ltr'>quum</span> <span class='ocrx_word' id='word_1_52' title='bbox 2258 1086 2373 1146; x_wconf 84' lang='lat' dir='ltr'>vix</span> <span class='ocrx_word' id='word_1_53' title='bbox 2427 1084 2584 1146; x_wconf 86' lang='lat' dir='ltr'>alibi</span> <span class='ocrx_word' id='word_1_54' title='bbox 2636 1084 2723 1146; x_wconf 89' lang='lat' dir='ltr'>sit</span> <span class='ocrx_word' id='word_1_55' title='bbox 2773 1062 3071 1164; x_wconf 72' lang='lat' dir='ltr'>reperire‘</span> <span class='ocrx_word' id='word_1_56' title='bbox 3106 1082 3467 1164; x_wconf 84' lang='lat' dir='ltr'>quidquam</span> <span class='ocrx_word' id='word_1_57' title='bbox 3520 1083 3913 1144; x_wconf 86' lang='lat' dir='ltr'>inoffensum</span> 
     </span>
     <span class='ocr_line' id='line_1_7' title="bbox 813 1190 3915 1276; baseline -0.001 -24"><span class='ocrx_word' id='word_1_58' title='bbox 813 1192 878 1252; x_wconf 89' lang='lat' dir='ltr'>et</span> <span class='ocrx_word' id='word_1_59' title='bbox 931 1191 1275 1276; x_wconf 68' lang='lat' dir='ltr'>intactum,</span> <span class='ocrx_word' id='word_1_60' title='bbox 1330 1193 1883 1255; x_wconf 87' lang='lat' dir='ltr'>confundentibus</span> <span class='ocrx_word' id='word_1_61' title='bbox 1943 1193 2165 1254; x_wconf 90' lang='lat' dir='ltr'>omnia</span> <span class='ocrx_word' id='word_1_62' title='bbox 2226 1193 2574 1268; x_wconf 82' lang='lat' dir='ltr'>haereticiS,</span> <span class='ocrx_word' id='word_1_63' title='bbox 2626 1192 2800 1272; x_wconf 88' lang='lat' dir='ltr'>apud</span> <span class='ocrx_word' id='word_1_64' title='bbox 2856 1209 3025 1270; x_wconf 90' lang='lat' dir='ltr'>quos</span> <span class='ocrx_word' id='word_1_65' title='bbox 3081 1209 3197 1254; x_wconf 91' lang='lat' dir='ltr'>nec</span> <span class='ocrx_word' id='word_1_66' title='bbox 3245 1191 3503 1253; x_wconf 83' lang='lat' dir='ltr'>veritati</span> <span class='ocrx_word' id='word_1_67' title='bbox 3558 1190 3743 1262; x_wconf 80' lang='lat' dir='ltr'>fideS‚</span> <span class='ocrx_word' id='word_1_68' title='bbox 3797 1205 3915 1250; x_wconf 91' lang='lat' dir='ltr'>nec</span> 
     </span>
     <span class='ocr_line' id='line_1_8' title="bbox 813 1296 3915 1380; baseline -0.001 -21"><span class='ocrx_word' id='word_1_69' title='bbox 813 1297 1049 1360; x_wconf 88' lang='lat' dir='ltr'>litteris</span> <span class='ocrx_word' id='word_1_70' title='bbox 1100 1300 1330 1378; x_wconf 93' lang='lat' dir='ltr'>honor,</span> <span class='ocrx_word' id='word_1_71' title='bbox 1371 1317 1491 1362; x_wconf 90' lang='lat' dir='ltr'>nec</span> <span class='ocrx_word' id='word_1_72' title='bbox 1538 1300 1764 1380; x_wconf 85' lang='lat' dir='ltr'>pietati</span> <span class='ocrx_word' id='word_1_73' title='bbox 1805 1299 2080 1361; x_wconf 87' lang='lat' dir='ltr'>habetur</span> <span class='ocrx_word' id='word_1_74' title='bbox 2125 1299 2539 1377; x_wconf 82' lang='lat' dir='ltr'>reverentia3</span> <span class='ocrx_word' id='word_1_75' title='bbox 2590 1316 2705 1378; x_wconf 92' lang='lat' dir='ltr'>per</span> <span class='ocrx_word' id='word_1_76' title='bbox 2749 1315 2916 1378; x_wconf 92' lang='lat' dir='ltr'>quos</span> <span class='ocrx_word' id='word_1_77' title='bbox 2965 1298 3247 1377; x_wconf 90' lang='lat' dir='ltr'>denique</span> <span class='ocrx_word' id='word_1_78' title='bbox 3296 1296 3684 1359; x_wconf 87' lang='lat' dir='ltr'>scholastica</span> <span class='ocrx_word' id='word_1_79' title='bbox 3730 1296 3915 1358; x_wconf 92' lang='lat' dir='ltr'>theo-</span> 
     </span>
     <span class='ocr_line' id='line_1_9' title="bbox 815 1402 3915 1485; baseline -0.001 -20"><span class='ocrx_word' id='word_1_80' title='bbox 815 1402 988 1483; x_wconf 80' lang='lat' dir='ltr'>logia</span> <span class='ocrx_word' id='word_1_81' title='bbox 1042 1404 1193 1484; x_wconf 91' lang='lat' dir='ltr'>plus</span> <span class='ocrx_word' id='word_1_82' title='bbox 1249 1422 1448 1485; x_wconf 89' lang='lat' dir='ltr'>quam</span> <span class='ocrx_word' id='word_1_83' title='bbox 1513 1405 1874 1467; x_wconf 83' lang='lat' dir='ltr'>scurriliter</span> <span class='ocrx_word' id='word_1_84' title='bbox 1937 1405 2112 1484; x_wconf 86' lang='lat' dir='ltr'>apud</span> <span class='ocrx_word' id='word_1_85' title='bbox 2178 1405 2560 1484; x_wconf 88' lang='lat' dir='ltr'>imperitum</span> <span class='ocrx_word' id='word_1_86' title='bbox 2619 1403 2857 1483; x_wconf 84' lang='lat' dir='ltr'>vulgus</span> <span class='ocrx_word' id='word_1_87' title='bbox 2913 1404 3296 1482; x_wconf 79' lang='lat' dir='ltr'>traducitur,</span> <span class='ocrx_word' id='word_1_88' title='bbox 3355 1403 3429 1464; x_wconf 91' lang='lat' dir='ltr'>ut</span> <span class='ocrx_word' id='word_1_89' title='bbox 3477 1403 3616 1481; x_wconf 78' lang='lat' dir='ltr'>Jam</span> <span class='ocrx_word' id='word_1_90' title='bbox 3672 1402 3915 1482; x_wconf 89' lang='lat' dir='ltr'>pudeat</span> 
     </span>
     <span class='ocr_line' id='line_1_10' title="bbox 813 1508 3908 1591; baseline -0.001 -20"><span class='ocrx_word' id='word_1_91' title='bbox 813 1510 1074 1590; x_wconf 91' lang='lat' dir='ltr'>referre,</span> <span class='ocrx_word' id='word_1_92' title='bbox 1115 1528 1248 1572; x_wconf 90' lang='lat' dir='ltr'>non</span> <span class='ocrx_word' id='word_1_93' title='bbox 1287 1529 1488 1591; x_wconf 87' lang='lat' dir='ltr'>quam</span> <span class='ocrx_word' id='word_1_94' title='bbox 1526 1511 1916 1573; x_wconf 90' lang='lat' dir='ltr'>inhonorata</span> <span class='ocrx_word' id='word_1_95' title='bbox 1953 1512 2062 1590; x_wconf 89' lang='lat' dir='ltr'>sit,</span> <span class='ocrx_word' id='word_1_96' title='bbox 2103 1511 2281 1590; x_wconf 90' lang='lat' dir='ltr'>quod</span> <span class='ocrx_word' id='word_1_97' title='bbox 2322 1511 2671 1572; x_wconf 80' lang='lat' dir='ltr'>rusticitati</span> <span class='ocrx_word' id='word_1_98' title='bbox 2727 1511 2791 1572; x_wconf 88' lang='lat' dir='ltr'>et</span> <span class='ocrx_word' id='word_1_99' title='bbox 2840 1510 3224 1589; x_wconf 71' lang='lat' dir='ltr'>ignorantiae</span> <span class='ocrx_word' id='word_1_100' title='bbox 3278 1510 3533 1588; x_wconf 87' lang='lat' dir='ltr'>poterat</span> <span class='ocrx_word' id='word_1_101' title='bbox 3574 1508 3908 1588; x_wconf 86' lang='lat' dir='ltr'>imputari,</span> 
     </span>
     <span class='ocr_line' id='line_1_11' title="bbox 812 1615 3910 1698; baseline -0 -21"><span class='ocrx_word' id='word_1_102' title='bbox 812 1617 928 1678; x_wconf 91' lang='lat' dir='ltr'>sed</span> <span class='ocrx_word' id='word_1_103' title='bbox 970 1634 1168 1697; x_wconf 88' lang='lat' dir='ltr'>quam</span> <span class='ocrx_word' id='word_1_104' title='bbox 1207 1618 1377 1679; x_wconf 88' lang='lat' dir='ltr'>male</span> <span class='ocrx_word' id='word_1_105' title='bbox 1423 1619 1672 1698; x_wconf 86' lang='lat' dir='ltr'>passim</span> <span class='ocrx_word' id='word_1_106' title='bbox 1717 1619 1782 1678; x_wconf 91' lang='lat' dir='ltr'>in</span> <span class='ocrx_word' id='word_1_107' title='bbox 1821 1617 2019 1697; x_wconf 86' lang='lat' dir='ltr'>vulgo</span> <span class='ocrx_word' id='word_1_108' title='bbox 2060 1616 2389 1696; x_wconf 86' lang='lat' dir='ltr'>theologia</span> <span class='ocrx_word' id='word_1_109' title='bbox 2426 1617 2672 1696; x_wconf 88' lang='lat' dir='ltr'>audiat,</span> <span class='ocrx_word' id='word_1_110' title='bbox 2714 1633 2843 1678; x_wconf 91' lang='lat' dir='ltr'>non</span> <span class='ocrx_word' id='word_1_111' title='bbox 2883 1617 2987 1679; x_wconf 92' lang='lat' dir='ltr'>sui</span> <span class='ocrx_word' id='word_1_112' title='bbox 3027 1617 3284 1694; x_wconf 89' lang='lat' dir='ltr'>merito,</span> <span class='ocrx_word' id='word_1_113' title='bbox 3318 1616 3433 1678; x_wconf 90' lang='lat' dir='ltr'>sed</span> <span class='ocrx_word' id='word_1_114' title='bbox 3470 1615 3910 1694; x_wconf 88' lang='lat' dir='ltr'>flagitiosissi-</span> 
     </span>
     <span class='ocr_line' id='line_1_12' title="bbox 811 1724 3913 1805; baseline 0 -19"><span class='ocrx_word' id='word_1_115' title='bbox 811 1742 1073 1786; x_wconf 88' lang='lat' dir='ltr'>morum</span> <span class='ocrx_word' id='word_1_116' title='bbox 1102 1725 1446 1788; x_wconf 87' lang='lat' dir='ltr'>hominum</span> <span class='ocrx_word' id='word_1_117' title='bbox 1489 1725 1670 1786; x_wconf 86' lang='lat' dir='ltr'>vitio.</span> <span class='ocrx_word' id='word_1_118' title='bbox 1715 1727 1810 1787; x_wconf 85' lang='lat' dir='ltr'>Eo</span> <span class='ocrx_word' id='word_1_119' title='bbox 1851 1726 2026 1787; x_wconf 91' lang='lat' dir='ltr'>enim</span> <span class='ocrx_word' id='word_1_120' title='bbox 2067 1725 2339 1786; x_wconf 85' lang='lat' dir='ltr'>insaniae</span> <span class='ocrx_word' id='word_1_121' title='bbox 2379 1742 2482 1787; x_wconf 90' lang='lat' dir='ltr'>res</span> <span class='ocrx_word' id='word_1_122' title='bbox 2520 1742 2863 1805; x_wconf 86' lang='lat' dir='ltr'>progressa</span> <span class='ocrx_word' id='word_1_123' title='bbox 2900 1726 3021 1803; x_wconf 89' lang='lat' dir='ltr'>est,</span> <span class='ocrx_word' id='word_1_124' title='bbox 3056 1727 3129 1786; x_wconf 87' lang='lat' dir='ltr'>ut</span> <span class='ocrx_word' id='word_1_125' title='bbox 3166 1725 3528 1787; x_wconf 89' lang='lat' dir='ltr'>reverentia</span> <span class='ocrx_word' id='word_1_126' title='bbox 3564 1725 3629 1785; x_wconf 85' lang='lat' dir='ltr'>et</span> <span class='ocrx_word' id='word_1_127' title='bbox 3664 1724 3913 1803; x_wconf 90' lang='lat' dir='ltr'>pudore</span> 
     </span>
     <span class='ocr_line' id='line_1_13' title="bbox 809 1829 3911 1912; baseline -0 -19"><span class='ocrx_word' id='word_1_128' title='bbox 809 1831 1108 1910; x_wconf 88' lang='lat' dir='ltr'>sublatis,</span> <span class='ocrx_word' id='word_1_129' title='bbox 1159 1832 1406 1912; x_wconf 82' lang='lat' dir='ltr'>passim</span> <span class='ocrx_word' id='word_1_130' title='bbox 1459 1832 1540 1893; x_wconf 89' lang='lat' dir='ltr'>ad</span> <span class='ocrx_word' id='word_1_131' title='bbox 1591 1833 1831 1895; x_wconf 87' lang='lat' dir='ltr'>stivam</span> <span class='ocrx_word' id='word_1_132' title='bbox 1883 1833 2120 1912; x_wconf 89' lang='lat' dir='ltr'>arator,</span> <span class='ocrx_word' id='word_1_133' title='bbox 2178 1832 2259 1894; x_wconf 91' lang='lat' dir='ltr'>ad</span> <span class='ocrx_word' id='word_1_134' title='bbox 2312 1831 2643 1912; x_wconf 86' lang='lat' dir='ltr'>crepidam</span> <span class='ocrx_word' id='word_1_135' title='bbox 2693 1833 2900 1910; x_wconf 87' lang='lat' dir='ltr'>sutor,</span> <span class='ocrx_word' id='word_1_136' title='bbox 2954 1831 3123 1893; x_wconf 91' lang='lat' dir='ltr'>inter</span> <span class='ocrx_word' id='word_1_137' title='bbox 3169 1830 3442 1894; x_wconf 88' lang='lat' dir='ltr'>malleos</span> <span class='ocrx_word' id='word_1_138' title='bbox 3494 1831 3559 1892; x_wconf 92' lang='lat' dir='ltr'>et</span> <span class='ocrx_word' id='word_1_139' title='bbox 3607 1829 3911 1893; x_wconf 90' lang='lat' dir='ltr'>incudem</span> 
     </span>
     <span class='ocr_line' id='line_1_14' title="bbox 811 1937 3912 2020; baseline 0 -21"><span class='ocrx_word' id='word_1_140' title='bbox 811 1937 1086 2016; x_wconf 90' lang='lat' dir='ltr'>ferrarii,</span> <span class='ocrx_word' id='word_1_141' title='bbox 1141 1939 1310 2002; x_wconf 89' lang='lat' dir='ltr'>inter</span> <span class='ocrx_word' id='word_1_142' title='bbox 1362 1939 1598 2020; x_wconf 89' lang='lat' dir='ltr'>pocula</span> <span class='ocrx_word' id='word_1_143' title='bbox 1655 1942 1719 2001; x_wconf 91' lang='lat' dir='ltr'>et</span> <span class='ocrx_word' id='word_1_144' title='bbox 1771 1941 2096 2002; x_wconf 84' lang='lat' dir='ltr'>vomitum</span> <span class='ocrx_word' id='word_1_145' title='bbox 2154 1941 2418 2019; x_wconf 90' lang='lat' dir='ltr'>potores</span> <span class='ocrx_word' id='word_1_146' title='bbox 2474 1938 2843 2001; x_wconf 87' lang='lat' dir='ltr'>absolutam</span> <span class='ocrx_word' id='word_1_147' title='bbox 2902 1938 3029 2000; x_wconf 90' lang='lat' dir='ltr'>sibi</span> <span class='ocrx_word' id='word_1_148' title='bbox 3086 1937 3518 2018; x_wconf 89' lang='lat' dir='ltr'>polliceantur</span> <span class='ocrx_word' id='word_1_149' title='bbox 3566 1937 3912 2018; x_wconf 86' lang='lat' dir='ltr'>theologiae</span> 
     </span>
     <span class='ocr_line' id='line_1_15' title="bbox 807 2045 3915 2126; baseline 0 -19"><span class='ocrx_word' id='word_1_150' title='bbox 807 2045 1308 2126; x_wconf 86' lang='lat' dir='ltr'>professionem,</span> <span class='ocrx_word' id='word_1_151' title='bbox 1341 2047 1483 2109; x_wconf 90' lang='lat' dir='ltr'>sine</span> <span class='ocrx_word' id='word_1_152' title='bbox 1521 2046 1882 2126; x_wconf 90' lang='lat' dir='ltr'>dialectica,</span> <span class='ocrx_word' id='word_1_153' title='bbox 1923 2048 2064 2109; x_wconf 92' lang='lat' dir='ltr'>sine</span> <span class='ocrx_word' id='word_1_154' title='bbox 2103 2046 2503 2108; x_wconf 85' lang='lat' dir='ltr'>naturalium</span> <span class='ocrx_word' id='word_1_155' title='bbox 2542 2063 2763 2108; x_wconf 90' lang='lat' dir='ltr'>rerum</span> <span class='ocrx_word' id='word_1_156' title='bbox 2802 2045 3199 2126; x_wconf 86' lang='lat' dir='ltr'>cognitione,</span> <span class='ocrx_word' id='word_1_157' title='bbox 3234 2045 3480 2126; x_wconf 88' lang='lat' dir='ltr'>absque</span> <span class='ocrx_word' id='word_1_158' title='bbox 3518 2045 3720 2108; x_wconf 90' lang='lat' dir='ltr'>ullius</span> <span class='ocrx_word' id='word_1_159' title='bbox 3756 2047 3915 2108; x_wconf 89' lang='lat' dir='ltr'>artis</span> 
     </span>
     <span class='ocr_line' id='line_1_16' title="bbox 805 2153 3913 2234; baseline 0 -20"><span class='ocrx_word' id='word_1_160' title='bbox 805 2153 1137 2233; x_wconf 81' lang='lat' dir='ltr'>praesidiO,</span> <span class='ocrx_word' id='word_1_161' title='bbox 1171 2155 1350 2216; x_wconf 89' lang='lat' dir='ltr'>tanta</span> <span class='ocrx_word' id='word_1_162' title='bbox 1386 2154 1756 2216; x_wconf 88' lang='lat' dir='ltr'>animorum</span> <span class='ocrx_word' id='word_1_163' title='bbox 1790 2154 2050 2230; x_wconf 87' lang='lat' dir='ltr'>fiducia,</span> <span class='ocrx_word' id='word_1_164' title='bbox 2084 2154 2274 2234; x_wconf 88' lang='lat' dir='ltr'>quasi</span> <span class='ocrx_word' id='word_1_165' title='bbox 2313 2153 2393 2216; x_wconf 91' lang='lat' dir='ltr'>de</span> <span class='ocrx_word' id='word_1_166' title='bbox 2432 2154 2594 2216; x_wconf 87' lang='lat' dir='ltr'>coelo</span> <span class='ocrx_word' id='word_1_167' title='bbox 2635 2155 2929 2216; x_wconf 84' lang='lat' dir='ltr'>avectam</span> <span class='ocrx_word' id='word_1_168' title='bbox 2966 2155 3029 2215; x_wconf 90' lang='lat' dir='ltr'>et</span> <span class='ocrx_word' id='word_1_169' title='bbox 3067 2153 3336 2215; x_wconf 91' lang='lat' dir='ltr'>numine</span> <span class='ocrx_word' id='word_1_170' title='bbox 3365 2154 3650 2233; x_wconf 90' lang='lat' dir='ltr'>quodam</span> <span class='ocrx_word' id='word_1_171' title='bbox 3689 2153 3913 2215; x_wconf 91' lang='lat' dir='ltr'>divino</span> 
     </span>
     <span class='ocr_line' id='line_1_17' title="bbox 805 2245 3915 2340; baseline 0 -20"><span class='ocrx_word' id='word_1_172' title='bbox 805 2259 1087 2322; x_wconf 84' lang='lat' dir='ltr'>afflatam</span> <span class='ocrx_word' id='word_1_173' title='bbox 1144 2262 1432 2323; x_wconf 89' lang='lat' dir='ltr'>mentem</span> <span class='ocrx_word' id='word_1_174' title='bbox 1482 2260 1782 2323; x_wconf 90' lang='lat' dir='ltr'>habeant.</span> <span class='ocrx_word' id='word_1_175' title='bbox 1834 2261 2028 2340; x_wconf 84' lang='lat' dir='ltr'>Tum,</span> <span class='ocrx_word' id='word_1_176' title='bbox 2080 2245 2277 2323; x_wconf 71' lang='lat' dir='ltr'>Deus‘</span> <span class='ocrx_word' id='word_1_177' title='bbox 2316 2259 2508 2338; x_wconf 91' lang='lat' dir='ltr'>bone,</span> <span class='ocrx_word' id='word_1_178' title='bbox 2557 2262 2800 2340; x_wconf 89' lang='lat' dir='ltr'>quanto</span> <span class='ocrx_word' id='word_1_179' title='bbox 2853 2259 3049 2339; x_wconf 87' lang='lat' dir='ltr'>fastu,</span> <span class='ocrx_word' id='word_1_180' title='bbox 3100 2259 3280 2339; x_wconf 90' lang='lat' dir='ltr'>quali</span> <span class='ocrx_word' id='word_1_181' title='bbox 3331 2261 3733 2339; x_wconf 90' lang='lat' dir='ltr'>contemptu,</span> <span class='ocrx_word' id='word_1_182' title='bbox 3784 2277 3915 2340; x_wconf 87' lang='lat' dir='ltr'>qua</span> 
     </span>
     <span class='ocr_line' id='line_1_18' title="bbox 804 2365 3914 2447; baseline 0 -20"><span class='ocrx_word' id='word_1_183' title='bbox 804 2382 1050 2428; x_wconf 88' lang='lat' dir='ltr'>nausea</span> <span class='ocrx_word' id='word_1_184' title='bbox 1090 2369 1570 2429; x_wconf 90' lang='lat' dir='ltr'>sacrosanctam</span> <span class='ocrx_word' id='word_1_185' title='bbox 1610 2367 2008 2447; x_wconf 86' lang='lat' dir='ltr'>theologiam</span> <span class='ocrx_word' id='word_1_186' title='bbox 2049 2367 2160 2429; x_wconf 90' lang='lat' dir='ltr'>isti</span> <span class='ocrx_word' id='word_1_187' title='bbox 2202 2367 2562 2447; x_wconf 87' lang='lat' dir='ltr'>impietatis</span> <span class='ocrx_word' id='word_1_188' title='bbox 2608 2368 2907 2428; x_wconf 82' lang='lat' dir='ltr'>auctores</span> <span class='ocrx_word' id='word_1_189' title='bbox 2955 2365 3338 2429; x_wconf 83' lang='lat' dir='ltr'>exsibilant!</span> <span class='ocrx_word' id='word_1_190' title='bbox 3384 2367 3554 2428; x_wconf 90' lang='lat' dir='ltr'>Hinc</span> <span class='ocrx_word' id='word_1_191' title='bbox 3596 2367 3693 2428; x_wconf 92' lang='lat' dir='ltr'>tot</span> <span class='ocrx_word' id='word_1_192' title='bbox 3740 2384 3914 2429; x_wconf 92' lang='lat' dir='ltr'>erro-</span> 
     </span>
     <span class='ocr_line' id='line_1_19' title="bbox 805 2472 3914 2554; baseline 0.001 -20"><span class='ocrx_word' id='word_1_193' title='bbox 805 2489 954 2536; x_wconf 89' lang='lat' dir='ltr'>rum</span> <span class='ocrx_word' id='word_1_194' title='bbox 993 2474 1314 2554; x_wconf 86' lang='lat' dir='ltr'>magistri,</span> <span class='ocrx_word' id='word_1_195' title='bbox 1356 2474 1508 2536; x_wconf 91' lang='lat' dir='ltr'>hinc</span> <span class='ocrx_word' id='word_1_196' title='bbox 1547 2475 1646 2536; x_wconf 85' lang='lat' dir='ltr'>tot</span> <span class='ocrx_word' id='word_1_197' title='bbox 1681 2474 2126 2554; x_wconf 87' lang='lat' dir='ltr'>perditionum</span> <span class='ocrx_word' id='word_1_198' title='bbox 2164 2476 2382 2552; x_wconf 87' lang='lat' dir='ltr'>sectae,</span> <span class='ocrx_word' id='word_1_199' title='bbox 2422 2476 2495 2536; x_wconf 91' lang='lat' dir='ltr'>ut</span> <span class='ocrx_word' id='word_1_200' title='bbox 2533 2491 2695 2554; x_wconf 90' lang='lat' dir='ltr'>pene</span> <span class='ocrx_word' id='word_1_201' title='bbox 2733 2491 3071 2553; x_wconf 90' lang='lat' dir='ltr'>nunquam</span> <span class='ocrx_word' id='word_1_202' title='bbox 3110 2474 3244 2535; x_wconf 89' lang='lat' dir='ltr'>tam</span> <span class='ocrx_word' id='word_1_203' title='bbox 3284 2472 3622 2536; x_wconf 89' lang='lat' dir='ltr'>involutus</span> <span class='ocrx_word' id='word_1_204' title='bbox 3660 2474 3914 2554; x_wconf 91' lang='lat' dir='ltr'>opinio-</span> 
     </span>
     <span class='ocr_line' id='line_1_20' title="bbox 807 2581 3910 2662; baseline 0 -20"><span class='ocrx_word' id='word_1_205' title='bbox 807 2581 1003 2644; x_wconf 90' lang='lat' dir='ltr'>nibus</span> <span class='ocrx_word' id='word_1_206' title='bbox 1059 2583 1124 2643; x_wconf 91' lang='lat' dir='ltr'>et</span> <span class='ocrx_word' id='word_1_207' title='bbox 1178 2583 1374 2644; x_wconf 89' lang='lat' dir='ltr'>sectis</span> <span class='ocrx_word' id='word_1_208' title='bbox 1428 2583 1748 2644; x_wconf 88' lang='lat' dir='ltr'>terrarum</span> <span class='ocrx_word' id='word_1_209' title='bbox 1808 2581 1984 2644; x_wconf 91' lang='lat' dir='ltr'>orbis</span> <span class='ocrx_word' id='word_1_210' title='bbox 2045 2582 2261 2658; x_wconf 90' lang='lat' dir='ltr'>fuerit,</span> <span class='ocrx_word' id='word_1_211' title='bbox 2322 2599 2520 2662; x_wconf 89' lang='lat' dir='ltr'>quam</span> <span class='ocrx_word' id='word_1_212' title='bbox 2578 2582 2665 2644; x_wconf 90' lang='lat' dir='ltr'>sit</span> <span class='ocrx_word' id='word_1_213' title='bbox 2720 2581 2937 2644; x_wconf 91' lang='lat' dir='ltr'>hodie.</span> <span class='ocrx_word' id='word_1_214' title='bbox 2994 2581 3190 2660; x_wconf 88' lang='lat' dir='ltr'>Apud</span> <span class='ocrx_word' id='word_1_215' title='bbox 3246 2583 3499 2644; x_wconf 87' lang='lat' dir='ltr'>veteres</span> <span class='ocrx_word' id='word_1_216' title='bbox 3564 2581 3719 2644; x_wconf 91' lang='lat' dir='ltr'>olim</span> <span class='ocrx_word' id='word_1_217' title='bbox 3778 2599 3910 2644; x_wconf 93' lang='lat' dir='ltr'>non</span> 
     </span>
     <span class='ocr_line' id='line_1_21' title="bbox 806 2687 3911 2767; baseline 0.001 -18"><span class='ocrx_word' id='word_1_218' title='bbox 806 2704 1126 2767; x_wconf 89' lang='lat' dir='ltr'>negamus</span> <span class='ocrx_word' id='word_1_219' title='bbox 1164 2687 1369 2750; x_wconf 90' lang='lat' dir='ltr'>fuisse</span> <span class='ocrx_word' id='word_1_220' title='bbox 1408 2689 1774 2767; x_wconf 77' lang='lat' dir='ltr'>haereticOS,</span> <span class='ocrx_word' id='word_1_221' title='bbox 1817 2689 1930 2750; x_wconf 90' lang='lat' dir='ltr'>sed</span> <span class='ocrx_word' id='word_1_222' title='bbox 1969 2689 2081 2750; x_wconf 89' lang='lat' dir='ltr'>alii</span> <span class='ocrx_word' id='word_1_223' title='bbox 2137 2687 2287 2750; x_wconf 89' lang='lat' dir='ltr'>aliis</span> <span class='ocrx_word' id='word_1_224' title='bbox 2331 2689 2787 2750; x_wconf 89' lang='lat' dir='ltr'>successerunt</span> <span class='ocrx_word' id='word_1_225' title='bbox 2829 2708 2841 2747; x_wconf 94' lang='lat'><strong>:</strong></span> <span class='ocrx_word' id='word_1_226' title='bbox 2886 2705 3015 2749; x_wconf 91' lang='lat' dir='ltr'>non</span> <span class='ocrx_word' id='word_1_227' title='bbox 3062 2688 3263 2751; x_wconf 87' lang='lat' dir='ltr'>simul</span> <span class='ocrx_word' id='word_1_228' title='bbox 3310 2689 3534 2750; x_wconf 82' lang='lat' dir='ltr'>Ariani</span> <span class='ocrx_word' id='word_1_229' title='bbox 3581 2691 3645 2751; x_wconf 93' lang='lat' dir='ltr'>et</span> <span class='ocrx_word' id='word_1_230' title='bbox 3683 2688 3911 2751; x_wconf 90' lang='lat' dir='ltr'>Photi-</span> 
     </span>
     <span class='ocr_line' id='line_1_22' title="bbox 805 2792 3910 2874; baseline 0.001 -20"><span class='ocrx_word' id='word_1_231' title='bbox 805 2794 1010 2873; x_wconf 91' lang='lat' dir='ltr'>niani,</span> <span class='ocrx_word' id='word_1_232' title='bbox 1042 2811 1175 2856; x_wconf 93' lang='lat' dir='ltr'>non</span> <span class='ocrx_word' id='word_1_233' title='bbox 1213 2794 1412 2857; x_wconf 89' lang='lat' dir='ltr'>simul</span> <span class='ocrx_word' id='word_1_234' title='bbox 1443 2794 1789 2857; x_wconf 87' lang='lat' dir='ltr'>Manichaei</span> <span class='ocrx_word' id='word_1_235' title='bbox 1827 2797 1891 2857; x_wconf 87' lang='lat' dir='ltr'>et</span> <span class='ocrx_word' id='word_1_236' title='bbox 1927 2792 2279 2858; x_wconf 87' lang='lat' dir='ltr'>Sabelliani</span> <span class='ocrx_word' id='word_1_237' title='bbox 2313 2793 2601 2874; x_wconf 89' lang='lat' dir='ltr'>fuerunt,</span> <span class='ocrx_word' id='word_1_238' title='bbox 2634 2793 2748 2856; x_wconf 88' lang='lat' dir='ltr'>sed</span> <span class='ocrx_word' id='word_1_239' title='bbox 2785 2811 2902 2874; x_wconf 91' lang='lat' dir='ltr'>per</span> <span class='ocrx_word' id='word_1_240' title='bbox 2938 2794 3133 2872; x_wconf 90' lang='lat' dir='ltr'>longa</span> <span class='ocrx_word' id='word_1_241' title='bbox 3171 2794 3412 2856; x_wconf 87' lang='lat' dir='ltr'>saecula</span> <span class='ocrx_word' id='word_1_242' title='bbox 3448 2795 3910 2857; x_wconf 88' lang='lat' dir='ltr'>succenturiati</span> 
     </span>
     <span class='ocr_line' id='line_1_23' title="bbox 804 2900 3913 2964; baseline 0 -2"><span class='ocrx_word' id='word_1_243' title='bbox 804 2902 960 2963; x_wconf 88' lang='lat' dir='ltr'>sunt</span> <span class='ocrx_word' id='word_1_244' title='bbox 995 2901 1144 2964; x_wconf 87' lang='lat' dir='ltr'>aliis</span> <span class='ocrx_word' id='word_1_245' title='bbox 1182 2901 1320 2964; x_wconf 87' lang='lat' dir='ltr'>alii.</span> <span class='ocrx_word' id='word_1_246' title='bbox 1361 2901 1507 2964; x_wconf 91' lang='lat' dir='ltr'>Hoc</span> <span class='ocrx_word' id='word_1_247' title='bbox 1546 2918 1699 2963; x_wconf 81' lang='lat' dir='ltr'>vero</span> <span class='ocrx_word' id='word_1_248' title='bbox 1735 2903 2038 2964; x_wconf 89' lang='lat' dir='ltr'>nostrum</span> <span class='ocrx_word' id='word_1_249' title='bbox 2077 2901 2396 2962; x_wconf 83' lang='lat' dir='ltr'>saeculum</span> <span class='ocrx_word' id='word_1_250' title='bbox 2440 2917 2669 2964; x_wconf 90' lang='lat' dir='ltr'>omnes</span> <span class='ocrx_word' id='word_1_251' title='bbox 2711 2901 3011 2962; x_wconf 90' lang='lat' dir='ltr'>omnium</span> <span class='ocrx_word' id='word_1_252' title='bbox 3057 2900 3341 2963; x_wconf 87' lang='lat' dir='ltr'>haereses</span> <span class='ocrx_word' id='word_1_253' title='bbox 3378 2901 3577 2963; x_wconf 88' lang='lat' dir='ltr'>simul</span> <span class='ocrx_word' id='word_1_254' title='bbox 3617 2901 3913 2964; x_wconf 85' lang='lat' dir='ltr'>exsusci-</span> 
     </span>
     <span class='ocr_line' id='line_1_24' title="bbox 804 3006 3907 3088; baseline 0 -20"><span class='ocrx_word' id='word_1_255' title='bbox 804 3007 991 3087; x_wconf 85' lang='lat' dir='ltr'>tavit,</span> <span class='ocrx_word' id='word_1_256' title='bbox 1033 3009 1108 3070; x_wconf 92' lang='lat' dir='ltr'>ut</span> <span class='ocrx_word' id='word_1_257' title='bbox 1156 3008 1400 3070; x_wconf 89' lang='lat' dir='ltr'>mirum</span> <span class='ocrx_word' id='word_1_258' title='bbox 1439 3006 1526 3070; x_wconf 89' lang='lat' dir='ltr'>sit</span> <span class='ocrx_word' id='word_1_259' title='bbox 1566 3008 1698 3068; x_wconf 89' lang='lat' dir='ltr'>tam</span> <span class='ocrx_word' id='word_1_260' title='bbox 1739 3006 1933 3070; x_wconf 83' lang='lat' dir='ltr'>breve</span> <span class='ocrx_word' id='word_1_261' title='bbox 1973 3009 2235 3087; x_wconf 90' lang='lat' dir='ltr'>tempus</span> <span class='ocrx_word' id='word_1_262' title='bbox 2282 3006 2381 3068; x_wconf 87' lang='lat' dir='ltr'>tot</span> <span class='ocrx_word' id='word_1_263' title='bbox 2427 3009 2749 3069; x_wconf 88' lang='lat' dir='ltr'>annorum</span> <span class='ocrx_word' id='word_1_264' title='bbox 2800 3007 3011 3086; x_wconf 90' lang='lat' dir='ltr'>spatia</span> <span class='ocrx_word' id='word_1_265' title='bbox 3058 3006 3258 3069; x_wconf 88' lang='lat' dir='ltr'>simul</span> <span class='ocrx_word' id='word_1_266' title='bbox 3300 3025 3492 3087; x_wconf 84' lang='lat' dir='ltr'>posse</span> <span class='ocrx_word' id='word_1_267' title='bbox 3538 3007 3907 3088; x_wconf 88' lang='lat' dir='ltr'>complecti.</span> 
     </span>
     <span class='ocr_line' id='line_1_25' title="bbox 802 3113 3910 3193; baseline 0.001 -19"><span class='ocrx_word' id='word_1_268' title='bbox 802 3113 1086 3177; x_wconf 91' lang='lat' dir='ltr'>Proinde</span> <span class='ocrx_word' id='word_1_269' title='bbox 1123 3131 1255 3177; x_wconf 92' lang='lat' dir='ltr'>non</span> <span class='ocrx_word' id='word_1_270' title='bbox 1290 3115 1478 3175; x_wconf 90' lang='lat' dir='ltr'>timet</span> <span class='ocrx_word' id='word_1_271' title='bbox 1515 3113 1641 3176; x_wconf 88' lang='lat' dir='ltr'>sibi</span> <span class='ocrx_word' id='word_1_272' title='bbox 1680 3114 2042 3193; x_wconf 87' lang='lat' dir='ltr'>Dionysius</span> <span class='ocrx_word' id='word_1_273' title='bbox 2079 3115 2303 3176; x_wconf 87' lang='lat' dir='ltr'>noster</span> <span class='ocrx_word' id='word_1_274' title='bbox 2340 3131 2379 3176; x_wconf 88' lang='lat' dir='ltr'>a</span> <span class='ocrx_word' id='word_1_275' title='bbox 2416 3114 2627 3176; x_wconf 85' lang='lat' dir='ltr'>doctis</span> <span class='ocrx_word' id='word_1_276' title='bbox 2670 3116 2731 3176; x_wconf 91' lang='lat' dir='ltr'>et</span> <span class='ocrx_word' id='word_1_277' title='bbox 2772 3114 3036 3193; x_wconf 89' lang='lat' dir='ltr'>pietatis</span> <span class='ocrx_word' id='word_1_278' title='bbox 3073 3113 3501 3192; x_wconf 76' lang='lat' dir='ltr'>amatoribuS,</span> <span class='ocrx_word' id='word_1_279' title='bbox 3538 3131 3671 3176; x_wconf 91' lang='lat' dir='ltr'>non</span> <span class='ocrx_word' id='word_1_280' title='bbox 3709 3115 3910 3177; x_wconf 89' lang='lat' dir='ltr'>etiam</span> 
     </span>
     <span class='ocr_line' id='line_1_26' title="bbox 805 3219 3911 3300; baseline 0 -19"><span class='ocrx_word' id='word_1_281' title='bbox 805 3219 888 3281; x_wconf 88' lang='lat' dir='ltr'>ab</span> <span class='ocrx_word' id='word_1_282' title='bbox 925 3219 1247 3282; x_wconf 89' lang='lat' dir='ltr'>institutis</span> <span class='ocrx_word' id='word_1_283' title='bbox 1286 3220 1352 3280; x_wconf 94' lang='lat' dir='ltr'>in</span> <span class='ocrx_word' id='word_1_284' title='bbox 1393 3221 1573 3282; x_wconf 89' lang='lat' dir='ltr'>omni</span> <span class='ocrx_word' id='word_1_285' title='bbox 1618 3220 1932 3282; x_wconf 85' lang='lat' dir='ltr'>doctrinae</span> <span class='ocrx_word' id='word_1_286' title='bbox 1978 3237 2213 3300; x_wconf 89' lang='lat' dir='ltr'>genere</span> <span class='ocrx_word' id='word_1_287' title='bbox 2256 3220 2439 3298; x_wconf 89' lang='lat' dir='ltr'>viris,</span> <span class='ocrx_word' id='word_1_288' title='bbox 2482 3237 2711 3282; x_wconf 84' lang='lat' dir='ltr'>verum</span> <span class='ocrx_word' id='word_1_289' title='bbox 2742 3219 2825 3281; x_wconf 89' lang='lat' dir='ltr'>ab</span> <span class='ocrx_word' id='word_1_290' title='bbox 2855 3220 3080 3300; x_wconf 88' lang='lat' dir='ltr'>impiis</span> <span class='ocrx_word' id='word_1_291' title='bbox 3110 3220 3278 3299; x_wconf 82' lang='lat' dir='ltr'>istis,</span> <span class='ocrx_word' id='word_1_292' title='bbox 3320 3219 3403 3282; x_wconf 88' lang='lat' dir='ltr'>ab</span> <span class='ocrx_word' id='word_1_293' title='bbox 3438 3221 3786 3300; x_wconf 86' lang='lat' dir='ltr'>haereticis,</span> <span class='ocrx_word' id='word_1_294' title='bbox 3828 3219 3911 3282; x_wconf 90' lang='lat' dir='ltr'>ab</span> 
     </span>
     <span class='ocr_line' id='line_1_27' title="bbox 805 3325 3911 3408; baseline 0 -21"><span class='ocrx_word' id='word_1_295' title='bbox 805 3326 1154 3406; x_wconf 90' lang='lat' dir='ltr'>imperitis,</span> <span class='ocrx_word' id='word_1_296' title='bbox 1195 3344 1234 3388; x_wconf 97' lang='lat' dir='ltr'>a</span> <span class='ocrx_word' id='word_1_297' title='bbox 1263 3326 1487 3389; x_wconf 91' lang='lat' dir='ltr'>sciolis</span> <span class='ocrx_word' id='word_1_298' title='bbox 1523 3327 1694 3404; x_wconf 88' lang='lat' dir='ltr'>istis,</span> <span class='ocrx_word' id='word_1_299' title='bbox 1727 3325 1969 3406; x_wconf 89' lang='lat' dir='ltr'>quibus</span> <span class='ocrx_word' id='word_1_300' title='bbox 2009 3326 2137 3388; x_wconf 83' lang='lat' dir='ltr'>vile</span> <span class='ocrx_word' id='word_1_301' title='bbox 2177 3328 2276 3388; x_wconf 89' lang='lat' dir='ltr'>est</span> <span class='ocrx_word' id='word_1_302' title='bbox 2305 3327 2627 3406; x_wconf 89' lang='lat' dir='ltr'>quidquid</span> <span class='ocrx_word' id='word_1_303' title='bbox 2664 3344 2833 3389; x_wconf 85' lang='lat' dir='ltr'>verae</span> <span class='ocrx_word' id='word_1_304' title='bbox 2874 3326 3221 3406; x_wconf 71' lang='lat' dir='ltr'>theologiae</span> <span class='ocrx_word' id='word_1_305' title='bbox 3252 3329 3351 3390; x_wconf 89' lang='lat' dir='ltr'>est</span> <span class='ocrx_word' id='word_1_306' title='bbox 3380 3327 3592 3406; x_wconf 85' lang='lat' dir='ltr'>affine,</span> <span class='ocrx_word' id='word_1_307' title='bbox 3626 3330 3691 3390; x_wconf 88' lang='lat' dir='ltr'>et</span> <span class='ocrx_word' id='word_1_308' title='bbox 3720 3326 3911 3408; x_wconf 88' lang='lat' dir='ltr'>quid·</span> 
     </span>
     <span class='ocr_line' id='line_1_28' title="bbox 805 3432 3910 3514; baseline 0.001 -21"><span class='ocrx_word' id='word_1_309' title='bbox 805 3432 965 3512; x_wconf 88' lang='lat' dir='ltr'>quid</span> <span class='ocrx_word' id='word_1_310' title='bbox 997 3433 1123 3512; x_wconf 89' lang='lat' dir='ltr'>ipsi</span> <span class='ocrx_word' id='word_1_311' title='bbox 1153 3450 1284 3495; x_wconf 93' lang='lat' dir='ltr'>non</span> <span class='ocrx_word' id='word_1_312' title='bbox 1314 3435 1777 3514; x_wconf 85' lang='lat' dir='ltr'>assequuntur.</span> <span class='ocrx_word' id='word_1_313' title='bbox 1813 3433 1954 3494; x_wconf 88' lang='lat' dir='ltr'>Etsi</span> <span class='ocrx_word' id='word_1_314' title='bbox 1984 3434 2160 3495; x_wconf 91' lang='lat' dir='ltr'>enim</span> <span class='ocrx_word' id='word_1_315' title='bbox 2197 3433 2415 3496; x_wconf 88' lang='lat' dir='ltr'>forsan</span> <span class='ocrx_word' id='word_1_316' title='bbox 2453 3433 2815 3512; x_wconf 89' lang='lat' dir='ltr'>Dionysius</span> <span class='ocrx_word' id='word_1_317' title='bbox 2854 3449 2985 3495; x_wconf 91' lang='lat' dir='ltr'>non</span> <span class='ocrx_word' id='word_1_318' title='bbox 3024 3433 3333 3496; x_wconf 89' lang='lat' dir='ltr'>omnibus</span> <span class='ocrx_word' id='word_1_319' title='bbox 3363 3434 3573 3496; x_wconf 87' lang='lat' dir='ltr'>doctis</span> <span class='ocrx_word' id='word_1_320' title='bbox 3611 3435 3910 3498; x_wconf 89' lang='lat' dir='ltr'>videatur</span> 
     </span>
     <span class='ocr_line' id='line_1_29' title="bbox 805 3538 3909 3622; baseline 0.001 -20"><span class='ocrx_word' id='word_1_321' title='bbox 805 3538 1097 3619; x_wconf 91' lang='lat' dir='ltr'>qualibet</span> <span class='ocrx_word' id='word_1_322' title='bbox 1146 3540 1216 3601; x_wconf 90' lang='lat' dir='ltr'>in</span> <span class='ocrx_word' id='word_1_323' title='bbox 1267 3557 1334 3602; x_wconf 90' lang='lat' dir='ltr'>re</span> <span class='ocrx_word' id='word_1_324' title='bbox 1383 3557 1500 3620; x_wconf 93' lang='lat' dir='ltr'>pro</span> <span class='ocrx_word' id='word_1_325' title='bbox 1553 3539 1875 3620; x_wconf 89' lang='lat' dir='ltr'>cujusque</span> <span class='ocrx_word' id='word_1_326' title='bbox 1935 3540 2198 3620; x_wconf 88' lang='lat' dir='ltr'>ingenio</span> <span class='ocrx_word' id='word_1_327' title='bbox 2256 3540 2655 3618; x_wconf 83' lang='lat' dir='ltr'>satisfacere,</span> <span class='ocrx_word' id='word_1_328' title='bbox 2718 3542 2786 3602; x_wconf 86' lang='lat' dir='ltr'>ut</span> <span class='ocrx_word' id='word_1_329' title='bbox 2844 3558 2973 3602; x_wconf 92' lang='lat' dir='ltr'>non</span> <span class='ocrx_word' id='word_1_330' title='bbox 3032 3541 3307 3620; x_wconf 88' lang='lat' dir='ltr'>probant</span> <span class='ocrx_word' id='word_1_331' title='bbox 3366 3559 3624 3622; x_wconf 88' lang='lat' dir='ltr'>semper</span> <span class='ocrx_word' id='word_1_332' title='bbox 3679 3542 3909 3605; x_wconf 89' lang='lat' dir='ltr'>eadem</span> 
     </span>
     <span class='ocr_line' id='line_1_30' title="bbox 806 3643 3907 3728; baseline 0.001 -20"><span class='ocrx_word' id='word_1_333' title='bbox 806 3663 1034 3709; x_wconf 91' lang='lat' dir='ltr'>omnes</span> <span class='ocrx_word' id='word_1_334' title='bbox 1072 3643 1330 3726; x_wconf 91' lang='lat' dir='ltr'>(verum</span> <span class='ocrx_word' id='word_1_335' title='bbox 1369 3649 1468 3709; x_wconf 89' lang='lat' dir='ltr'>est</span> <span class='ocrx_word' id='word_1_336' title='bbox 1507 3647 1679 3708; x_wconf 89' lang='lat' dir='ltr'>enim</span> <span class='ocrx_word' id='word_1_337' title='bbox 1722 3647 1899 3726; x_wconf 91' lang='lat' dir='ltr'>quod</span> <span class='ocrx_word' id='word_1_338' title='bbox 1939 3647 2254 3709; x_wconf 91' lang='lat' dir='ltr'>Horatius</span> <span class='ocrx_word' id='word_1_339' title='bbox 2292 3647 2405 3724; x_wconf 89' lang='lat' dir='ltr'>ait,</span> <span class='ocrx_word' id='word_1_340' title='bbox 2434 3646 2641 3708; x_wconf 88' lang='lat' dir='ltr'>Millia</span> <span class='ocrx_word' id='word_1_341' title='bbox 2678 3649 2840 3726; x_wconf 89' lang='lat' dir='ltr'>quot</span> <span class='ocrx_word' id='word_1_342' title='bbox 2878 3648 3191 3728; x_wconf 84' lang='lat' dir='ltr'>capit-um,</span> <span class='ocrx_word' id='word_1_343' title='bbox 3226 3648 3499 3710; x_wconf 88' lang='lat' dir='ltr'>totidem</span> <span class='ocrx_word' id='word_1_344' title='bbox 3536 3649 3907 3711; x_wconf 89' lang='lat' dir='ltr'>studiorum</span> 
     </span>
     <span class='ocr_line' id='line_1_31' title="bbox 801 3752 3911 3835; baseline 0.001 -21"><span class='ocrx_word' id='word_1_345' title='bbox 801 3752 1074 3835; x_wconf 89' lang='lat' dir='ltr'>millia);</span> <span class='ocrx_word' id='word_1_346' title='bbox 1107 3754 1325 3817; x_wconf 88' lang='lat' dir='ltr'>tamen</span> <span class='ocrx_word' id='word_1_347' title='bbox 1367 3754 1440 3815; x_wconf 90' lang='lat' dir='ltr'>ut</span> <span class='ocrx_word' id='word_1_348' title='bbox 1469 3753 1702 3815; x_wconf 91' lang='lat' dir='ltr'>doctus</span> <span class='ocrx_word' id='word_1_349' title='bbox 1744 3753 2024 3834; x_wconf 91' lang='lat' dir='ltr'>quisque</span> <span class='ocrx_word' id='word_1_350' title='bbox 2058 3756 2124 3815; x_wconf 90' lang='lat' dir='ltr'>et</span> <span class='ocrx_word' id='word_1_351' title='bbox 2152 3755 2406 3816; x_wconf 89' lang='lat' dir='ltr'>amator</span> <span class='ocrx_word' id='word_1_352' title='bbox 2434 3754 2697 3833; x_wconf 86' lang='lat' dir='ltr'>pietatis</span> <span class='ocrx_word' id='word_1_353' title='bbox 2738 3753 2957 3831; x_wconf 90' lang='lat' dir='ltr'>fuerit,</span> <span class='ocrx_word' id='word_1_354' title='bbox 2998 3755 3091 3816; x_wconf 90' lang='lat' dir='ltr'>ita</span> <span class='ocrx_word' id='word_1_355' title='bbox 3128 3755 3421 3818; x_wconf 86' lang='lat' dir='ltr'>modeste</span> <span class='ocrx_word' id='word_1_356' title='bbox 3462 3755 3586 3817; x_wconf 91' lang='lat' dir='ltr'>fert</span> <span class='ocrx_word' id='word_1_357' title='bbox 3620 3755 3911 3819; x_wconf 84' lang='lat' dir='ltr'>alienum</span> 
     </span>
     <span class='ocr_line' id='line_1_32' title="bbox 801 3859 3910 3941; baseline 0.001 -19"><span class='ocrx_word' id='word_1_358' title='bbox 801 3860 1166 3939; x_wconf 88' lang='lat' dir='ltr'>ingenium,</span> <span class='ocrx_word' id='word_1_359' title='bbox 1221 3863 1286 3922; x_wconf 91' lang='lat' dir='ltr'>et</span> <span class='ocrx_word' id='word_1_360' title='bbox 1333 3860 1484 3922; x_wconf 90' lang='lat' dir='ltr'>licet</span> <span class='ocrx_word' id='word_1_361' title='bbox 1535 3859 1863 3922; x_wconf 89' lang='lat' dir='ltr'>interdum</span> <span class='ocrx_word' id='word_1_362' title='bbox 1921 3877 2052 3921; x_wconf 93' lang='lat' dir='ltr'>non</span> <span class='ocrx_word' id='word_1_363' title='bbox 2109 3859 2469 3922; x_wconf 88' lang='lat' dir='ltr'>admodum</span> <span class='ocrx_word' id='word_1_364' title='bbox 2518 3860 2779 3940; x_wconf 88' lang='lat' dir='ltr'>singula</span> <span class='ocrx_word' id='word_1_365' title='bbox 2832 3860 3063 3941; x_wconf 92' lang='lat' dir='ltr'>probet</span> <span class='ocrx_word' id='word_1_366' title='bbox 3113 3861 3399 3940; x_wconf 79' lang='lat' dir='ltr'>(tametsi</span> <span class='ocrx_word' id='word_1_367' title='bbox 3461 3862 3540 3924; x_wconf 92' lang='lat' dir='ltr'>de</span> <span class='ocrx_word' id='word_1_368' title='bbox 3588 3862 3910 3941; x_wconf 86' lang='lat' dir='ltr'>Dionysio</span> 
     </span>
     <span class='ocr_line' id='line_1_33' title="bbox 800 3964 3911 4049; baseline 0.001 -21"><span class='ocrx_word' id='word_1_369' title='bbox 800 3967 1024 4028; x_wconf 89' lang='lat' dir='ltr'>nostro</span> <span class='ocrx_word' id='word_1_370' title='bbox 1063 3966 1229 4028; x_wconf 92' lang='lat' dir='ltr'>nihil</span> <span class='ocrx_word' id='word_1_371' title='bbox 1267 3967 1396 4028; x_wconf 88' lang='lat' dir='ltr'>tale</span> <span class='ocrx_word' id='word_1_372' title='bbox 1437 3964 1917 4045; x_wconf 81' lang='lat' dir='ltr'>formidemus),</span> <span class='ocrx_word' id='word_1_373' title='bbox 1959 3984 2090 4029; x_wconf 94' lang='lat' dir='ltr'>non</span> <span class='ocrx_word' id='word_1_374' title='bbox 2129 3967 2399 4028; x_wconf 90' lang='lat' dir='ltr'>damnat</span> <span class='ocrx_word' id='word_1_375' title='bbox 2443 3968 2661 4029; x_wconf 88' lang='lat' dir='ltr'>tamen</span> <span class='ocrx_word' id='word_1_376' title='bbox 2700 3985 2911 4047; x_wconf 90' lang='lat' dir='ltr'>neque</span> <span class='ocrx_word' id='word_1_377' title='bbox 2950 3967 3213 4030; x_wconf 87' lang='lat' dir='ltr'>refutat.</span> <span class='ocrx_word' id='word_1_378' title='bbox 3256 3970 3340 4030; x_wconf 80' lang='lat' dir='ltr'>Et</span> <span class='ocrx_word' id='word_1_379' title='bbox 3378 3967 3611 4048; x_wconf 91' lang='lat' dir='ltr'>sicubi,</span> <span class='ocrx_word' id='word_1_380' title='bbox 3646 3969 3721 4030; x_wconf 92' lang='lat' dir='ltr'>ut</span> <span class='ocrx_word' id='word_1_381' title='bbox 3758 3985 3911 4049; x_wconf 88' lang='lat' dir='ltr'>pos-</span> 
     </span>
     <span class='ocr_line' id='line_1_34' title="bbox 802 4072 3911 4155; baseline 0.001 -19"><span class='ocrx_word' id='word_1_382' title='bbox 802 4072 992 4136; x_wconf 89' lang='lat' dir='ltr'>sibile</span> <span class='ocrx_word' id='word_1_383' title='bbox 1031 4075 1151 4152; x_wconf 88' lang='lat' dir='ltr'>est,</span> <span class='ocrx_word' id='word_1_384' title='bbox 1195 4073 1485 4136; x_wconf 78' lang='lat' dir='ltr'>inveniat</span> <span class='ocrx_word' id='word_1_385' title='bbox 1523 4073 1592 4134; x_wconf 91' lang='lat' dir='ltr'>in</span> <span class='ocrx_word' id='word_1_386' title='bbox 1635 4091 1765 4153; x_wconf 90' lang='lat' dir='ltr'>quo</span> <span class='ocrx_word' id='word_1_387' title='bbox 1817 4073 2221 4136; x_wconf 88' lang='lat' dir='ltr'>desideretur</span> <span class='ocrx_word' id='word_1_388' title='bbox 2258 4075 2619 4136; x_wconf 89' lang='lat' dir='ltr'>acrimonia</span> <span class='ocrx_word' id='word_1_389' title='bbox 2657 4076 2721 4136; x_wconf 91' lang='lat' dir='ltr'>et</span> <span class='ocrx_word' id='word_1_390' title='bbox 2760 4073 3133 4154; x_wconf 88' lang='lat' dir='ltr'>eloquentia</span> <span class='ocrx_word' id='word_1_391' title='bbox 3171 4076 3418 4155; x_wconf 88' lang='lat' dir='ltr'>purior,</span> <span class='ocrx_word' id='word_1_392' title='bbox 3454 4075 3734 4155; x_wconf 85' lang='lat' dir='ltr'>ignoscit</span> <span class='ocrx_word' id='word_1_393' title='bbox 3770 4075 3911 4138; x_wconf 91' lang='lat' dir='ltr'>bal-</span> 
     </span>
     <span class='ocr_line' id='line_1_35' title="bbox 801 4180 3910 4263; baseline 0.001 -20"><span class='ocrx_word' id='word_1_394' title='bbox 801 4180 1082 4243; x_wconf 89' lang='lat' dir='ltr'>butienti</span> <span class='ocrx_word' id='word_1_395' title='bbox 1120 4198 1592 4261; x_wconf 91' lang='lat' dir='ltr'>nonnunquam</span> <span class='ocrx_word' id='word_1_396' title='bbox 1631 4182 1864 4260; x_wconf 87' lang='lat' dir='ltr'>sponte</span> <span class='ocrx_word' id='word_1_397' title='bbox 1913 4181 2165 4261; x_wconf 85' lang='lat' dir='ltr'>pietati.</span> <span class='ocrx_word' id='word_1_398' title='bbox 2220 4181 2540 4243; x_wconf 87' lang='lat' dir='ltr'>Pietatem</span> <span class='ocrx_word' id='word_1_399' title='bbox 2594 4181 2771 4244; x_wconf 90' lang='lat' dir='ltr'>enim</span> <span class='ocrx_word' id='word_1_400' title='bbox 2818 4182 3290 4262; x_wconf 90' lang='lat' dir='ltr'>reprehendere</span> <span class='ocrx_word' id='word_1_401' title='bbox 3332 4183 3482 4263; x_wconf 92' lang='lat' dir='ltr'>quis</span> <span class='ocrx_word' id='word_1_402' title='bbox 3529 4183 3784 4263; x_wconf 80' lang='lat' dir='ltr'>possit?</span> <span class='ocrx_word' id='word_1_403' title='bbox 3821 4184 3910 4245; x_wconf 88' lang='lat' dir='ltr'>At</span> 
     </span>
     <span class='ocr_line' id='line_1_36' title="bbox 803 4285 3904 4369; baseline 0.001 -21"><span class='ocrx_word' id='word_1_404' title='bbox 803 4287 1095 4349; x_wconf 87' lang='lat' dir='ltr'>haeretici</span> <span class='ocrx_word' id='word_1_405' title='bbox 1134 4289 1198 4349; x_wconf 93' lang='lat' dir='ltr'>et</span> <span class='ocrx_word' id='word_1_406' title='bbox 1232 4285 1471 4367; x_wconf 86' lang='lat' dir='ltr'>plebeii</span> <span class='ocrx_word' id='word_1_407' title='bbox 1511 4287 1619 4348; x_wconf 87' lang='lat' dir='ltr'>isti</span> <span class='ocrx_word' id='word_1_408' title='bbox 1649 4287 1963 4368; x_wconf 86' lang='lat' dir='ltr'>theologi,</span> <span class='ocrx_word' id='word_1_409' title='bbox 1999 4288 2414 4368; x_wconf 87' lang='lat' dir='ltr'>impudenter</span> <span class='ocrx_word' id='word_1_410' title='bbox 2450 4287 2575 4350; x_wconf 91' lang='lat' dir='ltr'>sibi</span> <span class='ocrx_word' id='word_1_411' title='bbox 2614 4289 3005 4367; x_wconf 89' lang='lat' dir='ltr'>permittunt</span> <span class='ocrx_word' id='word_1_412' title='bbox 3042 4290 3106 4350; x_wconf 92' lang='lat' dir='ltr'>et</span> <span class='ocrx_word' id='word_1_413' title='bbox 3143 4288 3331 4368; x_wconf 86' lang='lat' dir='ltr'>quasi</span> <span class='ocrx_word' id='word_1_414' title='bbox 3368 4306 3487 4369; x_wconf 91' lang='lat' dir='ltr'>pro</span> <span class='ocrx_word' id='word_1_415' title='bbox 3520 4289 3670 4369; x_wconf 89' lang='lat' dir='ltr'>jure</span> <span class='ocrx_word' id='word_1_416' title='bbox 3707 4308 3904 4353; x_wconf 91' lang='lat' dir='ltr'>usur-</span> 
     </span>
     <span class='ocr_line' id='line_1_37' title="bbox 804 4392 3899 4477; baseline 0.001 -23"><span class='ocrx_word' id='word_1_417' title='bbox 804 4394 986 4475; x_wconf 90' lang='lat' dir='ltr'>pant,</span> <span class='ocrx_word' id='word_1_418' title='bbox 1013 4392 1155 4455; x_wconf 89' lang='lat' dir='ltr'>sine</span> <span class='ocrx_word' id='word_1_419' title='bbox 1186 4393 1457 4470; x_wconf 91' lang='lat' dir='ltr'>ratione,</span> <span class='ocrx_word' id='word_1_420' title='bbox 1491 4393 1631 4455; x_wconf 92' lang='lat' dir='ltr'>sine</span> <span class='ocrx_word' id='word_1_421' title='bbox 1662 4392 1919 4472; x_wconf 84' lang='lat' dir='ltr'>litteriS,</span> <span class='ocrx_word' id='word_1_422' title='bbox 1954 4395 2018 4456; x_wconf 91' lang='lat' dir='ltr'>et</span> <span class='ocrx_word' id='word_1_423' title='bbox 2046 4410 2162 4473; x_wconf 93' lang='lat' dir='ltr'>pro</span> <span class='ocrx_word' id='word_1_424' title='bbox 2205 4393 2473 4457; x_wconf 86' lang='lat' dir='ltr'>libidine</span> <span class='ocrx_word' id='word_1_425' title='bbox 2514 4394 2679 4472; x_wconf 86' lang='lat' dir='ltr'>sola,</span> <span class='ocrx_word' id='word_1_426' title='bbox 2706 4394 2775 4455; x_wconf 91' lang='lat' dir='ltr'>in</span> <span class='ocrx_word' id='word_1_427' title='bbox 2806 4412 3025 4456; x_wconf 89' lang='lat' dir='ltr'>veram</span> <span class='ocrx_word' id='word_1_428' title='bbox 3058 4394 3455 4476; x_wconf 89' lang='lat' dir='ltr'>theologiam</span> <span class='ocrx_word' id='word_1_429' title='bbox 3494 4395 3899 4477; x_wconf 89' lang='lat' dir='ltr'>debacchari,</span> 
     </span>
     <span class='ocr_line' id='line_1_38' title="bbox 803 4499 3906 4582; baseline 0.001 -18"><span class='ocrx_word' id='word_1_430' title='bbox 803 4500 1231 4582; x_wconf 89' lang='lat' dir='ltr'>proscribere,</span> <span class='ocrx_word' id='word_1_431' title='bbox 1289 4499 1652 4580; x_wconf 90' lang='lat' dir='ltr'>repudiare.</span> <span class='ocrx_word' id='word_1_432' title='bbox 1713 4499 1817 4561; x_wconf 88' lang='lat' dir='ltr'>Ab</span> <span class='ocrx_word' id='word_1_433' title='bbox 1875 4500 2022 4562; x_wconf 89' lang='lat' dir='ltr'>istis</span> <span class='ocrx_word' id='word_1_434' title='bbox 2077 4502 2251 4580; x_wconf 88' lang='lat' dir='ltr'>quis,</span> <span class='ocrx_word' id='word_1_435' title='bbox 2314 4501 2442 4563; x_wconf 88' lang='lat' dir='ltr'>nisi</span> <span class='ocrx_word' id='word_1_436' title='bbox 2506 4501 2805 4581; x_wconf 86' lang='lat' dir='ltr'>ejusdem</span> <span class='ocrx_word' id='word_1_437' title='bbox 2871 4501 2958 4564; x_wconf 90' lang='lat' dir='ltr'>sit</span> <span class='ocrx_word' id='word_1_438' title='bbox 3023 4501 3273 4581; x_wconf 86' lang='lat' dir='ltr'>farinae,</span> <span class='ocrx_word' id='word_1_439' title='bbox 3334 4502 3497 4565; x_wconf 88' lang='lat' dir='ltr'>liber</span> <span class='ocrx_word' id='word_1_440' title='bbox 3551 4503 3783 4566; x_wconf 90' lang='lat' dir='ltr'>evadat</span> <span class='ocrx_word' id='word_1_441' title='bbox 3840 4506 3906 4566; x_wconf 90' lang='lat' dir='ltr'>et</span> 
     </span>
     <span class='ocr_line' id='line_1_39' title="bbox 805 4606 3904 4692; baseline 0.001 -21"><span class='ocrx_word' id='word_1_442' title='bbox 805 4625 1076 4671; x_wconf 89' lang='lat' dir='ltr'>securus</span> <span class='ocrx_word' id='word_1_443' title='bbox 1109 4606 1139 4668; x_wconf 76' lang='lat'>‘2</span> <span class='ocrx_word' id='word_1_444' title='bbox 1197 4607 1388 4680; x_wconf 90' lang='lat' dir='ltr'>Quod</span> <span class='ocrx_word' id='word_1_445' title='bbox 1444 4606 1708 4686; x_wconf 91' lang='lat' dir='ltr'>pietatis</span> <span class='ocrx_word' id='word_1_446' title='bbox 1765 4606 1832 4667; x_wconf 88' lang='lat' dir='ltr'>in</span> <span class='ocrx_word' id='word_1_447' title='bbox 1890 4607 2212 4686; x_wconf 86' lang='lat' dir='ltr'>Dionysio</span> <span class='ocrx_word' id='word_1_448' title='bbox 2279 4609 2400 4686; x_wconf 90' lang='lat' dir='ltr'>est,</span> <span class='ocrx_word' id='word_1_449' title='bbox 2460 4608 2800 4690; x_wconf 79' lang='lat' dir='ltr'>haeretici3</span> <span class='ocrx_word' id='word_1_450' title='bbox 2858 4609 3032 4689; x_wconf 91' lang='lat' dir='ltr'>quod</span> <span class='ocrx_word' id='word_1_451' title='bbox 3090 4609 3501 4689; x_wconf 89' lang='lat' dir='ltr'>eruditionis,</span> <span class='ocrx_word' id='word_1_452' title='bbox 3556 4611 3904 4692; x_wconf 87' lang='lat' dir='ltr'>theologiae</span> 
     </span>
     <span class='ocr_line' id='line_1_40' title="bbox 802 4713 3904 4797; baseline 0.001 -19"><span class='ocrx_word' id='word_1_453' title='bbox 802 4714 1029 4778; x_wconf 87' lang='lat' dir='ltr'>hostes</span> <span class='ocrx_word' id='word_1_454' title='bbox 1084 4717 1148 4777; x_wconf 91' lang='lat' dir='ltr'>et</span> <span class='ocrx_word' id='word_1_455' title='bbox 1201 4713 1501 4776; x_wconf 91' lang='lat' dir='ltr'>indoctus</span> <span class='ocrx_word' id='word_1_456' title='bbox 1549 4713 1851 4793; x_wconf 90' lang='lat' dir='ltr'>quisque,</span> <span class='ocrx_word' id='word_1_457' title='bbox 1894 4731 1974 4776; x_wconf 85' lang='lat' dir='ltr'>ex</span> <span class='ocrx_word' id='word_1_458' title='bbox 2027 4714 2323 4793; x_wconf 87' lang='lat' dir='ltr'>professo</span> <span class='ocrx_word' id='word_1_459' title='bbox 2374 4714 2886 4778; x_wconf 79' lang='lat' dir='ltr'>insectabantur.</span> <span class='ocrx_word' id='word_1_460' title='bbox 2944 4717 3132 4778; x_wconf 89' lang='lat' dir='ltr'>Nunc</span> <span class='ocrx_word' id='word_1_461' title='bbox 3184 4733 3337 4779; x_wconf 87' lang='lat' dir='ltr'>vero</span> <span class='ocrx_word' id='word_1_462' title='bbox 3389 4735 3595 4797; x_wconf 91' lang='lat' dir='ltr'>quum</span> <span class='ocrx_word' id='word_1_463' title='bbox 3646 4717 3734 4780; x_wconf 91' lang='lat' dir='ltr'>sit</span> <span class='ocrx_word' id='word_1_464' title='bbox 3779 4718 3904 4780; x_wconf 89' lang='lat' dir='ltr'>viri</span> 
     </span>
     <span class='ocr_line' id='line_1_41' title="bbox 802 4819 3903 4904; baseline 0.001 -20"><span class='ocrx_word' id='word_1_465' title='bbox 802 4823 1014 4903; x_wconf 90' lang='lat' dir='ltr'>pietas</span> <span class='ocrx_word' id='word_1_466' title='bbox 1069 4820 1151 4882; x_wconf 90' lang='lat' dir='ltr'>ab</span> <span class='ocrx_word' id='word_1_467' title='bbox 1206 4819 1572 4883; x_wconf 86' lang='lat' dir='ltr'>eruditione</span> <span class='ocrx_word' id='word_1_468' title='bbox 1628 4838 1760 4900; x_wconf 87' lang='lat' dir='ltr'>qua</span> <span class='ocrx_word' id='word_1_469' title='bbox 1809 4819 2014 4900; x_wconf 91' lang='lat' dir='ltr'>pollet</span> <span class='ocrx_word' id='word_1_470' title='bbox 2073 4820 2550 4900; x_wconf 78' lang='lat' dir='ltr'>inseparabiliS,</span> <span class='ocrx_word' id='word_1_471' title='bbox 2603 4823 2668 4883; x_wconf 90' lang='lat' dir='ltr'>et</span> <span class='ocrx_word' id='word_1_472' title='bbox 2718 4824 2852 4885; x_wconf 88' lang='lat' dir='ltr'>tam</span> <span class='ocrx_word' id='word_1_473' title='bbox 2910 4822 3165 4886; x_wconf 90' lang='lat' dir='ltr'>erudita</span> <span class='ocrx_word' id='word_1_474' title='bbox 3230 4822 3373 4902; x_wconf 87' lang='lat' dir='ltr'>ejus</span> <span class='ocrx_word' id='word_1_475' title='bbox 3438 4824 3647 4903; x_wconf 89' lang='lat' dir='ltr'>pietas</span> <span class='ocrx_word' id='word_1_476' title='bbox 3704 4841 3903 4904; x_wconf 89' lang='lat' dir='ltr'>quam</span> 
     </span>
     <span class='ocr_line' id='line_1_42' title="bbox 802 4926 3905 5010; baseline 0.001 -20"><span class='ocrx_word' id='word_1_477' title='bbox 802 4931 913 5010; x_wconf 90' lang='lat' dir='ltr'>pia</span> <span class='ocrx_word' id='word_1_478' title='bbox 962 4926 1285 5009; x_wconf 89' lang='lat' dir='ltr'>eruditio;</span> <span class='ocrx_word' id='word_1_479' title='bbox 1334 4927 1410 4989; x_wconf 84' lang='lat' dir='ltr'>fit</span> <span class='ocrx_word' id='word_1_480' title='bbox 1457 4926 1578 4988; x_wconf 89' lang='lat' dir='ltr'>hac</span> <span class='ocrx_word' id='word_1_481' title='bbox 1625 4927 1968 5006; x_wconf 85' lang='lat' dir='ltr'>utriusque</span> <span class='ocrx_word' id='word_1_482' title='bbox 2016 4926 2110 4989; x_wconf 90' lang='lat' dir='ltr'>rei</span> <span class='ocrx_word' id='word_1_483' title='bbox 2161 4926 2581 5007; x_wconf 86' lang='lat' dir='ltr'>inseparabili</span> <span class='ocrx_word' id='word_1_484' title='bbox 2638 4929 3066 5008; x_wconf 84' lang='lat' dir='ltr'>connexione,</span> <span class='ocrx_word' id='word_1_485' title='bbox 3118 4931 3193 4992; x_wconf 91' lang='lat' dir='ltr'>ut</span> <span class='ocrx_word' id='word_1_486' title='bbox 3245 4929 3574 4993; x_wconf 86' lang='lat' dir='ltr'>morsibus</span> <span class='ocrx_word' id='word_1_487' title='bbox 3624 4931 3905 4994; x_wconf 88' lang='lat' dir='ltr'>istorum</span> 
     </span>
     <span class='ocr_line' id='line_1_43' title="bbox 801 5032 3907 5116; baseline 0.001 -18"><span class='ocrx_word' id='word_1_488' title='bbox 801 5053 1141 5116; x_wconf 87' lang='lat' dir='ltr'>nunquam</span> <span class='ocrx_word' id='word_1_489' title='bbox 1195 5051 1325 5095; x_wconf 91' lang='lat' dir='ltr'>non</span> <span class='ocrx_word' id='word_1_490' title='bbox 1380 5033 1686 5096; x_wconf 87' lang='lat' dir='ltr'>reddatur</span> <span class='ocrx_word' id='word_1_491' title='bbox 1737 5032 2082 5095; x_wconf 86' lang='lat' dir='ltr'>obnoxius.</span> <span class='ocrx_word' id='word_1_492' title='bbox 2140 5033 2529 5114; x_wconf 86' lang='lat' dir='ltr'>Temperare</span> <span class='ocrx_word' id='word_1_493' title='bbox 2582 5035 2759 5098; x_wconf 91' lang='lat' dir='ltr'>enim</span> <span class='ocrx_word' id='word_1_494' title='bbox 2815 5035 2940 5098; x_wconf 89' lang='lat' dir='ltr'>sibi</span> <span class='ocrx_word' id='word_1_495' title='bbox 2988 5037 3114 5098; x_wconf 92' lang='lat' dir='ltr'>hoc</span> <span class='ocrx_word' id='word_1_496' title='bbox 3166 5054 3373 5116; x_wconf 90' lang='lat' dir='ltr'>genus</span> <span class='ocrx_word' id='word_1_497' title='bbox 3421 5037 3769 5100; x_wconf 92' lang='lat' dir='ltr'>hominum</span> <span class='ocrx_word' id='word_1_498' title='bbox 3824 5038 3907 5101; x_wconf 93' lang='lat' dir='ltr'>ab</span> 
     </span>
     <span class='ocr_line' id='line_1_44' title="bbox 803 5139 3905 5225; baseline 0 -20"><span class='ocrx_word' id='word_1_499' title='bbox 803 5143 1045 5224; x_wconf 80' lang='lat' dir='ltr'>injuria</span> <span class='ocrx_word' id='word_1_500' title='bbox 1085 5158 1217 5204; x_wconf 87' lang='lat' dir='ltr'>non</span> <span class='ocrx_word' id='word_1_501' title='bbox 1251 5140 1489 5221; x_wconf 88' lang='lat' dir='ltr'>potest,</span> <span class='ocrx_word' id='word_1_502' title='bbox 1531 5141 1596 5202; x_wconf 89' lang='lat' dir='ltr'>et</span> <span class='ocrx_word' id='word_1_503' title='bbox 1631 5141 1704 5202; x_wconf 93' lang='lat' dir='ltr'>ut</span> <span class='ocrx_word' id='word_1_504' title='bbox 1741 5139 1956 5202; x_wconf 87' lang='lat' dir='ltr'>desint</span> <span class='ocrx_word' id='word_1_505' title='bbox 1997 5140 2120 5202; x_wconf 86' lang='lat' dir='ltr'>viri</span> <span class='ocrx_word' id='word_1_506' title='bbox 2160 5140 2349 5220; x_wconf 88' lang='lat' dir='ltr'>probi</span> <span class='ocrx_word' id='word_1_507' title='bbox 2389 5159 2556 5221; x_wconf 90' lang='lat' dir='ltr'>quos</span> <span class='ocrx_word' id='word_1_508' title='bbox 2594 5143 3017 5222; x_wconf 88' lang='lat' dir='ltr'>insectentur,</span> <span class='ocrx_word' id='word_1_509' title='bbox 3051 5143 3179 5223; x_wconf 91' lang='lat' dir='ltr'>ipsi</span> <span class='ocrx_word' id='word_1_510' title='bbox 3221 5144 3383 5224; x_wconf 92' lang='lat' dir='ltr'>De0,</span> <span class='ocrx_word' id='word_1_511' title='bbox 3427 5145 3644 5206; x_wconf 90' lang='lat' dir='ltr'>omnis</span> <span class='ocrx_word' id='word_1_512' title='bbox 3677 5144 3905 5225; x_wconf 89' lang='lat' dir='ltr'>probi-</span> 
     </span>
     <span class='ocr_line' id='line_1_45' title="bbox 801 5245 3903 5328; baseline 0.001 -15"><span class='ocrx_word' id='word_1_513' title='bbox 801 5251 958 5314; x_wconf 90' lang='lat' dir='ltr'>tatis</span> <span class='ocrx_word' id='word_1_514' title='bbox 1009 5246 1282 5326; x_wconf 90' lang='lat' dir='ltr'>auctori,</span> <span class='ocrx_word' id='word_1_515' title='bbox 1343 5245 1586 5309; x_wconf 90' lang='lat' dir='ltr'>bellum</span> <span class='ocrx_word' id='word_1_516' title='bbox 1643 5246 1962 5309; x_wconf 87' lang='lat' dir='ltr'>indicunt.</span> <span class='ocrx_word' id='word_1_517' title='bbox 2021 5247 2120 5308; x_wconf 89' lang='lat' dir='ltr'>An</span> <span class='ocrx_word' id='word_1_518' title='bbox 2169 5263 2301 5308; x_wconf 92' lang='lat' dir='ltr'>non</span> <span class='ocrx_word' id='word_1_519' title='bbox 2362 5248 2476 5328; x_wconf 90' lang='lat' dir='ltr'>qui</span> <span class='ocrx_word' id='word_1_520' title='bbox 2526 5266 2734 5328; x_wconf 91' lang='lat' dir='ltr'>nuper</span> <span class='ocrx_word' id='word_1_521' title='bbox 2790 5250 3185 5312; x_wconf 89' lang='lat' dir='ltr'>damnarunt</span> <span class='ocrx_word' id='word_1_522' title='bbox 3230 5267 3493 5313; x_wconf 89' lang='lat' dir='ltr'>omnem</span> <span class='ocrx_word' id='word_1_523' title='bbox 3546 5252 3903 5316; x_wconf 88' lang='lat' dir='ltr'>humanam</span> 
     </span>
    </p>
   </div>
  </div>
 </body>
</html>
