4334 6242
794 477 914 544 314

1492 499 1557 545 m
1596 500 1817 546 uatum
1858 501 1903 546 n
1944 501 2425 548 SENTENTIARUE.
2473 520 2554 532 -
2594 503 2747 550 DIST.
2789 504 2868 566 V3
2912 505 3135 560 QUAEST.
3181 504 3202 551 1

795 672 1037 735 exstitit
1083 673 1492 754 angelorum3
1542 675 1918 748 secundum,
1969 676 2138 757 quod
2190 694 2295 736 an·
2321 671 2374 734 A
2406 684 2718 751 movetur,
2751 683 2967 758 utpote
3008 678 3159 740 dum
3203 677 3431 759 cogitat
3462 678 3539 738 de
3579 675 3910 740 beneficio

794 771 919 852 geli
969 772 1209 834 altioris
1260 780 1519 846 natura),
1562 773 1803 835 altioris
1847 791 2100 855 quoque
2147 773 2296 834 facti

794 870 922 932 sint
962 870 1199 951 gloriae,
1235 890 1347 952 per
1393 871 1509 933 hoc
1554 872 1722 952 quod
1768 871 2099 934 intensiori
2141 871 2297 934 affe—

794 976 898 1030 ctu
940 987 1007 1030 se
1046 970 1123 1030 ad
1168 970 1367 1031 Deum
1412 971 1857 1032 converterint.
1891 971 2081 1032 Porro
2126 971 2294 1053 quod

792 1067 901 1138 ait,
952 1068 1248 1148 angelum
1310 1068 1686 1150 sapientiam
1739 1069 2113 1150 perdidisse,
2168 1088 2294 1131 non

793 1173 1102 1246 quantum
1136 1166 1213 1226 ad
1244 1165 1559 1238 habitum,
1581 1167 1689 1228 sed
1724 1167 1928 1247 quoad
1960 1186 2146 1228 usum
2183 1185 2294 1228 seu

793 1270 1028 1335 actum,
1064 1263 1335 1343 intelligi
1376 1264 1599 1344 nequit
1628 1265 1704 1326 de-
1738 1265 2048 1345 sapientia
2080 1284 2298 1346 super-

796 1360 1067 1421 naturali
1111 1360 1321 1422 infusa
1356 1361 1599 1424 caritati
1642 1380 1895 1443 semper
1929 1381 2194 1436 annexa,
2230 1362 2295 1424 in

795 1478 941 1540 qua,
976 1460 1329 1521 secundum
1370 1459 1738 1541 pra-habita,
1773 1459 1963 1521 creati
2005 1467 2153 1521 sunt
2191 1479 2297 1521 an-

794 1557 942 1637 geli,
976 1558 1087 1619 sed
1118 1559 1193 1619 de
1224 1559 1538 1640 sapientia
1567 1558 1859 1632 naturali,
1884 1577 2025 1640 quai
2055 1559 2295 1620 donum

794 1665 888 1718 est
932 1657 1147 1738 gratiae
1190 1657 1383 1737 gratis
1426 1658 1605 1719 data».

2407 783 2476 836 ut
2523 784 2618 837 est
2665 775 3080 850 beneficium,
3133 785 3193 839 et
3243 776 3421 858 parvi
3473 777 3694 858 pendit
3743 776 3912 838 illud

2406 893 2516 936 seu
2559 874 3030 937 benefactorem
3069 895 3082 938 ε
3115 883 3175 937 et
3209 875 3297 937 ita
3325 883 3422 937 est
3451 874 3728 956 speciale
3763 893 3915 958 pec-

2408 981 2641 1035 catum.
2677 974 2754 1035 Et
2783 974 2875 1036 sic
2917 992 3042 1035 non
3081 973 3370 1056 peccavit
3407 973 3720 1047 diaboluS,
3755 974 3918 1055 quia

2407 1089 2532 1133 non
2583 1071 2882 1152 cogitavit
2929 1073 3006 1134 de
3057 1072 3391 1136 beneficiis
3451 1073 3560 1135 Dei
3611 1081 3682 1134 ut
3727 1081 3916 1134 erant

2406 1171 2542 1244 Dei,
2596 1172 2705 1233 sed
2767 1171 2830 1233 in
2883 1180 3192 1253 quantum
3253 1179 3432 1234 erant
3480 1190 3593 1233 sua
3650 1171 3916 1253 propria

2406 1268 2609 1331 bona:
2639 1269 2877 1333 idcirco
2904 1270 3105 1332 elatus
3137 1277 3246 1331 est.
3271 1271 3416 1333 Haec
3441 1270 3908 1332 Bonaventura.

2486 1367 2603 1440 Qui
2657 1367 2983 1430 declarans
3041 1368 3315 1449 qualiter
3362 1367 3653 1430 diabolus
3704 1367 3914 1430 voluit

2406 1465 2534 1527 Deo
2567 1463 2886 1545 parificari
2923 1483 2936 1526 :
2971 1465 3215 1546 Duplex
3253 1473 3372 1539 est,
3405 1465 3513 1539 ait,
3547 1464 3912 1528 similitudo

2407 1562 2540 1636 Dei,
2576 1571 2815 1644 utpote,
2849 1564 3322 1645 aequiparantiae
3351 1583 3463 1626 seu
3497 1563 3908 1644 aequalitatiS‚

2405 1669 2468 1722 et
2518 1660 2907 1724 imitationis.
2962 1661 3326 1724 Similitudo
3374 1661 3746 1724 imitationis
3797 1679 3912 1744 po-

2407 1767 2528 1822 test
2576 1761 2790 1841 appeti
2839 1761 3147 1832 ordinate,
3193 1767 3256 1823 et
3307 1761 3682 1822 inordinate.
3729 1760 3912 1823 Ordi-

876 1856 953 1917 At
1002 1872 1151 1916 vero
1206 1855 1645 1917 Bonaventura
1696 1872 1710 1916 ε
1762 1854 1974 1936 Aliqui
2028 1854 2293 1935 (inquit)
2330 1855 2378 1917 B
2409 1864 2572 1930 nate,
2606 1859 2861 1939 quando
2897 1859 3220 1940 appetitur
3260 1857 3324 1920 in
3368 1859 3466 1921 his
3497 1879 3640 1940 quai
3673 1866 3912 1922 nostrae

795 1952 1111 2026 dixerunt,
1174 1954 1342 2034 quod
1401 1953 1691 2015 diabolus
1752 1952 1945 2015 simul
2007 1959 2293 2034 tempore

796 2051 1083 2133 peccavit
1113 2050 1405 2132 pluribus
1436 2051 1773 2132 generibus
1800 2050 2114 2124 vitiorum,
2131 2051 2298 2132 prin-

796 2149 1065 2232 cipalius
1112 2158 1319 2212 tamen
1370 2150 1687 2232 superbia.
1731 2151 1905 2224 Quod
1955 2167 2082 2212 non
2127 2150 2297 2212 vide-

796 2255 919 2309 tur.
982 2249 1186 2321 Quum
1247 2249 1419 2310 enim
1478 2248 1778 2311 affectiva
1834 2248 1931 2310 vis
1988 2249 2294 2310 daemonis

799 2345 1071 2427 simplex
1102 2346 1205 2420 sit,
1230 2347 1767 2428 quemadmodum
1800 2346 2182 2416 intellectus,
2207 2347 2296 2407 id-

798 2462 875 2506 eo
919 2445 1083 2506 sicut
1129 2444 1487 2506 intellectus
1533 2462 1659 2506 non
1710 2453 1915 2526 potest
1962 2444 2155 2506 simul
2201 2444 2293 2505 in-

798 2543 1083 2624 telligere
1116 2542 1299 2624 plura
1338 2563 1455 2605 nec
1486 2542 1701 2624 plures
1736 2543 2150 2623 cogitationes
2188 2542 2293 2603 ha-

800 2640 972 2715 bere,
1005 2641 1097 2702 sic
1134 2659 1339 2722 neque
1369 2639 1639 2702 affectus
1674 2640 1737 2701 in
1770 2641 1991 2702 eodem
2034 2640 2293 2702 instanti

800 2746 1008 2820 potest
1051 2738 1234 2820 plura
1279 2746 1537 2820 peccata
1584 2738 2004 2811 committere,
2039 2757 2296 2819 praeser-

798 2837 912 2898 tim
945 2856 1088 2917 quae
1117 2836 1192 2897 ad
1226 2837 1507 2898 diversas
1544 2837 1862 2918 pertinent
1891 2837 2191 2908 actione-S,
2228 2844 2297 2896 ut

801 2934 1167 3006 infidelitas,
1188 2935 1508 3017 superbia,
1530 2935 1787 2996 invidia.
1813 2935 1959 2997 Ideo
1986 2935 2173 2996 aliter
2201 2942 2296 2995 est

2406 1962 2554 2016 sunt
2600 1955 3000 2036 aptitudiniS,
3041 1963 3106 2018 et
3147 1956 3379 2019 divinae
3426 1955 3908 2038 acceptationis,

2405 2060 2477 2114 ut
2515 2061 2665 2115 sunt
2700 2053 3120 2134 perfectiones
3154 2053 3484 2115 virtutum.
3516 2054 3908 2126 lnordinate,

2406 2151 2558 2213 dum
2607 2151 2931 2234 appetitur
2979 2152 3148 2233 quod
3197 2171 3321 2214 non
3373 2153 3575 2224 decet,
3618 2160 3724 2214 aut
3778 2153 3914 2214 Deo

2405 2266 2532 2310 non
2571 2248 2796 2329 placet,
2833 2257 2900 2309 ut
2931 2267 3223 2330 praeesse,
3260 2249 3502 2310 ulcisci.
3539 2249 3913 2312 Similitudo

2403 2353 2617 2407 autem
2677 2346 3043 2408 omnimoda
3099 2346 3476 2428 aequalitatis
3539 2347 3912 2409 nullatenus

2407 2451 2612 2524 potest
2659 2443 2871 2525 appeti
2923 2443 3247 2522 ordinate;
3298 2451 3504 2524 potest
3552 2452 3762 2506 tamen
3802 2445 3912 2523 (ut

2405 2542 2622 2622 credo)
2650 2542 2865 2623 aliquo
2911 2542 3099 2604 modo
3138 2542 3354 2623 appeti
3397 2542 3460 2603 in
3499 2541 3711 2623 aliqua
3755 2561 3910 2604 con·

2405 2640 2665 2712 ditione,
2713 2649 2782 2701 ut
2830 2640 2894 2700 in
2949 2639 3254 2712 dominio,
3306 2640 3728 2721 praesidentia,
3779 2640 3909 2702 sci-

2403 2739 2593 2800 entia.
2645 2774 2726 2783 —
2773 2738 3114 2800 Sciendum
3164 2755 3334 2818 ergo,
3387 2738 3557 2818 quod
3610 2737 3908 2800 diabolus

2405 2835 2619 2917 aliquo
2648 2837 2836 2898 modo
2869 2835 3138 2918 appetiit
3171 2835 3660 2898 similitudinem
3700 2836 3910 2898 imita-

2404 2933 2618 3008 tioniS,
2651 2942 2712 2995 et
2754 2934 2967 3015 aliquo
3017 2933 3204 2996 modo
3251 2934 3628 3015 aequalitatis
3671 2953 3684 2998 :
3731 2935 3908 3016 quod

800 3033 1163 3106 dicendum,
1201 3041 1439 3113 utpote,
1471 3033 1640 3114 quod
1673 3033 1983 3113 contingit
2013 3033 2186 3114 loqui
2219 3033 2296 3094 de
2333 3029 2376 3092 C
2408 3039 2600 3113 patet,
2651 3033 2704 3094 si
2753 3033 3114 3094 attendatur
3159 3031 3506 3113 appetibile
3555 3032 3718 3112 ejuS,
3771 3051 3910 3095 mo-

803 3139 1062 3213 peccato
1110 3132 1461 3193 secundum
1519 3130 1839 3212 triplicem
1902 3139 2157 3204 statum,
2211 3132 2299 3192 vi-

802 3229 1053 3302 delicet,
1088 3238 1396 3311 quantum
1428 3229 1507 3290 ad
1540 3229 2030 3303 inchoationem,
2056 3237 2118 3290 et
2149 3247 2297 3291 con-

804 3327 1320 3400 summationem,
1355 3335 1417 3388 et
1460 3327 2033 3390 confirmationem.
2078 3329 2298 3389 Pecca-

802 3433 940 3487 tum
998 3434 1211 3487 autem
1260 3424 1496 3486 diaboli
1558 3426 1877 3487 initiatum
1924 3433 2019 3487 est
2070 3426 2133 3486 in
2185 3445 2300 3486 sua

804 3523 1299 3605 praesumptione
1346 3540 1359 3584 ε
1412 3540 1556 3584 mox
1606 3524 1777 3585 enim
1830 3532 1895 3585 ut
1946 3523 2299 3605 pulchritu-

802 3621 1017 3684 dinem
1068 3640 1247 3682 suam
1299 3621 1478 3694 vidit,
1527 3622 1949 3704 praesumpsit.
1994 3623 2298 3684 Consum-

806 3726 1046 3780 matum
1087 3727 1181 3780 est
1215 3719 1278 3779 in
1317 3718 1687 3790 ambitione,
1721 3719 1871 3801 quia
1910 3739 2299 3801 praesumens

804 3819 884 3879 de
914 3836 1003 3891 se,
1035 3817 1303 3899 appetiit
1334 3818 1500 3899 quod
1533 3817 1795 3879 omnino
1825 3837 2017 3899 supra
2055 3836 2123 3880 se
2153 3817 2295 3878 fuit.

806 3916 925 3978 Sed
968 3915 1415 3977 confirmatum
1459 3924 1550 3977 est
1583 3916 1911 3978 aversione
1951 3915 2207 3978 invidiae
2239 3922 2303 3976 et

806 4015 1086 4078 rancoris
1124 4033 1138 4076 :
1180 4033 1256 4074 ex
1300 4031 1426 4094 quo
1470 4014 1640 4075 enim
1690 4013 1976 4075 obtinere
2024 4033 2148 4076 non
2197 4032 2302 4075 va-

807 4113 926 4175 luit
961 4112 1127 4194 quod
1171 4111 1433 4193 optavit,
1469 4111 1753 4173 invidere
1790 4111 2003 4192 coepit,
2036 4110 2303 4172 affectu—

2406 3132 2652 3213 dusque
2681 3131 3036 3212 appetendi.
3055 3129 3343 3192 Diabolus
3375 3131 3606 3213 quippe
3637 3132 3912 3213 appetiit

2406 3229 2547 3290 aliis
2578 3229 2936 3310 praesidere,
2971 3229 3228 3310 propria
3256 3237 3468 3290 tamen
3509 3229 3906 3292 auctoritate.

2407 3328 2581 3400 Quod
2631 3326 2898 3409 appetiit
2951 3345 3242 3408 praeesse,
3293 3326 3418 3388 fuit
3466 3327 3842 3390 imitationis
3892 3347 3908 3390 ε

2408 3426 2577 3506 quod
2625 3433 2688 3486 et
2735 3423 3136 3496 obtinuisset,
3185 3424 3234 3485 si
3287 3423 3685 3506 perstitisset.
3729 3425 3911 3498 Quod

2407 3530 2621 3584 autem
2675 3522 2929 3603 propria
2975 3521 3369 3594 auctoritate,
3418 3522 3503 3584 ita
3550 3523 3718 3604 quod
3767 3522 3914 3586 sine

2411 3620 2654 3682 meritis
2687 3627 2749 3682 et
2783 3619 2920 3681 sine
2962 3619 3490 3701 praeordinatione
3527 3620 3786 3694 datoriS,
3821 3622 3914 3684 ita

2409 3719 2577 3801 quod
2625 3718 2785 3779 nulli
2836 3717 3145 3780 subesset.
3197 3718 3668 3799 aequiparantiae
3719 3718 3842 3780 fuit
3893 3737 3909 3781 τ

2409 3817 2576 3898 quod
2617 3824 2680 3878 et
2712 3815 2926 3878 ‘multae
2966 3815 3338 3877 Sanctorum
3378 3815 3783 3878 auctoritates
3818 3824 3916 3879 te-

2411 3915 2793 3977 stantur.Ait
2823 3932 3098 3995 namque
3129 3913 3672 3995 GregoriuS,quod
3703 3914 3914 3977 voluit

2411 4032 2549 4076 esse
2599 4013 2697 4074 sui
2752 4012 2937 4092 juris,
2991 4013 3076 4074 ita
3123 4013 3290 4094 quod
3353 4012 3514 4073 nulli
3573 4012 3911 4092 subesset3

2413 4111 2788 4184 BernarduS,
2823 4110 2991 4192 quod
3029 4111 3297 4192 appetiit
3333 4109 3758 4192 aequalitatem
3803 4131 3918 4192 po·

806 4229 930 4293 quc
961 4210 1088 4272 odii
1122 4209 1469 4288 contraire3
1502 4217 1690 4291 atque
1723 4209 1787 4270 in
1816 4209 1936 4270 hoc
1969 4209 2302 4290 pertinaci·
2335 4215 2383 4276 D
2418 4209 2661 4288 tentiae3
2712 4209 3073 4282 AnselmuS‚
3124 4207 3293 4288 quod
3343 4208 3586 4289 optavit
3639 4228 3914 4289 praeesse

808 4319 902 4371 ter
950 4317 1046 4372 est
1094 4308 1411 4381 firmatus,
1462 4307 1765 4389 quoniam
1817 4307 1936 4368 hoc
1986 4307 2302 4388 separavit

806 4427 952 4469 eum
1004 4405 1266 4468 omnino
1308 4425 1345 4467 a
1386 4406 1534 4479 DeO,
1577 4414 1640 4467 et
1693 4404 2044 4486 perfectum
2096 4404 2303 4467 obsta-

807 4504 1023 4566 culum
1079 4505 1311 4586 posuit,
1358 4504 1523 4566 sicut
1572 4502 1851 4585 perfecta
1900 4503 2125 4565 caritas
2175 4505 2303 4566 Deo

807 4602 994 4684 plene
1021 4602 1540 4683 conjungit.—Si
1576 4620 1724 4664 vero
1754 4601 2301 4684 objiciatur‚quod

806 4710 1137 4783 peecatum
1180 4701 1415 4763 diaboli
1460 4700 1581 4763 fuit
1625 4701 2056 4781 ingratitudo:
2091 4701 2302 4762 dicen·

806 4801 981 4875 dum,
1017 4801 1183 4882 quod
1231 4799 1614 4879 ingratitudo
1657 4799 1998 4880 dupliciter
2040 4799 2296 4872 dicitur,

804 4900 1051 4963 scilicet
1111 4898 1398 4978 negative
1461 4905 1521 4958 et
1582 4897 1911 4978 privative.
1973 4897 2295 4978 Negative,

805 5001 958 5061 dum
991 4998 1133 5080 quis
1172 5014 1298 5058 non
1332 5003 1426 5056 est
1455 4995 1582 5056 Deo
1618 5002 1831 5074 gratus
1867 5003 1936 5055 ut
1966 4995 2152 5057 debet
2189 5013 2202 5057 ε
2237 5004 2300 5056 et

806 5099 891 5160 ita
948 5105 1044 5159 est
1102 5092 1577 5157 circumstantia
1633 5091 1918 5152 omnium
1971 5092 2291 5155 vitiorum.

804 5196 1115 5259 Privative
1159 5211 1309 5256 vero
1353 5212 1464 5254 seu
1507 5191 1839 5265 contrarie,
1872 5191 2127 5272 quando
2170 5211 2295 5255 non

807 5297 1015 5360 solum
1072 5312 1198 5358 non
1258 5299 1348 5354 est
1408 5299 1643 5374 gratus,
1698 5290 1825 5352 imo
1876 5299 1939 5352 et
1987 5290 2299 5355 contrarie

2414 4309 2552 4372 sine
2597 4308 2859 4369 meritiS.
2895 4307 3253 4386 Omnesque
3294 4325 3518 4367 verum
3568 4307 3810 4379 dicunt,
3846 4316 3916 4370 et

2413 4407 2626 4469 verbis
2656 4406 2925 4467 diversis
2965 4404 3132 4465 idem
3165 4402 3780 4484 circumloquuntur,
3813 4406 3914 4466 vi-

2412 4505 2642 4567 delicet
2700 4503 2867 4584 quod
2917 4501 3118 4563 voluit
3170 4519 3440 4582 praeesse
3489 4501 3746 4582 propria
3799 4520 3916 4563 au-

2412 4603 2718 4665 ctoritate.
2756 4601 2897 4662 Haec
2942 4600 3130 4661 idem.

2489 4699 2603 4773 Qui
2637 4699 2826 4760 etiam
2859 4697 3127 4760 aliorum
3161 4697 3529 4779 angelorum
3561 4716 3908 4777 pravorum

2411 4804 2668 4879 peccata
2707 4794 3008 4858 describit
3045 4815 3059 4859 :
3094 4795 3356 4857 Planum
3398 4803 3516 4870 est,
3549 4795 3788 4867 dicem,
3821 4815 3906 4858 ex

2408 4896 2595 4958 dictis
2643 4895 3015 4957 Sanctorum
3068 4901 3132 4956 et
3173 4893 3421 4973 glossis,
3473 4894 3641 4974 quod
3691 4894 3904 4974 angeli

2410 4994 2686 5056 minores
2727 4999 2987 5074 peccato
3017 4991 3332 5072 superbia}
3363 4999 3512 5052 sunt
3539 4992 3782 5067 aversi;
3813 5000 3906 5054 ta-

2411 5112 2554 5154 men
2588 5091 2654 5152 in
2687 5090 2875 5152 modo
2909 5089 3206 5171 ponendi,
3230 5089 3562 5152 diversitas
3591 5097 3704 5152 est.
3739 5090 3900 5153 Nam

2407 5192 2604 5274 aliqui
2654 5191 2896 5262 dicunt,
2948 5190 3116 5270 quod
3170 5189 3540 5251 inferiorum
3599 5189 3907 5271 superbia

2410 5289 2532 5353 fuit
2584 5290 2648 5352 in
2707 5289 2848 5362 hoc,
2899 5289 3065 5370 quod
3126 5295 3582 5352 consenserunt
3639 5297 3904 5370 peccato
