4334 6242
878 479 1000 546 266

1539 499 1603 548 m
1643 503 1865 549 LIBRUM
1906 503 1950 548 11
1992 502 2475 548 SENTENTIARUM.
2521 521 2601 532 —
2643 501 2794 549 DlST.
2843 503 2950 566 1113
2993 500 3217 558 QUAEST.
3259 501 3324 548 v1

876 691 947 734 se
988 671 1127 753 ipso
1164 671 1401 746 videre,
1435 679 1529 734 est
1573 672 1896 735 beatitudo
1934 678 1997 733 et
2036 672 2370 754 praemium
2403 671 2454 733 A
2485 671 2618 733 Lux
2661 672 2854 752 igitur
2889 692 3139 734 summa
3169 680 3232 734 et
3263 672 3540 734 increata
3577 669 3747 734 idolo
3787 679 3970 732 caret.

879 772 1227 833 electorum
1273 789 1287 832 ι
1329 771 1407 832 ad
1456 771 1624 851 quod
1675 771 1850 832 nulla
1901 789 2013 851 per
2062 770 2374 832 naturalia

879 889 993 933 sua
1033 876 1241 952 potest
1283 869 1640 952 pertingere
1683 877 1986 931 creatura.

955 1066 1050 1128 Ad
1080 1066 1200 1128 hoc
1228 1066 1665 1129 Bonaventura
1698 1066 2070 1147 respondet:
2093 1065 2373 1145 Angelus

878 1165 1147 1226 naturali
1193 1166 1550 1246 cognitione
1594 1166 1876 1228 divinam
1921 1166 2264 1227 essentiam
2306 1165 2373 1226 in

876 1281 945 1324 se
990 1262 1128 1344 ipsa
1174 1282 1285 1325 seu
1336 1264 1593 1346 propria
1639 1264 2043 1345 increataque
2088 1264 2372 1326 claritate

878 1361 1093 1424 videre
1138 1381 1263 1424 non
1314 1362 1536 1444 potuit.
1582 1363 1807 1424 Divina
1848 1363 2021 1423 enim
2071 1362 2180 1424 lux
2233 1380 2372 1444 pro—

878 1467 1019 1541 pter
1068 1460 1481 1522 eminentiam
1540 1480 1718 1522 suam
1772 1460 2231 1523 inaccessibilis
2278 1468 2374 1522 est

877 1558 1124 1620 cunctis
1169 1558 1415 1620 viribus
1458 1568 1698 1621 naturae
1742 1569 1964 1621 creatae
2008 1578 2021 1622 :
2065 1558 2217 1620 hinc
2261 1577 2377 1640 per

876 1657 1217 1737 quamdam
1289 1656 1699 1738 benignitatis
1770 1657 2372 1719 condescensionem

878 1752 1029 1815 facit
1070 1761 1134 1815 et
1176 1754 1281 1816 dat
1329 1774 1397 1816 se
1440 1755 1757 1835 cognosci,
1800 1755 1885 1816 ita
1934 1755 2101 1835 quod
2153 1754 2218 1814 in
2265 1754 2373 1814 illa

2483 769 2642 831 Hinc
2685 769 2851 832 Deus
2896 789 3022 832 non
3068 770 3446 850 intelligitur
3487 769 3569 831 ab
3609 769 3836 849 angelo
3877 787 3980 830 ne-

2482 885 2608 949 que
2637 868 2718 929 ab
2747 869 2961 930 anima
3001 867 3121 930 sub
3161 867 3582 930 similitudine
3619 867 3838 947 aliqua
3873 866 3982 927 illo

2485 967 2671 1028 modo
2715 967 2847 1046 jam
2898 974 3082 1040 tacto,
3116 966 3225 1028 sed
3269 984 3336 1028 se
3381 967 3538 1048 ipso.
3571 965 3699 1028 Nec
3741 965 3980 1046 aliquid

2482 1065 2655 1126 aliud
2705 1085 2783 1126 ex
2833 1073 3009 1147 parte
3060 1065 3156 1127 sui
3209 1065 3574 1147 requiritur.
3623 1064 3858 1125 Tamen
3906 1081 3984 1124 ex

2484 1171 2662 1245 parte
2693 1164 3130 1244 cognoscentis
3171 1163 3518 1245 requiritur
3557 1161 3930 1223 assimilatio
3965 1178 3980 1221 :

2483 1281 2626 1343 quae
2681 1261 3054 1323 assimilatio
3113 1262 3189 1324 sit
3246 1262 3311 1323 in
3371 1261 3698 1322 intellectu
3757 1276 3985 1339 cogno-

2485 1368 2722 1433 scente,
2756 1361 2855 1422 vel
2895 1379 3009 1442 per
3039 1361 3277 1422 donum
3317 1368 3578 1431 naturae,
3612 1375 3740 1440 quo
3778 1356 3985 1418 factus

2485 1467 2580 1519 est
2617 1458 2693 1519 ad
2741 1459 3080 1539 imaginem
3123 1458 3456 1530 CreatoriS,
3487 1464 3550 1518 et
3585 1458 3720 1519 haec
3759 1463 3853 1518 est
3891 1475 3988 1517 as·

2486 1557 2788 1620 similatio
2833 1559 3077 1639 prima;
3120 1558 3218 1620 vel
3271 1576 3385 1639 per
3426 1557 3716 1636 gratiam,
3757 1563 3820 1616 et
3863 1554 3985 1616 ista

2483 1664 2580 1718 est
2629 1657 2866 1736 maj0r3
2916 1657 3048 1718 sive
3110 1675 3223 1738 per
3269 1655 3558 1736 gloriam,
3609 1661 3672 1716 et
3721 1655 3838 1715 ista
3885 1661 3986 1714 est

2487 1755 2780 1816 maxima.
2815 1755 3022 1816 Potest
3051 1772 3306 1835 quoque
3345 1753 3640 1833 cognosci
3681 1771 3794 1833 per
3829 1769 3982 1813 suos

877 1851 1237 1931 cognitione
1287 1870 1670 1933 cognoscens
1719 1853 1920 1914 multo
1970 1848 2112 1932 plus
2166 1850 2372 1932 agitur
2411 1853 2456 1914 B
2485 1851 2777 1926 ellectuS,
2797 1859 2866 1913 ut
2895 1853 3136 1914 dictum
3169 1860 3265 1913 est
3296 1852 3505 1932 primo
3535 1849 3981 1912 libro—Hanc
4045 1866 4254 1912 nomm.
4288 1893 4289 1924 f

876 1969 1068 2031 quam
1109 1950 1255 2031 agit.
1291 1951 1529 2031 lllaque
1572 1951 2022 2012 condescensio
2070 1949 2372 2012 bonitatis

878 2056 969 2110 est
1024 2048 1175 2131 quid
1223 2048 1591 2129 gratuitum.
1638 2048 1775 2110 Non
1824 2056 2037 2109 tamen
2085 2047 2374 2126 designat

877 2147 1109 2209 divinae
1141 2148 1431 2209 essentia)
1462 2145 1996 2219 humiliationem,
2031 2165 2230 2227 quum
2265 2145 2373 2207 illa

877 2263 1004 2307 non
1035 2245 1239 2307 valeat
1270 2245 1603 2322 minorari3
1628 2244 1738 2306 sed
1771 2245 2069 2324 importat
2098 2244 2371 2323 alicujus

877 2342 1036 2405 radii
1084 2343 1423 2423 gratuitam
1476 2341 1963 2415 immissionem,
2017 2361 2129 2422 per
2179 2361 2371 2423 quam

878 2459 1058 2502 mens
1111 2440 1279 2502 clare
1332 2441 1675 2520 cognoscit,
1730 2459 1925 2521 quum
1981 2447 2077 2500 est
2132 2438 2374 2500 immis-

872 2539 972 2601 sio
1007 2538 1114 2599 illa
1150 2539 1214 2600 in
1248 2537 1655 2610 abundantia,
1690 2538 1857 2599 sicut
1890 2537 2009 2599 erit
2046 2537 2107 2598 in
2147 2537 2367 2617 patria.

875 2673 955 2682 -
983 2636 1261 2716 Angelus
1302 2654 1451 2715 ergo
1490 2635 1771 2698 divinam
1815 2635 2155 2697 essentiam
2203 2635 2262 2695 in
2305 2653 2374 2696 se

879 2735 1016 2816 ipsa
1058 2752 1185 2795 non
1230 2742 1436 2815 potest
1474 2751 1851 2812 cognoscere
1895 2752 2008 2814 per
2056 2741 2370 2804 naturam,

872 2832 1417 2914 quemadmodum
1477 2830 1798 2911 colligitur
1854 2851 1890 2892 a
1947 2831 2248 2912 Dionysio
2308 2831 2372 2893 in

879 2930 1081 3012 primo
1112 2929 1388 3011 capitulo
1412 2929 1687 3011 Mysticae
1713 2929 2053 3008 theologiae.
2073 2929 2145 2990 Et
2173 2948 2375 3011 quam-

2482 1950 2853 2018 Alexander.
2901 1951 3096 2031 Cujus
3145 1949 3374 2031 positio
3425 1949 3585 2010 bene.
3633 1949 3980 2020 intellecta,

2482 2050 2820 2110 concordat
2867 2049 3340 2110 Bonaventurae.
3392 2048 3558 2109 Deus
3615 2047 3854 2127 quippe
3901 2065 3982 2107 ex

2481 2167 2595 2208 sua
2654 2157 2878 2209 natura
2923 2166 2990 2209 se
3041 2147 3180 2228 ipso
3229 2165 3478 2208 summe
3532 2143 3982 2226 cognoscibilis

2479 2255 2596 2318 est,
2631 2253 2690 2308 et
2719 2265 2756 2306 a
2785 2246 2991 2307 Beatis
3023 2245 3275 2306 videtur
3310 2244 3447 2305 sine
3491 2243 3699 2306 medio
3727 2243 3806 2305 ab
3838 2243 3984 2324 ipso

2479 2345 2690 2425 reipsa
2734 2331 3055 2417 distincto,
3089 2344 3209 2405 hoc
3253 2350 3345 2404 est
3388 2361 3503 2424 per
3545 2361 3727 2404 suam
3769 2359 3985 2403 essen-

2481 2443 2633 2503 tiam
2678 2462 2790 2504 seu
2835 2461 2946 2524 per
2991 2441 3268 2523 speciem
3315 2441 3682 2502 increatam.

2559 2541 2637 2602 At
2667 2557 2818 2602 vero
2856 2540 3073 2602 Petrus
3108 2558 3122 2602 ε
3157 2539 3380 2600 Divina
3409 2538 3676 2620 (inquit)
3707 2538 3987 2600 essentia

2482 2638 2918 2700 consideratur
2965 2637 3325 2718 dupliciter.
3372 2636 3603 2706 Primo,
3648 2635 3714 2697 in
3763 2655 3831 2696 se
3865 2653 3882 2696 :
3919 2643 3985 2696 et

2482 2736 2568 2796 ita
2621 2743 2717 2797 est
2765 2735 3089 2816 objectum
3139 2735 3312 2796 omni
3369 2742 3578 2796 creato
3629 2733 3983 2795 intellectui

2481 2832 3146 2914 improportionatum,
3199 2850 3316 2893 nec
3376 2839 3582 2913 potest
3641 2832 3719 2893 ad
3777 2831 3986 2912 ipsam

2481 2932 2788 3010 attingere
2838 2930 2962 2991 nisi
3015 2949 3208 3010 super
3255 2949 3369 2991 sua
3419 2928 3732 2991 naturalia
3779 2929 3986 2990 eleve-

880 3029 974 3090 vis
1015 3029 1179 3090 Deus
1217 3028 1299 3090 sit
1334 3028 1865 3110 praesentissimus
1906 3027 2100 3089 menti
2146 3034 2372 3090 creatae
2407 3032 2450 3095 C
2483 3037 2602 3090 tur.
2641 3029 2951 3100 SecundO,
2987 3036 3175 3110 prout
3217 3027 3281 3088 in
3323 3027 3628 3089 creaturis
3668 3027 3934 3089 resultat
3968 3047 3984 3090 z

878 3133 949 3188 ut
992 3126 1381 3209 principium
1432 3144 1833 3200 conservanS,
1877 3143 2002 3187 non
2048 3133 2258 3187 tamen
2303 3133 2375 3186 ut

877 3224 1200 3305 objectum
1254 3224 1619 3286 immutanS.
1665 3223 2079 3303 Cognoscitur
2118 3241 2372 3305 qnoque

876 3322 1248 3384 naturaliter
1288 3340 1415 3384 non
1461 3341 1575 3403 per
1612 3321 1974 3390 essentiam,
2008 3339 2216 3402 neque
2261 3340 2374 3402 per

878 3420 1155 3501 speciem
1190 3419 1467 3502 proprie,
1502 3421 1610 3481 sed
1646 3439 1757 3500 per
1785 3419 2055 3482 effectus
2087 3419 2375 3480 visibiles

879 3527 941 3580 et
974 3537 1086 3599 per
1114 3517 1477 3598 spirituales
1513 3517 1920 3590 substantiaS,
1955 3536 2068 3598 per
2100 3516 2374 3578 influen-

879 3616 1033 3678 tiam
1072 3617 1263 3678 etiam
1306 3615 1568 3676 luminis
1610 3615 2036 3676 connaturalis
2080 3615 2376 3696 potentiae

880 3714 1307 3793 cognoscenti,
1352 3713 1521 3793 quod
1571 3712 1922 3774 similitudo
1971 3721 2065 3774 est
2115 3712 2370 3792 cogniti.

882 3812 1113 3893 Sicque
1162 3811 1454 3892 cognovit
1503 3811 1764 3891 angelus
1824 3812 2020 3872 Deum
2084 3830 2197 3891 per
2251 3829 2377 3872 me-

882 3910 1083 3981 dium,
1144 3910 1388 3971 scilicet
1446 3929 1559 3990 per
1616 3907 1919 3971 effectum
1975 3927 1989 3970 ε
2041 3927 2168 3971 non
2228 3909 2378 3989 quia

882 4008 1163 4068 medium
1214 4007 1373 4068 illud
1432 4005 1553 4068 suit
1602 4008 1729 4068 Deo
1778 4007 1977 4087 magis
2026 4006 2377 4087 proportio-

881 4106 1045 4179 nale,
1088 4105 1197 4167 sed
1244 4105 1594 4166 intellectui
1640 4105 1943 4184 angelico.
1989 4105 2163 4167 Unde
2212 4105 2377 4166 Deus

2483 3133 2544 3188 et
2595 3127 2678 3187 ita
2729 3127 2893 3187 Deus
2943 3134 3038 3187 est
3088 3125 3450 3206 aliqualiter
3508 3125 3706 3186 menti
3759 3134 3988 3186 creatae

2485 3224 3017 3306 proportionatuS‚
3051 3224 3136 3284 ita
3167 3223 3332 3304 quod
3370 3241 3481 3304 per
3511 3241 3657 3285 suos
3689 3223 3986 3303 cognosci

2485 3329 2689 3404 potest
2729 3320 3019 3383 effectus.
3055 3320 3420 3382 Intellectus
3461 3321 3720 3402 quidem
3767 3321 3990 3381 huma-

2485 3440 2604 3481 nus
2648 3439 2725 3480 ex
2775 3418 3180 3480 sensibilium
3231 3417 3590 3498 cognitione
3641 3417 3868 3500 incipit
3909 3419 3988 3480 ad

2486 3518 2596 3579 Dei
2657 3516 3083 3596 cognitionem
3139 3516 3504 3588 ascendere,
3559 3515 3822 3596 angelus
3879 3535 3989 3577 ve-

2487 3633 2557 3677 ro
2598 3634 2674 3676 ex
2721 3613 3238 3675 immaterialium
3284 3613 3578 3691 not.ione;
3622 3621 3684 3675 et
3730 3613 3992 3694 propria

2486 3713 2760 3774 essentia
2818 3712 3020 3772 utitur
3078 3719 3378 3792 tanquam
3437 3709 3860 3772 similitudine
3908 3711 3990 3772 ad

2487 3810 2971 3890 intelligendum
3022 3810 3222 3870 Deum
3277 3809 3549 3870 naturali
3607 3809 3852 3870 notitia.
3909 3809 3992 3870 Se

2489 3907 2701 3988 ipsum
2751 3923 2902 3968 vero
2952 3905 3272 3985 cognoscit
3323 3906 3585 3985 angelus
3643 3923 3757 3986 per
3805 3924 3990 3966 suam

2488 4005 2867 4080 essentiam;
2909 4003 3065 4065 alios
3109 4020 3260 4064 vero
3303 4004 3558 4083 angelos
3607 4022 3723 4084 per
3764 4021 3992 4064 eorum

2489 4102 2734 4184 species
2782 4100 2906 4162 sibi
2952 4108 3271 4173 connataS,
3315 4101 3607 4181 quamvis
3655 4100 3855 4181 aliqui
3899 4101 3994 4160 di-

881 4203 1252 4264 naturaliter
1282 4202 1617 4264 videbatur
1656 4221 1769 4283 per
1807 4202 2139 4284 speculum
2170 4209 2230 4263 et
2267 4219 2378 4282 per
2410 4207 2458 4267 D
2491 4207 2636 4262 cant
2697 4199 2866 4280 quod
2937 4217 3049 4279 per
3111 4198 3356 4279 species
3416 4199 3781 4279 acquisitaS.
3843 4197 3994 4260 Haec

883 4300 1246 4380 vestigium,
1270 4299 1563 4380 quamvis
1594 4317 1717 4361 non
1753 4319 1864 4381 per
1894 4300 2184 4379 aenigma,
2209 4298 2377 4380 quod

883 4397 1313 4459 obscurationi
1346 4399 1811 4478 correspondet.
1848 4397 2238 4477 Augustinus
2272 4414 2380 4458 au-

885 4503 1013 4556 tem
1046 4494 1182 4555 vult
1213 4495 1443 4568 dicere,
1477 4495 1645 4576 quod
1686 4495 1852 4556 inter
1881 4496 2078 4556 Deum
2112 4502 2174 4556 ct
2207 4513 2379 4556 men-

886 4601 1010 4655 tem
1074 4610 1198 4654 non
1256 4602 1351 4655 est
1410 4593 1689 4654 medium
1753 4594 1817 4654 in
1879 4594 2117 4655 ratione
2178 4613 2382 4656 causae

886 4690 1250 4753 efficientis
1286 4692 1427 4753 Haec
1471 4691 1925 4753 Bonaventura.

964 4789 1317 4850 Alexander
1350 4806 1500 4850 vero
1540 4788 1644 4849 hic
1690 4787 1969 4868 loquitur
2002 4805 2016 4848 ε
2051 4789 2217 4849 Deus
2255 4806 2382 4851 uno

884 4887 1074 4949 modo
1104 4887 1239 4948 sine
1271 4886 1442 4947 omni
1478 4885 1686 4947 medio
1716 4885 2116 4965 cognoscitur
2146 4904 2212 4947 se
2247 4886 2382 4966 ipso

883 4985 963 5046 ab
1004 4985 1247 5064 angelo,
1281 4992 1344 5045 et
1385 4984 1449 5044 in
1490 4983 1795 5044 creaturis
1835 4983 2228 5064 conspicitur
2270 5002 2385 5064 pcr

884 5082 1373 5144 similitudinem
1418 5101 1527 5143 seu
1570 5079 1894 5142 effectum.
1930 5081 2064 5142 Lux
2107 5100 2383 5162 namque

886 5199 1013 5242 non
1057 5180 1309 5243 videtur
1348 5199 1461 5262 per
1501 5179 1763 5252 idolum,
1799 5179 2100 5260 quoniam
2144 5179 2383 5241 idolum

888 5286 985 5342 est
1032 5279 1123 5342 rei
1177 5277 1469 5340 habentis
1530 5277 1851 5360 propriam
1910 5277 2378 5358 figurationem.

2489 4299 2726 4360 Petrus.

2569 4395 2861 4476 Amplius
2905 4395 3128 4456 Scotus
3173 4394 3277 4455 hic
3319 4392 3567 4475 quaerit,
3599 4413 3680 4455 an
3723 4391 3994 4473 angelus

2491 4493 2718 4554 habeat
2757 4492 3109 4553 naturalem
3155 4492 3445 4554 notitiam
3490 4491 3854 4552 distinctam
3897 4492 3996 4553 di-

2491 4591 2654 4652 vinae
2684 4589 2992 4652 essentiae.
3010 4589 3102 4650 Ad
3133 4590 3302 4671 quod
3335 4589 3673 4670 respondet
3693 4589 3994 4661 :Quidam

2492 4687 2889 4750 concorditer
2919 4688 3140 4748 dicunt.
3170 4687 3336 4767 quod
3369 4686 3828 4768 no11‚quouiam
3859 4704 4000 4748 om·

2492 4786 2592 4848 nis
2653 4785 2811 4847 ratio
2869 4786 3126 4867 propria
3185 4784 3578 4864 intelligendi
3637 4784 3994 4864 objectum,

2495 4903 2606 4966 per
2644 4883 3145 4964 adaequationem
3187 4882 3344 4944 illud
3387 4889 3812 4963 repraesentat.
3841 4882 3998 4945 Nul-

2495 4982 2552 5042 la
2591 4988 2802 5042 autem
2845 4981 3120 5043 essentia
3163 4981 3488 5062 speciesve
3533 4987 3740 5042 creata
3783 4986 3998 5061 potest

2493 5080 2818 5159 adaequate
2848 5078 3131 5140 divinam
3167 5086 3616 5159 repraesentare
3647 5077 3940 5158 effigiem
3977 5099 3991 5143 :

2496 5178 2798 5260 quoniam
2837 5177 3162 5258 quodlibet
3200 5177 3321 5238 tale
3356 5177 3614 5238 finitum
3656 5186 3784 5254 est3
3815 5177 3994 5239 finiti

2496 5284 2709 5338 autem
2739 5277 2816 5338 ad
2849 5275 3177 5337 infinitum
3210 5293 3336 5338 non
3366 5282 3462 5338 est
3487 5276 3813 5356 adaequata
3845 5294 3994 5358 pro-

4011 1944 4058 1984 p.
4079 1929 4220 1972 2:532
4287 1947 4289 1972 ⁴
