4334 6242
767 471 885 537 132

1436 492 1501 539 IN
1542 493 1764 539 LIBRUM
1806 493 1849 538 u
1891 488 2374 537 SENTENTIARUM.
2420 508 2501 517 —
2543 490 2694 536 DIST.
2743 491 2828 552 113
2873 490 3095 544 QUAEST.
3145 490 3187 535 11

766 661 854 723 let
886 679 901 723 ε
936 662 1240 743 quoniam
1282 661 1453 724 circa
1493 662 1793 723 ultimum
1841 659 2123 741 corporis
2163 658 2262 720 11ae
2289 657 2342 719 A
2373 657 2448 719 lis
2481 666 2782 721 creaturae
2812 658 3212 721 immutabile
3241 666 3429 739 atque
3459 662 3872 739 perpetuum.

765 759 907 821 duae
947 760 1449 842 comparationes
1493 777 1619 822 non
1664 766 1811 820 sunt
1850 756 2264 839 incompossi-

764 857 963 938 biles3
1012 878 1185 920 nunc
1233 876 1385 921 vero
1439 858 1746 939 temporis
1799 863 1862 917 et
1916 874 2088 918 nunc
2142 854 2262 917 aevi

765 954 1002 1018 habent
1040 958 1457 1039 proprietates
1497 955 2050 1037 incompossibiles
2094 954 2263 1015 circa

767 1054 955 1117 idem.
989 1055 1230 1137 Nempe
1272 1063 1341 1116 ut
1381 1054 1605 1116 asserit
1647 1054 2038 1134 Augustinus
2082 1053 2148 1113 in
2194 1052 2263 1113 li-

764 1151 882 1214 bro
928 1152 1219 1217 LXXXlII
1266 1153 1718 1226 Quaestionum,
1769 1170 1941 1214 nunc
2000 1149 2117 1213 aevi
2166 1157 2263 1211 est

764 1250 1011 1323 stabile,
1054 1271 1227 1313 nunc
1267 1252 1571 1333 temporis
1612 1250 1925 1312 fluxibile.
1970 1248 2264 1331 Impossi-

762 1348 892 1411 bile
933 1356 1147 1413 autem
1191 1358 1289 1411 est
1330 1369 1533 1411 unum
1578 1358 1641 1410 et
1688 1349 1855 1410 idem
1906 1347 2261 1410 secundum

765 1447 933 1509 idem
984 1448 1177 1510 simul
1222 1447 1462 1511 moveri
1509 1466 1583 1509 ac
1632 1454 1814 1509 stare.
1848 1481 1929 1490 —
1956 1446 2116 1507 Hinc
2165 1464 2262 1507 se·

762 1546 970 1608 cunda
1006 1554 1182 1607 tenet
1219 1546 1461 1629 opinio,
1495 1546 1663 1627 quod
1705 1546 1917 1627 ipsum
1958 1563 2129 1606 nunc
2169 1562 2262 1606 se-

762 1642 981 1725 quitur
1028 1644 1370 1707 essentiam
1423 1644 1701 1706 materiae
1753 1643 1975 1725 primae
2028 1660 2043 1703 :
2094 1642 2261 1704 sicut

760 1760 909 1823 ergo
960 1742 1227 1804 materia
1275 1742 1340 1803 in
1389 1742 1690 1804 omnibus
1733 1748 1828 1803 est
1874 1741 2095 1802 eadem
2144 1758 2260 1821 per

2370 756 2433 818 Si
2464 775 2615 819 vero
2646 766 2963 838 quaeratur
2994 758 3072 819 de
3107 776 3406 819 mensura
3435 754 3876 837 angelicarum

2370 854 2803 930 affectionum,
2817 875 2895 917 an
2929 856 3010 917 sit
3035 855 3286 917 diversa
3312 874 3349 915 a
3380 863 3678 935 tempore,
3701 851 3882 913 infra

2371 952 2768 1015 discutietur.
2797 953 3105 1035 Nuncque
3137 960 3401 1026 constat,
3429 952 3597 1033 quod
3625 949 3880 1013 aeviter-

2371 1050 2537 1113 nitas
2565 1052 2977 1113 variationem
3005 1050 3419 1113 affectionum
3453 1049 3704 1111 illarum
3737 1066 3876 1110 non

2371 1156 2718 1223 mensurat,
2752 1157 2942 1231 prout
2979 1151 3055 1212 ad
3097 1150 3387 1211 Orosium
3431 1148 3711 1230 loquitur
3743 1147 3879 1208 Au-

2369 1247 2681 1327 gustinus.
2724 1248 2950 1309 AEvum
2997 1248 3234 1329 quippe
3276 1246 3472 1309 solius
3511 1246 3879 1308 incommu-

2369 1343 2582 1406 tabilis
2611 1364 2750 1407 esse
2780 1364 3077 1407 mensura
3105 1346 3625 1408 est—Praeterea
3653 1343 3878 1405 adver·

2367 1443 2656 1517 tendum,
2692 1443 2859 1525 quod
2891 1442 3172 1506 hominis
3208 1443 3376 1505 beati
3407 1449 3518 1505 seu
3548 1440 3874 1523 glorifica-

2369 1540 2415 1601 ti
2457 1548 2520 1602 et
2560 1541 2767 1621 angeli
2809 1543 3030 1603 eadem
3074 1549 3170 1603 est
3212 1560 3529 1613 mensura,
3565 1539 3874 1602 videlicet

2367 1658 2599 1712 aevum,
2646 1639 2948 1720 quoniam
2996 1639 3276 1701 similem
3321 1638 3556 1701 habent
3600 1638 3868 1700 modum

2367 1737 2656 1799 durandi.
2708 1738 2846 1800 Non
2904 1746 3120 1799 tamen
3177 1738 3370 1800 homo
3419 1736 3624 1799 viator
3671 1736 3872 1797 habet

759 1841 1124 1912 essentiam,
1176 1839 1482 1902 differens
1541 1840 1893 1901 secundum
1942 1856 2118 1916 esse3
2173 1838 2258 1900 ita
2293 1838 2340 1900 B
2367 1835 2657 1897 eamdem
2708 1855 3073 1898 mensuram
3113 1854 3126 1898 z
3171 1836 3321 1918 quia
3364 1835 3553 1897 habet
3600 1835 3869 1897 modum

760 1956 932 1999 nunc
962 1938 1077 2001 aevi
1109 1956 1184 2000 ac
1222 1939 1530 2020 temporis
1571 1937 1740 1999 idem
1782 1945 1878 1999 est
1908 1955 2021 2017 per
2048 1955 2259 1997 essen-

760 2036 912 2097 tiam
968 2036 1123 2117 (non
1184 2036 1351 2099 sicut
1408 2036 1837 2109 individuum,
1889 2035 1999 2097 sed
2058 2035 2258 2096 instar

761 2134 1087 2213 materiae)‚
1123 2133 1429 2196 differens
1470 2152 1585 2216 per
1623 2152 1781 2195 esse.
1818 2134 1893 2195 Et
1934 2134 2037 2195 isti
2081 2132 2255 2194 dixe-

759 2240 928 2307 runt,
962 2233 1131 2315 quod
1182 2234 1527 2314 cujuslibet
1578 2234 1668 2295 rei
1714 2232 2034 2314 quidditas
2081 2250 2255 2293 men-

758 2350 905 2393 sura
966 2332 1185 2394 eadem
1249 2351 1364 2413 per
1419 2332 1762 2393 essentiam
1824 2337 2248 2392 mensuratur.

755 2429 988 2491 Verum
1030 2448 1147 2492 nec
1186 2430 1354 2492 istud
1389 2438 1485 2492 est
1525 2430 1801 2491 multum
1831 2427 2248 2509 intelligibile·

754 2528 961 2601 Quum
992 2528 1164 2591 enim
1196 2548 1403 2592 aevum
1433 2547 1572 2590 esse
1610 2526 1837 2589 stabile
1867 2534 1931 2588 et
1959 2527 2250 2608 quietum

754 2626 1075 2707 respiciat,
1098 2628 1267 2708 quod
1300 2626 1567 2687 materia
1593 2625 1783 2687 habet
1810 2644 1847 2687 a
1878 2624 2083 2687 forma
2111 2642 2252 2705 per-

754 2723 942 2797 fecta,
974 2732 1037 2785 et
1086 2723 1206 2785 ista
1256 2716 1553 2786 mensura
1602 2742 1729 2785 non
1780 2723 2079 2804 respiciat
2126 2722 2249 2784 nisi

755 2840 895 2885 esse
951 2822 1197 2883 actuale
1246 2829 1309 2883 et
1356 2822 1619 2883 modum
1672 2821 1922 2883 essendi
1975 2820 2252 2902 comple-

754 2925 930 2997 tum3
962 2918 1216 2981 videtur
1258 2919 1427 3000 quod
1470 2937 1678 2981 aevum
1728 2936 1854 2980 non
1904 2918 2104 2999 possit
2150 2936 2251 2980 ac-

2367 1934 2616 1995 essendi
2652 1934 2849 1995 alium
2877 1952 2893 2013 ;
2926 1952 3230 1996 mensura
3259 1951 3407 1996 vero
3446 1950 3572 1995 non
3613 1940 3870 1995 tantum

2367 2031 2689 2093 concernit
2718 2051 2871 2105 esse,
2892 2032 3001 2093 sed
3031 2032 3288 2094 modum
3316 2048 3564 2114 quoque
3593 2031 3868 2094 essendi.

2444 2130 2619 2202 Quod
2679 2130 2733 2192 si
2794 2139 3133 2211 quaeratur,
3185 2130 3250 2192 in
3311 2148 3439 2212 quo
3493 2149 3723 2211 genere
3781 2129 3872 2191 sit

2366 2247 2666 2290 mensura
2693 2228 2994 2309 angelicae
3032 2230 3422 2307 durationis3
3455 2229 3678 2291 dicunt
3708 2245 3871 2290 non-

2363 2326 2548 2401 nulli,
2591 2329 2761 2409 quod
2807 2346 2932 2389 non
2983 2328 3065 2389 sit
3114 2328 3454 2410 quantitaS,
3498 2327 3620 2389 nisi
3672 2346 3874 2409 quan-

2362 2423 2508 2486 titas
2555 2424 2832 2498 virtutis,
2882 2426 3152 2507 ideoque
3195 2443 3322 2487 non
3365 2426 3449 2487 sit
3491 2425 3746 2507 proprie
3797 2425 3868 2487 in

2361 2541 2592 2602 genere
2640 2524 3028 2604 quantitatis.
3085 2525 3203 2587 Sed
3257 2525 3309 2587 si
3361 2542 3509 2587 vere
3563 2542 3871 2587 mensura

2363 2628 2479 2695 est,
2507 2624 2826 2703 quomodo
2856 2641 2983 2685 non
3012 2630 3108 2685 est
3137 2624 3454 2705 quantitas
3482 2626 3669 2685 vera?
3699 2623 3866 2685 Hinc

2363 2718 2470 2780 alii
2509 2719 2753 2794 dicunt,
2789 2721 2957 2802 quod
2986 2730 3082 2783 est
3119 2721 3186 2782 in
3220 2740 3449 2802 genere
3491 2721 3867 2803 quantitatis

2363 2817 2531 2879 sicut
2576 2818 2987 2899 principium.
3024 2819 3088 2881 Si
3135 2826 3348 2880 tamen
3391 2828 3709 2902 quaeratur
3750 2838 3866 2881 cu-

2359 2915 2466 2995 jus
2497 2916 2579 2977 sit
2611 2916 3025 2999 principium,
3059 2936 3259 2999 quum
3292 2916 3460 2980 dicat
3489 2936 3862 2980 mensuram

757 3016 885 3098 cipi
945 3036 1022 3079 ex
1078 3024 1256 3097 parte
1314 3015 1615 3089 materiae,
1668 3016 1979 3097 quidquid
2034 3014 2116 3076 sit
2175 3016 2252 3077 de
2288 3015 2332 3078 C
2362 3015 2675 3077 diversam
2708 3035 2745 3077 a
2782 3023 3090 3099 tempore,
3124 3016 3394 3080 difficile
3433 3018 3553 3079 erit
3581 3017 3866 3098 assigna-

756 3122 1061 3196 tempore.
1114 3114 1321 3187 Quum
1372 3131 1520 3194 ergo
1570 3114 1795 3175 modus
1843 3113 2111 3175 durandi
2161 3132 2256 3174 es-

755 3212 1107 3275 sentialiter
1155 3218 1343 3294 atque
1395 3211 1750 3273 formaliter
1796 3210 2051 3273 differat
2100 3210 2252 3272 hinc

755 3311 923 3384 inde,
958 3310 1248 3392 sequitur
1276 3310 1445 3391 quod
1486 3309 1743 3391 propria
1772 3309 1965 3371 etiam
1998 3328 2252 3371 mensu-

754 3427 841 3470 ra.
875 3443 956 3453 —
986 3407 1195 3469 Tertia
1241 3425 1389 3489 ergo
1436 3408 1654 3488 opinio
1702 3415 1816 3480 est,
1850 3406 2020 3488 quod
2070 3406 2256 3488 spiri-

754 3506 950 3568 tualia
991 3506 1227 3569 habent
1266 3524 1629 3568 mensuram
1667 3506 1983 3567 diversam
2022 3524 2059 3565 a
2097 3513 2254 3567 tem-

755 3624 930 3687 pore,
964 3622 1091 3667 non
1135 3605 1341 3668 solum
1383 3604 1446 3666 in
1486 3623 1717 3685 genere
1761 3623 2097 3679 mensurae,
2140 3606 2250 3666 sed

754 3704 945 3766 etiam
980 3702 1046 3765 in
1085 3721 1315 3783 genere
1356 3703 1519 3764 entis
1540 3720 1557 3781 3
1589 3721 1707 3764 nec
1747 3702 1956 3765 solum
1986 3703 2051 3763 in
2084 3720 2252 3765 com-

754 3802 1101 3884 paratione,
1152 3801 1262 3863 sed
1298 3800 1505 3863 etiam
1554 3801 1906 3863 secundum
1961 3800 2250 3863 substan-

756 3900 907 3962 tiam
951 3907 1016 3961 et
1055 3899 1347 3961 formam.

833 3998 1151 4080 Quidquid
1181 4005 1391 4060 autem
1428 3997 1511 4059 sit
1540 3999 1616 4059 de
1655 3996 2019 4060 diversitate
2053 3996 2119 4059 in
2150 4016 2252 4078 ge-

752 4115 904 4159 nere
934 4097 1120 4170 entis,
1140 4096 1571 4159 diversitatem
1602 4096 1953 4157 secundum
1987 4096 2250 4158 modum

2362 3131 2448 3174 re.
2475 3114 2620 3175 Ideo
2651 3114 2868 3176 sanius
2900 3115 3025 3177 dici
3059 3122 3286 3196 potest,
3313 3116 3482 3197 quod
3510 3115 3675 3177 sicut
3703 3124 3870 3178 tem—

2365 3230 2484 3291 pus
2544 3211 2800 3293 ponitur
2859 3213 2921 3273 in
2984 3212 3356 3275 substantiis
3415 3213 3866 3295 spiritualibus

2365 3316 2673 3389 quantum
2717 3310 2795 3370 ad
2834 3308 3228 3382 affectioneS,
3263 3310 3614 3372 secundum
3652 3311 3870 3392 Augu-

2361 3405 2625 3480 stinum,
2679 3407 2972 3488 quamvis
3026 3407 3445 3470 consideratio
3493 3408 3863 3490 Philosophi

2360 3504 2438 3565 ad
2472 3503 2629 3565 illud
2663 3522 2788 3567 non
2830 3506 3304 3583 conscenderit3
3337 3506 3428 3568 sic
3457 3514 3520 3569 et
3561 3525 3868 3571 mensura

2361 3604 2620 3684 ponitur
2677 3604 2984 3667 differens
3038 3604 3250 3686 specie
3304 3625 3341 3666 a
3393 3605 3863 3688 quantitatibus

2359 3701 2523 3776 aliis,
2555 3702 2850 3782 quamvis
2888 3704 2966 3765 de
3007 3702 3118 3764 illa
3156 3721 3282 3765 non
3324 3702 3620 3785 loquatur
3655 3704 3868 3767 Philo-

2359 3800 2620 3882 sophus,
2653 3800 2954 3882 quoniam
2999 3801 3374 3863 inferiorum
3418 3821 3632 3864 rerum
3680 3821 3864 3865 men-

2359 3918 2537 3961 suras
2593 3899 3014 3962 determinare
3073 3899 3364 3962 intendit.
3417 3901 3543 3963 Nec
3601 3920 3678 3963 ex
3733 3901 3863 3965 hoc

2362 3995 2619 4077 ponitur
2656 3997 2723 4057 in
2768 3996 2908 4077 ipso
2949 3995 3444 4075 insufficientia3
3475 4005 3538 4059 et
3575 3997 3630 4059 si
3668 4015 3866 4079 pone-

2360 4100 2554 4167 retur,
2589 4110 2715 4155 non
2759 4101 2972 4155 tamen
3012 4092 3094 4155 ob
3134 4093 3254 4156 hoc
3294 4102 3460 4155 esset
3499 4113 3536 4156 a
3573 4095 3862 4157 veritatis

754 4214 1067 4257 mensurae
1106 4212 1295 4255 nemo
1335 4200 1541 4275 potest
1579 4212 1829 4274 negare,
1862 4202 1925 4255 et
1961 4194 2081 4256 hoc
2120 4194 2250 4255 suf·
2281 4197 2331 4258 D
2361 4191 2613 4252 tramite
2644 4191 3376 4255 discedendum—Haec
3395 4191 3858 4285 Bonaxsentura.

752 4293 893 4356 ficit
950 4292 1285 4374 quaestioni
1344 4291 1663 4372 praesenti,
1716 4291 1865 4373 quia
1920 4293 2247 4373 quaeritur,

752 4398 971 4454 utrum
1020 4389 1379 4472 spiritualia
1423 4388 1695 4450 habeant
1743 4408 2109 4451 mensuram
2159 4389 2252 4450 di-

754 4506 1001 4551 versam
1032 4506 1070 4549 a
1100 4486 1554 4567 corporalibus,
1584 4486 1677 4548 Ad
1708 4487 1876 4567 quod
1907 4486 2250 4548 dicendum

754 4585 924 4669 quod
957 4585 1107 4659 imo,
1139 4591 1203 4645 et
1233 4583 1339 4645 illa
1380 4584 1731 4645 secundum
1772 4584 2031 4646 Sanctos
2061 4592 2250 4665 atque

755 4684 1188 4766 philosophoS‚
1223 4688 1319 4745 est
1359 4681 1676 4745 aeternitas
1720 4680 2097 4763 participata
2138 4701 2250 4743 seu

753 4800 981 4845 aevum.
1017 4781 1351 4861 Quumque
1392 4778 1707 4841 aeternitas
1747 4778 2003 4859 proprie
2047 4797 2253 4840 suma-

754 4889 859 4943 tur
901 4899 1016 4963 pro
1061 4880 1361 4952 increatO,
1394 4885 1458 4939 et
1500 4896 1707 4940 aevum
1752 4875 2119 4958 frequenter
2155 4898 2255 4941 ac-

754 4979 1029 5061 cipiatur
1059 4994 1173 5059 pro
1207 4984 1515 5057 tempore,
1548 4982 1755 5056 potest
1791 4994 2089 5037 mensura
2118 4976 2253 5039 haec

757 5077 1015 5161 proprio
1046 5075 1295 5137 nomine
1325 5072 1708 5136 aeviternitas
1740 5074 2105 5154 nuncupari.
2132 5074 2255 5135 Sic-

754 5195 880 5259 que
923 5172 1437 5257 respondendum
1482 5177 1597 5245 est,
1630 5170 1785 5233 dum
1828 5172 2135 5253 quaeritur
2177 5172 2254 5234 (le

757 5292 1057 5337 mensura
1087 5290 1227 5354 quae
1258 5269 1519 5351 respicit
1549 5270 1758 5351 ipsum
1794 5288 1932 5332 esse
1963 5270 2256 5351 spiritua-

2439 4289 2744 4351 Praeterea
2791 4308 2984 4370 super
3029 4289 3130 4350 his
3180 4289 3402 4351 scribit
3451 4292 3737 4371 quaedam
3790 4291 3862 4354 in

2361 4386 2494 4449 suis
2537 4385 2928 4459 Quodlibetis
2975 4386 3302 4449 Henricus.
3337 4388 3515 4451 Nono
3557 4388 3860 4471 equidem

2361 4484 2756 4558 QuodlibetO,
2789 4486 3137 4567 quaestione
3173 4486 3465 4568 septima,
3499 4488 3749 4568 quaerit‚
3775 4507 3862 4551 an

2361 4602 2568 4645 aevum
2601 4582 2684 4645 sit
2713 4583 3067 4646 substantia
3095 4584 3194 4646 vel
3235 4584 3550 4647 accidens
3584 4585 3865 4668 Respon-

2362 4682 2468 4742 det
2521 4701 2534 4744 :
2587 4680 2791 4754 Quum
2845 4700 3052 4744 aevum
3109 4682 3191 4743 sit
3242 4701 3559 4757 mensura,
3611 4692 3862 4766 oportet

2363 4779 2583 4841 modos
2624 4797 3067 4841 mensurarum
3100 4780 3338 4854 videre,
3371 4788 3434 4843 et
3470 4800 3585 4863 per
3623 4781 3743 4844 hoc
3780 4799 3860 4844 ex

2364 4877 2828 4958 comparatione
2875 4878 2993 4940 aevi
3042 4878 3119 4939 ad
3168 4877 3322 4939 alias
3373 4896 3704 4941 mensuras
3753 4898 3862 4961 pa-

2363 4974 2525 5036 tebit
2568 4993 2682 5057 pro
2724 4982 2900 5057 parte
2944 4975 3304 5055 cujusmodi
3349 4995 3650 5039 mensura
3691 4979 3793 5040 sit.

2445 5074 2662 5154 ltaque
2695 5073 2760 5134 in
2792 5073 3077 5155 qualibet
3107 5092 3174 5135 re
3204 5073 3540 5137 actualiter
3562 5076 3864 5139 exsisten-

2366 5178 2450 5244 te,
2476 5171 2602 5233 duo
2633 5172 3136 5247 considerantur,
3155 5172 3453 5234 videlicet
3482 5172 3624 5253 ejus
3653 5192 3866 5236 essen-

2369 5270 2460 5332 tia
2499 5276 2562 5331 et
2593 5269 2991 5350 exsistentia3
3024 5278 3084 5333 et
3126 5271 3477 5333 secundum
3519 5279 3864 5357 utrumque
