4334 6242
539 1365 605 1408 It.
625 1378 682 1418 vr,
704 1367 744 1408 6.

473 4295 481 4304 ’
535 4315 596 4358 De
611 4313 784 4358 Coelest.

519 4382 631 4426 blot.
653 4394 693 4426 c.
717 4394 758 4422 v.

803 467 923 533 494

1469 486 1533 533 m
1573 485 1797 532 unum!
1839 484 1883 529 11
1923 482 2407 530 SENTENTIARUM.
2454 499 2535 510 -·-
2573 481 2728 528 DIST.
2769 481 2874 544 113
2917 480 3141 538 QUAEST.
3182 483 3253 529 111

802 655 1046 719 ordinis
1077 655 1294 736 hujuS,
1327 656 1437 737 qui
1481 663 1577 718 est
1606 656 1806 717 Deum
1839 655 1904 715 in
1946 672 2014 714 se
2048 651 2306 725 habere,
2338 649 2390 714 A
2420 650 2587 713 sicut
2628 668 2849 713 omnes
2892 652 3115 714 ardent
3152 651 3507 715 Conditoris
3544 668 3779 713 amore.
3813 647 3921 712 Di-

803 774 918 836 per
955 755 1078 817 hoc
1118 754 1288 836 quod
1329 753 1450 835 ipsi
1494 753 1758 834 spiritus
1796 751 1970 814 chori
2013 751 2209 830 hujus
2243 750 2309 812 in

805 852 944 935 ipso
987 854 1329 934 quiescunt
1365 859 1434 912 ut.
1472 852 1538 915 in
1579 851 1822 913 lumine
1864 849 2311 912 manifestante

802 951 895 1014 eis
937 951 1004 1013 in
1041 970 1108 1012 se
1153 950 1291 1031 ipso
1330 949 1546 1012 divina
1585 949 1904 1030 mysteria.
1939 984 2020 993 —
2047 949 2124 1009 At
2160 965 2311 1010 vero

805 1048 1158 1112 secundum
1191 1048 1648 1130 Hieronymum
1690 1047 1756 1108 in
1787 1045 2082 1126 originali
2119 1063 2315 1127 super

797 1147 1053 1220 ¹Isaiam,
1088 1164 1321 1209 nomen
1354 1146 1684 1228 Seraphim
1717 1163 2034 1226 nusquam
2074 1142 2311 1225 reperi-

802 1254 908 1308 tur
951 1245 1018 1308 in
1068 1245 1414 1326 Scripturis
1463 1244 1695 1307 veteris
1745 1242 2152 1315 Testamenti,
2188 1240 2313 1304 nisi

804 1345 980 1408 Isaiae
1038 1352 1236 1418 sexte,
1290 1361 1417 1426 quo
1467 1343 1718 1424 legitur,
1769 1340 2014 1404 Volavit
2072 1340 2149 1402 ad
2213 1358 2312 1402 me

805 1463 972 1506 unus
1001 1443 1080 1505 de
1120 1443 1453 1524 Seraphim
1489 1459 1503 1504 :
1539 1441 1706 1524 quod
1739 1441 2191 1521 interpretatur
2223 1438 2314 1500 in-

806 1541 1167 1604 cendentes.
1201 1540 1334 1603 Nec
1362 1549 1460 1603 est
1490 1558 1662 1602 nunc
1701 1556 1912 1602 sermo
1941 1539 2020 1600 de
2050 1537 2315 1600 flamma

803 1641 1040 1704 amoris
1071 1658 1199 1724 quo
1228 1642 1356 1703 Deo
1396 1639 1703 1702 fruuntur
1733 1647 1805 1701 ut
1837 1655 2090 1700 summo
2120 1636 2311 1710 bone,

805 1741 872 1803 in
925 1757 1052 1822 quo
1098 1738 1354 1801 fruendi
1397 1745 1540 1800 actu
1591 1736 1950 1819 completur
1987 1733 2314 1798 felicitatis

2420 750 2717 822 cendum,
2766 750 2934 832 quod
2987 750 3052 811 B.
3107 751 3447 832 Dionysius
3506 749 3789 830 loquitur
3843 748 3925 809 de

2421 847 2603 910 donis
2646 847 2840 928 gratis
2884 849 3069 922 datis,
3112 848 3449 928 Gregorius
3494 865 3645 910 vero
3693 847 3772 910 de
3822 845 3928 908 his

2422 947 2488 1008 in
2533 946 2768 1028 quibus
2814 946 3139 1010 beatitudo
3182 945 3492 1009 consistit.

2501 1045 2769 1126 Insuper
2800 1044 3015 1107 radius
3046 1045 3304 1107 divinus
3336 1043 3669 1106 immixtus
3703 1041 3936 1124 practi-

2424 1162 2513 1206 cae
2544 1141 2772 1206 rationi
2813 1143 3165 1205 secundum
3197 1144 3503 1205 virtutem
3538 1160 3663 1205 non
3696 1141 3934 1203 limita-

2422 1250 2575 1316 tam,
2620 1241 2951 1304 constituit
2998 1241 3277 1304 mediam
3326 1241 3769 1304 hierarchiam.
3803 1241 3936 1302 Aut

2423 1358 2573 1420 ergo
2612 1339 2746 1402 haec
2788 1339 2992 1402 virtus
3031 1341 3307 1421 regendo
3348 1347 3592 1403 tantum
3628 1347 3934 1422 operatur

2425 1439 2595 1502 circa
2643 1438 2966 1513 inferiora,
3015 1439 3103 1501 ita
3149 1440 3319 1521 quod
3368 1457 3495 1502 non
3545 1438 3936 1520 deprimitur

2426 1555 2539 1619 per
2570 1537 2689 1600 hoc
2719 1536 2888 1618 quod
2920 1537 3242 1620 operando
3271 1537 3353 1599 sit
3384 1536 3575 1600 rebus
3607 1537 3933 1615 immixta;

2425 1635 2525 1698 vel
2571 1635 2954 1717 deprimitur
2998 1635 3525 1716 immisceturque
3573 1634 3765 1697 rebus
3816 1653 3938 1716 per

2425 1734 2857 1816 operationem
2916 1734 3086 1795 circa
3142 1734 3417 1796 easdem.
3471 1733 3681 1796 Primo
3740 1733 3939 1795 modo

805 1838 1119 1916 essentia3
1163 1836 1271 1899 sed
1318 1836 1398 1898 de
1446 1836 1556 1898 illo
1603 1835 1853 1898 fervore
1901 1833 2135 1896 amoris
2185 1851 2313 1914 quo
2348 1833 2401 1898 B
2426 1840 2573 1896 sunt
2614 1833 3111 1906 DominationeS,
3146 1832 3571 1896 denominatae
3606 1851 3643 1894 a
3678 1831 3939 1913 partici-

804 1939 976 2000 circa
1036 1938 1247 2020 ipsum
1315 1944 1384 1998 ut
1442 1937 1611 1998 circa
1671 1933 2311 1996 delectabilissimum

807 2037 1026 2099 lumen
1082 2036 1453 2098 illuminans
1507 2052 1614 2096 eos
1663 2032 1889 2096 notitia
1937 2031 2312 2114 pertinenti-

806 2155 917 2198 um
946 2136 1026 2198 ad
1056 2133 1506 2216 dispositiones
1547 2131 1972 2194 hierarchicas
2011 2130 2311 2193 afficiun-

805 2243 931 2309 tur,
965 2251 1079 2316 per
1120 2235 1326 2315 ipsam
1372 2230 1908 2293 illuminationem
1951 2229 2199 2292 reducti
2244 2229 2311 2290 in

808 2333 1020 2416 ipsum
1054 2331 1424 2394 immediate
1459 2347 1472 2392 :
1507 2338 1570 2392 et
1598 2329 1719 2392 iste
1749 2337 1845 2392 est
1877 2327 2175 2410 proprius
2204 2327 2313 2389 hu-

803 2432 910 2513 jus
959 2431 1201 2494 ordinis
1259 2438 1459 2492 actuS.
1511 2459 1593 2474 ——-
1640 2428 1846 2501 Quum
1905 2434 2120 2489 autem
2178 2426 2313 2488 haec

807 2548 1061 2592 summa
1089 2527 1448 2590 hierarchia
1486 2527 1720 2589 dicit-ur
1751 2544 1876 2588 non
1916 2524 2150 2589 habere
2188 2542 2314 2585 me-

807 2629 986 2690 dium
1017 2627 1277 2708 aliquod
1309 2627 1474 2688 inter
1504 2626 1705 2687 Deum
1743 2631 1807 2686 et
1836 2641 1925 2694 se,
1958 2642 1993 2684 a
2024 2640 2151 2704 quo
2188 2639 2315 2683 me-

806 2726 914 2788 dio
962 2725 1338 2797 illustretur,
1386 2723 1873 2803 intelligendum
1923 2728 2018 2782 est
2067 2720 2188 2782 hoc
2235 2719 2314 2781 de

809 2825 946 2907 lege
1006 2823 1332 2886 communi
1392 2820 1772 2884 hierarchici
1829 2819 2092 2882 ordiniS.
2155 2819 2314 2881 Nam

809 2923 1097 2986 Christus
1127 2921 1320 2983 homo
1351 2919 1691 3000 singularis
1729 2917 1947 2998 gratiae
1978 2917 2317 2998 privilegio

2426 1931 2681 2014 patione
2709 1930 2911 1993 divini
2953 1931 3243 2004 dominii,
3279 1932 3383 1994 cui
3423 1931 3822 1994 conformant
3862 1949 3938 1992 se

2424 2049 2543 2113 per
2570 2029 3016 2096 incessabilem
3058 2030 3415 2113 appetitum
3454 2029 3939 2093 assimilationis

2426 2149 2556 2192 suae
2586 2129 3037 2192 dominationis
3066 2129 3143 2191 ad
3176 2129 3525 2191 increatum
3556 2128 3937 2203 dominium,

2427 2245 2555 2290 non
2588 2227 3022 2296 immiscentes
3053 2247 3121 2290 se
3161 2227 3435 2290 subditis
3476 2245 3590 2310 per
3619 2227 3939 2309 operatio-

2428 2344 2598 2399 nem,
2642 2326 2755 2392 sed
2802 2344 3059 2408 semper
3106 2326 3171 2388 in
3218 2326 3421 2390 altum
3472 2345 3540 2390 se
3586 2326 3939 2398 elevanteS,

2426 2425 2899 2514 dirigentesque
2948 2423 3236 2487 subditos
3288 2425 3354 2488 in
3403 2424 3705 2507 operibus
3762 2424 3943 2487 circa

2428 2522 2753 2596 inferiora,
2788 2541 2903 2605 per
2947 2522 3164 2586 lumen
3210 2523 3502 2586 divinum
3542 2523 3621 2585 ad
3660 2523 3781 2586 hoc
3824 2541 3941 2586 eos

2430 2621 2775 2703 perficiens
2801 2637 2818 2700 ;
2859 2630 2923 2688 et
2950 2621 3071 2684 hoc
3102 2628 3198 2685 est
3227 2622 3525 2704 proprius
3560 2630 3741 2684 actus
3770 2622 3943 2685 ordi-
3998 2625 4009 2630 “

2428 2719 2527 2783 nis
2572 2719 2785 2800 hujus,

2510 2817 2572 2880 Si
2620 2825 2834 2879 autem
2883 2817 3087 2880 virtus
3134 2817 3459 2899 operativa
3515 2817 3943 2880 hierarchica-

2428 2933 2571 2976 rum
2634 2915 3128 2996 dispositionum
3194 2914 3277 2977 sit
3340 2914 3752 2990 inferioribus
3818 2935 3943 2998 per

809 3021 1060 3083 medius
1099 3027 1217 3092 est,
1249 3025 1312 3081 et
1355 3018 1524 3100 ipsos
1567 3015 1909 3089 illuminat,
1950 3015 2080 3078 imo
2118 3023 2182 3077 et
2226 3033 2319 3077 sa·
2353 3021 2396 3085 G
2426 3013 2861 3095 operationem
2893 3012 3207 3088 immixta,
3238 3013 3360 3075 hoc
3390 3031 3517 3076 non
3559 3021 3939 3096 potestesse

809 3118 1166 3181 cratissima
1207 3117 1414 3196 Virgo.

887 3219 1064 3280 Dona
1102 3233 1358 3298 quoque
1397 3213 1683 3295 angelica
1722 3220 2174 3294 comparantur
2206 3209 2319 3273 du-

808 3315 1081 3398 pliciter.
1129 3315 1261 3376 Uno
1311 3314 1520 3386 modo,
1561 3311 1989 3393 comparando
2036 3310 2315 3371 diversa-

809 3433 951 3476 rum
984 3412 1240 3476 ordines
1271 3411 1630 3493 specierum
1666 3410 1829 3471 inter
1861 3427 1928 3471 se
1959 3408 2314 3471 secundum

808 3511 1090 3575 nobilius
1134 3518 1197 3572 et
1242 3508 1606 3590 ignobilius
1644 3507 1875 3589 Sicque
1911 3506 2315 3586 distinguun-

808 3619 914 3673 tur
943 3611 1110 3672 inter
1147 3627 1237 3683 se,
1269 3606 1571 3689 quoniam
1615 3605 1908 3688 quamvis
1939 3604 2094 3667 ordo
2133 3621 2319 3685 supe·

809 3709 940 3771 rior
970 3707 1198 3770 habeat
1225 3705 1442 3768 omnia
1472 3705 1636 3767 dona
1666 3703 2065 3776 inferiorum,
2099 3710 2315 3765 tamen

811 3825 1013 3888 quum
1063 3805 1325 3886 insuper
1365 3802 1592 3864 habeat
1631 3802 1868 3864 donum
1908 3801 2030 3862 sibi
2071 3799 2317 3882 propri-

809 3923 917 3967 um
948 3902 1361 3966 excellentius
1392 3900 1682 3964 omnibus
1714 3899 1840 3961 illis
1872 3898 2319 3968 donisidcirco

812 4001 1263 4066 denominatur
1299 3999 1378 4062 ab
1419 4018 1512 4062 eo.
1547 3999 1838 4062 Secundo
1876 3997 1953 4059 fit
1992 4015 2318 4078 compara-

813 4103 903 4165 tio
945 4099 1314 4163 eorumdem
1359 4099 1672 4162 donorum
1721 4097 2074 4159 secundum
2127 4093 2314 4157 ratio-

2426 3111 2551 3173 nisi
2591 3110 2936 3192 dupliciter
2969 3128 2983 3172 :
3017 3111 3169 3192 quia
3199 3111 3299 3174 vel
3338 3119 3435 3175 est
3473 3113 3799 3194 operativa
3834 3131 3939 3174 se-

2426 3209 2710 3271 cundum
2751 3209 3062 3272 rationem
3101 3211 3431 3291 potestatis
3470 3210 3792 3292 perfectae,
3824 3210 3935 3273 vel

2424 3307 2778 3370 secundum
2819 3307 3128 3370 rationem
3165 3307 3463 3390 perfectae
3492 3309 3759 3389 justitias
3790 3309 3937 3371 uni-

2422 3406 2814 3487 versalisque
2847 3406 3039 3488 pacis.
3058 3407 3131 3468 Et
3164 3415 3475 3489 quantum
3507 3407 3585 3469 ad
3617 3407 3930 3489 primum,

2423 3512 2519 3567 est
2567 3505 2721 3566 ordo
2769 3504 3113 3578 Virtutum,
3159 3524 3300 3586 quae
3348 3505 3846 3568 denominantur
3894 3525 3935 3567 a

2424 3602 2850 3667 similitudine
2878 3602 3175 3666 increatas
3207 3603 3441 3666 divinae
3470 3603 3745 3665 virtutis,
3782 3603 3934 3668 Haec

2422 3699 2629 3761 virtus
2668 3706 2876 3762 creata
2914 3708 3012 3761 est
3048 3698 3243 3761 robur
3272 3709 3533 3774 naturae,
3569 3699 3933 3783 perfectum

2424 3799 2592 3861 dono
2618 3798 2835 3880 gratiae
2866 3817 2977 3860 seu
3011 3797 3497 3861 illuminationis
3527 3799 3782 3874 divinae,
3816 3819 3933 3883 po-
4016 3835 4031 3846 -

2424 3901 2623 3959 nens*
2660 3897 2725 3958 in
2761 3896 2988 3959 ultimo
3023 3897 3162 3963 loco
3197 3898 3647 3980 mysteriorum
3684 3898 3937 3962 divino-

2424 4015 2570 4058 rum
2603 4013 2617 4057 :
2652 3995 2802 4077 quia
2829 3996 3181 4058 secundum
3213 3996 3693 4079 Philosophum,
3722 3998 3935 4060 virtus

2424 4102 2519 4157 est
2566 4094 2863 4157 ultimum
2908 4095 2986 4157 de
3029 4094 3332 4176 potentia.
3367 4095 3515 4158 Ideo
3564 4096 3934 4160 ministrare

814 4219 964 4263 nem
1003 4197 1400 4280 perfectioris
1442 4205 1503 4258 et
1537 4193 2047 4278 imperfectioris.
2084 4192 2315 4275 Sicque
2344 4198 2395 4261 D
2425 4195 2553 4256 Deo
2586 4193 2651 4254 in
2680 4191 2931 4254 actibus
2960 4193 3375 4257 hierarchicis
3404 4194 3758 4258 secundum
3790 4214 3937 4278 per-

816 4297 1170 4361 secundum
1229 4295 1517 4358 divinum
1580 4293 1975 4376 Dionysium,
2033 4291 2318 4373 superio-

816 4415 916 4460 res
947 4395 1201 4458 ordines
1234 4392 1610 4456 inferiorum
1631 4391 1902 4454 -nomina
1937 4390 2312 4463 sortiuntur,

818 4495 968 4577 quia
995 4511 1216 4557 eorum
1258 4493 1424 4555 dona
1453 4490 1840 4554 eminentius
1880 4489 2209 4552 continent
2248 4488 2315 4551 in

816 4613 884 4657 se
915 4611 1106 4675 quam
1150 4592 1408 4674 ipsimet
1448 4589 1814 4666 inferiores3
1847 4587 2183 4651 inferiores
2216 4605 2319 4650 ve-

816 4711 889 4756 ro
925 4710 1052 4756 non
1093 4691 1447 4753 sortiuntur
1489 4689 1750 4751 nomina
1787 4685 2213 4768 superiorum,
2250 4693 2320 4747 ut

817 4797 1125 4854 vocentur
1154 4788 1508 4870 Seraphim,
1529 4785 1897 4858 Cherubim,
1921 4793 2030 4846 aut
2058 4784 2315 4856 Throni,

817 4889 1121 4972 quoniam
1164 4887 1580 4970 proprietates
1620 4884 2018 4966 superiorum
2066 4883 2131 4943 in
2163 4882 2323 4944 infe-

817 4987 1094 5051 rioribus
1125 5005 1251 5048 non
1283 4992 1432 5048 sunt
1462 4983 1761 5066 perfecte.
1794 5017 1877 5026 -—
1907 4981 2025 5044 Sed
2061 4980 2321 5043 obviare

817 5085 1071 5148 videtur
1100 5084 1269 5166 quod
1300 5083 1387 5145 ait
1419 5081 1756 5162 Gregorius
1786 5097 1800 5142 ε
1829 5080 1900 5141 In
1931 5098 2183 5141 summa
2214 5079 2324 5141 illa

818 5183 1073 5246 civitate
1131 5182 1420 5263 quaedam
1479 5187 1630 5242 sunt
1685 5177 1987 5261 specialia
2043 5177 2321 5257 singulo-

820 5301 986 5355 rum,
1030 5288 1101 5343 ut
1147 5289 1361 5343 tamen
1408 5279 1539 5342 sint
1585 5275 1952 5342 communia
1999 5275 2317 5352 omnium,

2427 4292 2767 4356 tectionem
2807 4291 3053 4354 roboris
3089 4292 3307 4374 hujuS,
3336 4299 3435 4354 est
3476 4293 3775 4376 proprius
3814 4294 3939 4356 hu-

2423 4391 2529 4472 jus
2576 4390 2819 4453 ordinis
2866 4398 3063 4453 actus.
3099 4391 3434 4473 Quumque
3480 4393 3547 4454 in
3596 4393 3771 4454 omni
3820 4411 3941 4475 po-

2425 4496 2649 4551 testate
2715 4489 3024 4563 ordinata‚
3090 4496 3367 4571 potestas
3436 4491 3775 4554 ministerii
3848 4493 3943 4556 sit

2430 4589 2796 4650 immediate
2852 4588 2972 4650 sub
3032 4597 3340 4671 potestate
3399 4589 3693 4665 dominii,
3756 4599 3941 4672 patet

2430 4688 2598 4769 quod
2646 4688 2799 4749 ordo
2845 4687 3166 4750 Virtutum
3224 4686 3591 4752 immediate
3638 4690 3943 4772 sequitur

2429 4787 2718 4848 ordinem
2764 4786 3279 4848 Dominationum
3316 4803 3329 4848 z
3364 4789 3659 4869 quamvis
3704 4789 3945 4870 Grego-

2430 4884 2563 4946 rius
2612 4884 2801 4958 dicat,
2843 4885 3011 4966 quod
3063 4885 3147 4945 sit
3194 4877 3439 4966 primus
3486 4886 3641 4949 ordo
3686 4886 3943 4952 infimas

2430 4981 2824 5054 hierarchiae,
2867 5000 3110 5063 ponens
3158 4982 3590 5064 principatum
3641 4984 3754 5046 ubi
3800 4985 3946 5066 glo-

2432 5080 2637 5142 riosus
2681 5080 3018 5163 Dionysius
3068 5080 3249 5162 ponit
3287 5081 3587 5155 Virtutes,
3621 5089 3693 5144 ut
3743 5084 3943 5146 multi

2431 5179 2491 5240 ei
2522 5179 2883 5260 imponunt,
2919 5179 3211 5261 quamvis
3251 5198 3549 5262 expresse
3580 5199 3709 5243 non
3737 5182 3935 5246 dicat.

2431 5276 2650 5341 Solum
2692 5277 2866 5340 enim
2908 5295 2985 5340 ex
3023 5278 3247 5343 ordine
3289 5279 3707 5362 expositionis
3746 5299 3947 5346 voca-
