4334 6242
804 462 921 528 124

1496 490 1561 535 IN
1600 489 1823 537 LIBRUM
1864 490 1908 537 11
1950 490 2432 537 summanum.
2474 509 2556 519 —
2595 492 2748 537 DIST.
2797 492 2882 555 113
2924 492 3146 549 QUAEST.
3193 493 3216 539 1

804 656 909 730 rit,
943 656 1109 721 sicut
1153 679 1270 722 nec
1308 661 1374 723 Β.
1408 661 1733 725 Athanasii
1776 662 2197 737 documentiS,
2231 670 2299 725 ut
2327 660 2380 724 A
2409 672 2711 727 creaturae
2767 666 3042 746 agendae.
3097 666 3378 728 Primum
3437 663 3781 746 exemplar,
3841 662 3911 725 id

804 754 892 817 ait
936 755 1375 839 Hieronymus.
1423 759 1566 823 Haec
1606 760 1874 823 Thomas
1916 760 2025 822 ibi.

883 855 1072 917 Porro
1116 856 1180 917 in
1226 858 1473 939 Scripto
1522 860 1783 922 secundi
1819 877 1833 922 :
1871 860 2114 923 Creatio
2155 860 2298 941 (ait)

804 972 1017 1015 rerum
1076 973 1152 1016 ex
1212 954 1534 1018 voluntate
1591 957 1901 1020 Creatoris
1958 958 2294 1040 dependet,

803 1051 913 1132 qui
964 1059 1114 1113 tunc
1163 1060 1225 1114 et
1275 1071 1399 1115 non
1453 1053 1629 1135 prius
1672 1074 1771 1117 res
1816 1074 2029 1118 creare
2072 1056 2292 1118 voluit.

803 1150 951 1222 Quae
990 1170 1188 1231 quum
1231 1151 1414 1215 nobis
1454 1172 1530 1214 ex
1573 1154 1843 1216 naturali
1878 1154 2119 1216 lumine
2150 1160 2298 1217 nota

806 1267 932 1311 non
978 1249 1081 1331 sit,
1115 1249 1369 1312 initium
1416 1252 1753 1314 creationis
1797 1271 2011 1315 rerum
2053 1253 2296 1315 ratione

804 1347 1183 1429 investigare
1226 1366 1351 1411 non
1398 1368 1757 1431 possumu.S‚
1790 1352 1900 1413 sed
1948 1351 2078 1413 fide
2130 1360 2299 1414 tene-

802 1465 969 1519 muS,
1004 1453 1193 1527 prout
1222 1448 1407 1510 nobis
1449 1449 1749 1510 traditum
1789 1457 1885 1511 est
1913 1449 1993 1511 ab
2027 1451 2121 1512 eis
2159 1451 2298 1532 qui—

803 1544 922 1607 bus
954 1545 1235 1608 divinam
1269 1546 1658 1609 voluntatem
1701 1548 2021 1610 credimus
2060 1549 2297 1611 revela-

802 1650 950 1704 tam.
984 1680 1065 1688 —
1094 1644 1436 1706 Sciendum
1466 1663 1636 1725 erg0,
1670 1647 1838 1727 quod
1878 1646 2047 1708 circa
2079 1666 2293 1709 rerum

804 1741 1231 1824 inceptionem
1294 1744 1506 1806 Sancti
1573 1745 2021 1807 convenientes
2091 1746 2155 1807 in
2220 1763 2294 1808 eo

2407 770 2502 823 est
2535 770 2756 825 natura
2784 764 3090 844 angelica,
3115 784 3256 847 quae
3287 771 3548 827 vocatur
3575 761 3912 843 exemplar

2408 860 2780 924 interiorum
2827 881 2902 925 eo
2947 864 3133 925 modo
3176 880 3303 945 quo
3344 863 3553 945 prima
3593 869 3657 924 et
3696 859 3910 943 perfe-

2406 960 2603 1022 ctiora
2633 970 2938 1023 vocantur
2967 962 3355 1044 exemplaria
3394 961 3764 1023 inferiorum
3807 978 3909 1021 se-

2406 1059 2766 1140 quentium,
2819 1079 2960 1140 quae
3010 1061 3087 1122 ad
3141 1060 3543 1142 superiorum
3604 1059 3908 1121 imitatio-

2406 1176 2552 1218 nem
2615 1158 2920 1239 producta
2982 1166 3150 1232 sunt,
3210 1166 3400 1241 prout
3463 1158 3670 1239 primo
3732 1157 3906 1219 libro

2405 1263 2730 1317 ostensum
2771 1264 2900 1335 est3
2945 1256 3152 1337 prima
3189 1257 3493 1338 potentia,
3527 1256 3588 1317 id
3631 1263 3727 1318 est
3769 1275 3905 1318 ma-

2408 1353 2564 1415 teria
2607 1354 2850 1435 prima3
2893 1356 3138 1436 primus
3181 1356 3380 1429 locuS,
3422 1355 3486 1417 id
3529 1361 3626 1417 est
3663 1354 3903 1417 coelum

2407 1470 2816 1534 empyreum3
2849 1460 2912 1514 et
2949 1454 3157 1535 prima
3197 1472 3496 1515 mensura
3525 1452 3903 1526 durationiS‚

2405 1549 2700 1612 videlicet
2741 1558 3011 1633 tempus,
3045 1553 3497 1614 Verumtamen
3527 1550 3908 1614 Ambrosius

2406 1648 2473 1709 in
2508 1642 2938 1713 Hexaemeron
2979 1651 3261 1733 loquitur
3296 1668 3309 1712 :
3344 1650 3567 1731 Angeli
3605 1657 3668 1711 et
3705 1650 3911 1712 domi-

2407 1748 2694 1810 nationes
2750 1750 3045 1830 quamvis
3101 1749 3442 1831 aliquando
3499 1768 3638 1811 esse
3695 1767 3909 1830 coepe-

804 1841 973 1920 quod
1017 1840 1171 1903 fidei
1216 1850 1331 1916 est,
1366 1850 1584 1924 utpote
1624 1843 1785 1905 nihil
1825 1851 2051 1925 praeter
2092 1845 2292 1906 Deum
2332 1844 2380 1905 B
2409 1853 2578 1920 runt,
2640 1855 2821 1908 erant
2875 1855 3086 1910 tamen
3147 1848 3399 1929 quando
3461 1847 3566 1909 hic
3624 1848 3908 1910 mundus

803 1937 885 1999 ab
931 1946 1165 2003 aeterno
1211 1939 1433 2015 fuisse,
1485 1942 1659 2004 varia
1705 1943 1782 2003 ad
1838 1943 2050 2004 miuus
2103 1962 2298 2024 quan-

803 2046 939 2100 tum
989 2040 1065 2102 ad
1117 2040 1528 2121 superficiem
1568 2041 1931 2115 verborum,
1966 2042 2300 2103 inveniun-

802 2144 907 2199 tur
937 2137 1173 2200 dixisse
1205 2138 1269 2199 in
1310 2138 1409 2200 his
1439 2158 1579 2220 quae
1619 2140 1697 2202 de
1736 2140 2111 2202 necessitate
2142 2139 2295 2201 fidei

802 2254 929 2298 non
962 2244 1132 2310 sunt,
1167 2237 1232 2298 in
1265 2236 1501 2318 quibus
1536 2237 1717 2299 licuit
1746 2237 1838 2299 eis
1869 2238 2296 2300 diversimode

800 2334 1071 2416 opinari,
1106 2335 1271 2397 sicut
1300 2343 1364 2397 et
1393 2335 1597 2400 nobis,
1632 2336 1847 2399 Plures
1886 2354 2163 2418 namque
2193 2355 2295 2400 eo-

802 2453 943 2495 rum
991 2432 1101 2516 qui
1142 2433 1568 2515 Augustinum
1614 2444 2093 2516 praecesserunt,
2129 2436 2296 2497 sicut

800 2532 1243 2615 HieronymuS,
1291 2534 1586 2608 HilariuS,
1638 2534 1975 2614 Gregorius
2032 2534 2292 2597 Nazian-

798 2650 1013 2705 zenuS,
1048 2632 1343 2694 videntur
1374 2632 1662 2713 posuisse
1699 2632 1955 2713 angelos
1985 2641 2129 2695 ante
2163 2652 2294 2695 cor-

798 2730 1081 2811 poralem
1114 2739 1465 2793 creaturam
1496 2739 1754 2805 creatos,
1771 2732 2292 2813 corporalemque

798 2837 1151 2891 creaturam
1203 2848 1316 2910 per
1364 2829 1609 2911 species
1660 2830 2018 2893 successive
2072 2830 2294 2892 dist-in-

800 2934 985 2989 ctam.
1020 2928 1411 3008 Augustinus
1446 2946 1595 2991 vero
1634 2928 2025 3011 corporalem
2068 2938 2130 2991 et
2168 2930 2294 3010 spi-

2408 1944 2611 2008 l'actus
2659 1953 2773 2007 est.
2813 1946 2987 2019 Quod
3036 1948 3376 2028 exponitur
3423 1946 3591 2008 sicut
3635 1946 3910 2008 auctori-

2406 2050 2564 2105 tates
2607 2045 2895 2125 quaedam
2940 2044 3322 2126 praehabitae.
3358 2045 3502 2107 Haec
3539 2046 3777 2107 Petrus,

2486 2142 2834 2205 Richardus
2879 2160 3131 2225 quoque
3175 2143 3520 2225 quaestione
3564 2161 3690 2225 qua
3737 2162 3910 2225 quae-

2406 2240 2509 2314 rit,
2560 2260 2639 2303 an
2690 2260 2897 2303 aevum
2947 2248 3226 2304 creatum
3291 2243 3372 2304 sit
3419 2249 3563 2303 ante
3621 2249 3904 2323 tempus,

2405 2338 2687 2401 affirmat
2721 2357 2734 2401 :
2770 2340 3047 2422 Tempus
3078 2340 3419 2421 dupliciter
3450 2340 3744 2402 sumitur.
3781 2341 3910 2403 Pri-

2405 2455 2509 2500 mo
2541 2438 2988 2511 communiter,
3021 2456 3138 2520 pro
3168 2457 3571 2521 quacumque
3604 2456 3910 2501 mensura

2404 2535 2606 2617 ipsius
2663 2555 2801 2598 esse
2851 2537 3210 2599 exsistentis
3268 2537 3333 2598 in
3382 2536 3748 2599 variatione.
3801 2538 3908 2599 Se-

2404 2634 2611 2696 cundo
2644 2634 2914 2715 proprie,
2935 2642 3122 2716 prout
3149 2643 3244 2697 est
3273 2634 3664 2698 continuatio
3695 2643 3906 2698 motus

2404 2739 2734 2793 numerata
2774 2732 2854 2794 ab
2896 2732 3128 2807 anima,
3167 2753 3293 2815 qua
3336 2733 3654 2796 mediante
3699 2741 3902 2807 motu,

2403 2830 2588 2911 cujus
2632 2836 2887 2912 tempus
2935 2838 3030 2892 est
3077 2832 3308 2913 passi0,
3361 2832 3422 2893 id
3470 2839 3567 2893 est
3617 2832 3904 2913 proprie—

2405 2936 2497 2991 tas
2549 2929 2885 3010 propriave
2940 2948 3258 3004 mensura,
3311 2938 3637 2991 mensurat
3689 2930 3905 2991 anima

803 3026 1097 3088 ritualem
1140 3034 1457 3088 creaturas
1493 3026 1673 3108 ponit
1702 3027 1893 3089 simul
1932 3028 2290 3108 productaS,
2331 3031 2374 3094 C
2404 3027 2766 3089 durationes
2814 3036 3103 3089 motuum
3145 3028 3417 3091 aliorum
3460 3045 3474 3089 ε
3519 3048 3660 3109 quae
3703 3029 3903 3091 conti-

800 3124 1191 3206 corporalem
1238 3143 1489 3207 quoque
1530 3125 1726 3187 simul
1768 3126 2119 3187 secundum
2162 3145 2291 3187 ma·

799 3222 1024 3285 teriam
1076 3230 1138 3285 et
1186 3222 1454 3304 specieS‚
1500 3240 1628 3285 non
1678 3230 1889 3285 tamen
1938 3224 2290 3285 secundum

801 3320 1151 3395 individua,
1184 3340 1326 3402 quae
1356 3322 1756 3383 successione
1796 3329 2154 3403 temporum
2188 3341 2293 3402 ge-

800 3427 1121 3482 nerantur.
1156 3419 1537 3481 Posteriores
1578 3438 1748 3493 vem,
1784 3420 2141 3501 Gregorius,
2180 3421 2293 3483 Be·

800 3520 899 3591 da,
934 3525 997 3580 et
1040 3518 1169 3592 alii,
1204 3519 1587 3580 concordant
1636 3537 1783 3580 cum
1828 3518 2181 3599 Augustino
2214 3519 2291 3580 .in

801 3616 1126 3680 coaevitate
1169 3616 1516 3697 spiritualis
1560 3624 1621 3679 et
1665 3617 2009 3699 corporalis
2050 3625 2293 3680 creatu-

800 3736 906 3789 rae,
942 3735 1090 3778 cum
1114 3716 1256 3777 aliis
1286 3723 1499 3779 autem
1543 3716 1613 3778 in
1639 3716 2039 3779 successione
2074 3716 2295 3778 distin-

800 3815 1031 3878 ctionis
1093 3832 1430 3896 corporum
1499 3834 1613 3897 per
1674 3815 1919 3895 species
1986 3814 2287 3877 diversas.

800 3913 959 3976 Hinc
1016 3921 1267 3975 tenetur
1318 3912 1763 3986 communiter,
1810 3913 1979 3995 quod
2031 3913 2294 3994 angelus

798 4031 928 4075 non
958 4020 1053 4075 est
1083 4013 1287 4075 factus
1318 4020 1462 4075 ante
1496 4012 1887 4094 corporalem
1918 4020 2287 4075 creaturam.

800 4111 929 4174 Hoc
990 4112 1228 4193 quippe
1291 4110 1683 4193 probabilius
1734 4110 1986 4173 videtur
2032 4118 2159 4172 tam
2217 4129 2293 4172 ex

2405 3126 2624 3187 nuatio
2655 3134 2752 3187 est
2780 3126 2944 3187 sicut
2974 3127 3038 3187 in
3079 3126 3368 3207 subjecto
3411 3127 3477 3188 in
3513 3134 3738 3189 natura
3777 3128 3904 3210 pri-

2406 3224 2494 3286 mi
2527 3223 2805 3297 mobilis,
2840 3224 3025 3286 nobis
3057 3224 3395 3286 manifeste
3429 3224 3561 3287 noti
3593 3244 3670 3286 ex
3702 3226 3903 3288 sensi-

2403 3322 2520 3384 bili
2559 3322 2930 3404 apparentia
2968 3322 3249 3385 siderum
3291 3342 3363 3385 ac
3398 3324 3727 3404 signorum
3759 3344 3904 3405 quae

2406 3420 2470 3483 in
2503 3422 2643 3502 ipso
2681 3422 3054 3483 consistunt.
3090 3422 3307 3503 Itaque
3345 3422 3559 3504 primo
3597 3423 3786 3485 modo
3816 3423 3904 3486 lo-

2404 3520 2656 3602 quendo
2698 3519 2776 3581 de
2816 3527 3123 3601 tempore,
3156 3539 3362 3582 aavum
3405 3538 3531 3583 non
3568 3520 3692 3582 fuit
3731 3540 3900 3584 crea-

2404 3625 2540 3679 tum
2573 3624 2717 3679 ante
2749 3625 3001 3699 tempus
3033 3617 3384 3692 duratione,
3419 3619 3529 3680 sed
3559 3616 3898 3698 dignitate:

2403 3716 2704 3797 quoniam
2737 3715 2929 3777 simul
2971 3715 3137 3777 facta
3174 3724 3325 3777 sunt
3354 3722 3577 3779 natura
3614 3718 3904 3798 angelica

2402 3816 2496 3895 (in
2542 3833 2668 3895 qua
2716 3814 3172 3894 cointelligitur
3216 3834 3330 3875 sua
3379 3833 3694 3889 mensura,
3729 3816 3905 3878 vide-

2403 3914 2553 3976 licet
2606 3912 2862 3993 aevum),
2916 3920 2978 3974 et
3031 3912 3266 3976 coelum
3323 3930 3724 3994 empyreum,
3776 3914 3904 3996 pri-

2405 4030 2711 4093 mumque
2784 4010 3090 4091 temporis
3161 4010 3590 4073 communiter
3658 4012 3901 4094 sumpti

2405 4113 2668 4183 instanS,
2722 4117 2911 4190 atque
2961 4109 3225 4171 materia
3274 4109 3697 4191 corporalium
3751 4109 3904 4173 alio-

801 4219 979 4292 parte
1014 4209 1245 4271 divinae
1281 4209 1781 4291 omnipotentiae,
1812 4209 1996 4289 cujus
2034 4227 2159 4270 non
2200 4216 2290 4269 est
2325 4212 2376 4273 D
2406 4230 2568 4271 rum.
2604 4209 2946 4289 Loquendo
2985 4214 3197 4270 autem
3233 4208 3310 4269 de
3351 4214 3636 4289 tempore
3677 4227 3902 4270 secun-

800 4308 1157 4370 successive
1188 4308 1459 4389 operari,
1494 4326 1685 4389 quam
1717 4308 1794 4369 ad
1825 4308 2294 4369 excludendum

798 4423 1085 4479 errorem,
1102 4424 1181 4466 ne
1209 4405 1539 4468 videantur
1568 4406 1773 4486 angeli
1806 4424 1944 4467 esse
1976 4405 2299 4486 corporali-

799 4523 907 4566 um
939 4510 1266 4567 creatores
1281 4504 1729 4566 Verumtamen
1759 4503 1940 4566 alteri
1972 4503 2294 4567 sententiae

797 4621 926 4666 non
960 4610 1055 4666 est
1086 4602 1656 4686 praejudicandum,
1690 4610 1761 4663 ut
1798 4602 2067 4664 habetur
2097 4602 2162 4664 in
2203 4601 2296 4664 lit-

795 4712 978 4765 tera:
1014 4702 1315 4785 quoniam
1368 4701 1535 4764 istud
1586 4718 1713 4763 non
1760 4709 1855 4763 est
1904 4701 2294 4763 demonstra—

796 4810 957 4875 tum,
990 4819 1107 4863 nec
1140 4798 1269 4862 side
1310 4818 1702 4881 expressum.
1739 4798 1881 4861 Haec
1925 4800 1987 4860 in
2021 4798 2288 4880 Scripto.

795 4934 876 4945 —-
907 4901 975 4962 ln
1017 4898 1280 4961 Summa
1311 4898 1503 4959 etiam
1545 4905 1763 4960 contra
1802 4896 2092 4976 gentileS,
2129 4897 2293 4961 libro

796 4998 1098 5070 secund0‚
1144 4996 1385 5077 aliquid
1429 4994 1653 5057 scribit
1696 4995 1863 5057 inde.

879 5095 1192 5158 Consonat
1220 5095 1438 5158 Petrus
1473 5111 1487 5155 :
1521 5093 1818 5168 Quatuor,
1845 5092 2163 5175 inquiens,
2189 5110 2296 5175 po-

800 5203 1042 5257 nuntur
1084 5193 1512 5256 communiter
1553 5200 1905 5266 concreata,
1941 5192 2001 5253 id
2053 5200 2148 5254 est
2198 5210 2297 5255 co-

802 5312 1098 5376 aequaeva,
1150 5290 1331 5373 quasi
1380 5291 1587 5372 prima
1634 5291 1922 5372 quaedam
1978 5290 2298 5373 principia

2404 4308 2485 4371 do
2544 4307 2753 4381 mod0,
2815 4326 3020 4369 aevum
3083 4306 3404 4387 praecessit
3459 4313 3711 4387 tempus
3771 4323 3899 4368 non

2405 4406 2611 4468 solum
2656 4404 2982 4485 dignitate,
3027 4405 3137 4466 sed
3179 4405 3370 4465 etiam
3416 4404 3768 4478 duratione,
3807 4423 3902 4466 se-

2405 4505 2687 4566 cundum
2737 4502 3106 4584 opinionem
3155 4500 3504 4563 dicentium
3547 4519 3741 4583 opera
3789 4520 3900 4565 sex

2405 4602 2654 4664 dierum
2718 4601 2884 4674 facta
2944 4618 3059 4681 per
3121 4599 3452 4662 intervalla
3513 4607 3896 4681 temporum.

2404 4700 2546 4763 Haec
2589 4698 2957 4762 Richardus.

2482 4799 2749 4879 Insuper
2795 4799 3236 4860 Bonaventura
3281 4797 3388 4859 hic
3437 4796 3709 4859 scribit:
3742 4797 3902 4869 Qua-

2403 4904 2546 4959 tuor
2588 4895 2848 4957 fuerunt
2891 4895 3098 4976 primo
3141 4902 3370 4969 creata,
3404 4894 3636 4957 coelum
3683 4914 3901 4977 empy-

2403 5014 2607 5069 reum,
2651 5002 2877 5055 natura
2921 4994 3226 5075 angelica,
3281 4993 3566 5067 materia,
3617 5001 3894 5076 tempus,

2404 5094 2600 5174 Cujus
2647 5092 2882 5174 duplex
2932 5092 3092 5155 ratio
3137 5092 3512 5173 assignatur.
3547 5092 3700 5165 Una,
3742 5110 3897 5174 quo-

2404 5192 2576 5254 niam
2640 5191 2705 5252 in
2771 5190 3089 5273 principio
3151 5190 3508 5251 debuerunt
3567 5189 3776 5271 prima
3830 5190 3897 5252 in

2406 5290 2580 5353 omni
2628 5307 2859 5371 genere
2910 5289 3132 5363 creari,
3182 5287 3244 5349 in
3292 5288 3482 5351 rebus
3533 5288 3778 5351 scilicet
3821 5306 3898 5351 ac

3991 1174 4034 1211 t.
4075 1169 4168 1219 XX.
4189 1184 4222 1224 p.

3937 1236 4038 1275 397
4057 1232 4114 1277 B.
