4334 6242
670 517 874 564 UTRUM
914 517 1137 565 ANGEm
1179 517 1513 564 Po'rUEmNT
1554 515 1843 572 PECGARE,
1887 515 1961 560 m·
2002 515 2122 571 QUA
2167 515 2374 563 SPECIE
2417 516 2664 564 PECCATI
2705 518 2902 574 ATQUE
2943 515 3241 573 QUAIJTER

3386 495 3506 560 325

168 706 301 755 lom,
323 707 379 748 ιε.
410 686 679 769 allegata
705 689 901 752 verba
926 689 1093 750 Jonae
1127 689 1392 762 inducit,
1421 696 1778 770 pertractat,
1803 707 1904 750 ex·
1932 685 1983 748 A
2012 687 2117 748 cui
2158 695 2366 769 potest
2394 689 2620 763 videri,
2654 689 2823 771 quod
2862 688 2942 750 ab
2987 687 3171 750 initio
3206 691 3506 768 apostatae

407 786 610 866 ponit,
646 785 711 847 in
751 803 1021 869 persona
1055 787 1195 848 Filii
1235 786 1342 848 Dei
1389 786 1654 868 loquens
1688 806 1701 850 :
1737 788 1901 849 Duas

404 884 743 946 rationales
786 893 1104 947 creaturas
1155 886 1439 947 condidit
1484 886 1650 947 Deus
1698 886 1896 958 Pater,

403 983 704 1046 videlicet
732 985 1028 1065 angelum
1062 992 1124 1046 et
1154 985 1639 1064 hominem3sed
1674 993 1903 1046 utram·

405 1100 529 1163 que
579 1090 839 1164 propter
888 1101 991 1144 me
1037 1082 1333 1164 perdidit,
1377 1083 1439 1145 id
1483 1091 1600 1156 est,
1643 1091 1903 1165 propter

400 1188 737 1261 peccatum
783 1180 846 1242 in
897 1200 999 1243 me
1034 1182 1439 1263 appropriate
1484 1181 1895 1244 commissum

400 1277 656 1358 abJ'ecit.
705 1279 781 1340 Et
828 1297 1048 1341 rursus
1094 1297 1105 1340 :
1149 1279 1402 1351 OmneS‚
1456 1281 1684 1362 inquit,
1738 1279 1899 1341 invi-

402 1377 553 1438 dent
588 1377 766 1438 mihi.
801 1377 981 1439 Pater
1007 1395 1159 1440 vero
1199 1377 1407 1440 zelans
1449 1397 1563 1459 pro
1594 1379 1772 1451 Filio,
1808 1378 1899 1439 in-

396 1474 630 1555 juriam
662 1474 804 1536 Filii
836 1477 1007 1538 ultus
1036 1483 1142 1538 est.
1158 1475 1348 1538 Filius
1379 1484 1588 1539 autem
1620 1484 1898 1558 paternae

402 1573 753 1655 majestatis
783 1574 1083 1636 honorem
1116 1592 1490 1656 recuperare
1516 1574 1894 1646 desiderans,

399 1670 794 1753 deceptoque
842 1670 1087 1733 homini
1145 1671 1487 1734 subvenire
1538 1671 1893 1744 intendenS,

398 1768 608 1832 dixit:
642 1769 707 1831 Si
755 1777 1013 1851 propter
1055 1789 1158 1833 me
1202 1777 1543 1852 tempestas
1585 1770 1719 1832 haec
1761 1777 1895 1832 orta

2010 786 2216 866 angeli
2260 786 2324 848 in
2364 788 2526 849 hanc
2565 787 2855 851 elationis
2896 785 3240 848 amentiam
3286 802 3507 866 proru-

2010 895 2261 966 perunt.
2297 886 2566 968 Haecque
2610 894 2705 949 est
2747 886 3103 949 similitudo
3143 903 3336 966 quam
3382 883 3507 966 pri-

2012 1001 2153 1044 mus
2186 1001 2408 1046 eorum
2449 986 2711 1067 optavit,
2747 985 3010 1058 Similis,
3045 983 3365 1066 inquienS,
3399 1000 3508 1045 ero
3536 999 3600 1044 ιι.
3625 1001 3798 1050 mnu.

2009 1080 2357 1155 AltissimO,
2407 1090 2625 1164 utpote
2667 1083 2730 1145 in
2779 1082 3267 1145 honorificentia
3314 1081 3508 1162 hujus

2010 1179 2294 1242 culturae.
2337 1182 2465 1243 Nec
2511 1181 2678 1243 istud
2725 1201 2761 1243 a
2806 1181 3250 1264 probabilitate
3300 1186 3363 1241 et
3405 1199 3510 1242 ve-

1974 1277 2486 1341 ·risimilitudine
2537 1280 2718 1360 longe
2769 1287 2882 1354 est,
2934 1298 3134 1361 quum
3193 1279 3507 1352 homineS,

2010 1377 2119 1458 qui
2168 1377 2456 1457 ignorare
2501 1378 2851 1458 nequibant
2892 1396 2958 1439 36
3002 1395 3140 1438 6336
3187 1376 3506 1449 mortaleS‚

2007 1474 2084 1535 ad
2136 1482 2374 1536 tantam
2425 1475 2782 1538 corruerint
2830 1475 3037 1538 cordis
3090 1474 3433 1536 amentiam
3490 1494 3505 1538 :

2007 1572 2214 1652 angeli
2260 1591 2412 1635 vero
2461 1593 2528 1635 se
2582 1574 2972 1636 immortales
3015 1592 3154 1635 esse
3198 1571 3502 1635 sciebant.

2007 1671 2150 1732 Haec
2195 1670 2591 1734 Guillelmus.

2088 1770 2157 1830 ln
2209 1789 2401 1852 supra
2451 1771 2726 1832 inductis
2785 1779 2998 1832 autem
3049 1769 3264 1833 verbis
3312 1770 3508 1849 hujus

397 1875 516 1940 est,
571 1868 633 1929 id
680 1876 777 1930 est
823 1869 1170 1931 vehemens
1220 1869 1329 1930 illa
1374 1868 1655 1930 vindicta
1707 1876 1893 1950 atque
1934 1867 1979 1928 B
2009 1867 2308 1942 doctoris,
2347 1867 2561 1950 aliqua
2609 1869 3017 1930 continentur
3059 1887 3200 1950 quae
3247 1866 3372 1930 sibi
3417 1867 3509 1929 in-

396 1965 689 2048 expulsio
742 1967 934 2028 unius
988 1968 1065 2028 de
1114 1967 1297 2042 coelo,
1349 1967 1609 2028 alterius
1659 1967 1735 2028 de
1788 1986 1894 2049 pa-

395 2065 628 2138 radiso,
683 2065 918 2127 mittite
972 2085 1075 2128 me
1127 2067 1191 2128 in
1246 2084 1441 2140 mare,
1496 2065 1558 2127 id
1614 2074 1731 2138 est,
1784 2085 1897 2147 per

394 2163 853 2226 Incarnationis
890 2164 1260 2245 mysterium
1296 2165 1361 2226 in
1395 2164 1706 2225 mundum
1741 2164 1897 2226 infc-

398 2263 655 2335 riorem‚
690 2263 756 2324 in
796 2263 1094 2344 abyssum
1137 2263 1620 2325 tribulationum
1661 2271 1725 2324 et
1762 2282 1901 2345 per-

400 2361 802 2424 secutionum
864 2361 1387 2442 profunditatem,
1448 2361 1524 2423 ad
1585 2360 1897 2423 redimen-

400 2460 551 2521 dum
582 2477 785 2539 genus
816 2458 1189 2521 humanum.
1224 2460 1397 2522 Unde
1431 2459 1495 2520 in
1529 2459 1773 2521 Psalmo
1804 2467 1899 2521 est

170 2567 369 2622 amm.
400 2557 645 2619 dictum
700 2575 715 2619 ε
769 2557 923 2619 Veni
985 2557 1048 2619 in
1106 2557 1510 2620 altitudinem
1571 2557 1785 2631 mariS,
1836 2565 1898 2619 ct

156 2634 185 2672 ³'
401 2663 747 2738 tempestas
791 2657 1095 2718 demersit
1138 2675 1257 2717 mc.

479 2756 743 2828 RursuS,
794 2755 872 2816 de
932 2754 1233 2836 qualitate
1280 2762 1344 2817 ct
1392 2754 1604 2835 specie
1656 2753 1896 2835 peccati

397 2853 674 2914 Luciferi
724 2860 936 2914 movet
981 2852 1358 2915 Guillelmus
1402 2852 1522 2914 hoc
1565 2851 1834 2913 dubium
1876 2869 1892 2912 t

396 2951 521 3012 Nec
565 2949 1103 3032 praetereundum,
1148 2957 1364 3012 utrum
1412 2949 1491 3012 ab
1535 2949 1717 3012 initio
1766 2968 1895 3012 suae

2008 1966 2215 2028 vicem
2275 1985 2400 2028 non
2453 1985 2798 2030 consonare
2844 1967 3164 2040 videntur,
3219 1974 3288 2028 ut
3336 1967 3506 2049 quod

2006 2065 2304 2145 angelum
2346 2065 2528 2127 illum
2572 2067 2852 2148 primum
2895 2066 3094 2128 solam
3135 2065 3223 2126 ait.
3260 2072 3508 2128 natura·

2010 2162 2133 2224 lem
2167 2162 2464 2224 habuisse
2497 2164 2949 2244 cognitionem,
2975 2171 3037 2226 et
3070 2182 3312 2236 rursm,
3336 2164 3506 2244 quod

2009 2262 2444 2342 praesupponit
2473 2269 2534 2324 et
2565 2262 2654 2323 ait
2683 2281 2831 2324 eum
2873 2261 3175 2324 habuisse
3213 2261 3507 2323 notitiam

2008 2358 2148 2420 Filii
2192 2361 2324 2432 Dei,
2361 2361 2582 2423 imo‘et
2611 2361 2803 2423 totius
2843 2358 3508 2443 supergloriosissimae

2008 2457 2353 2532 Trinitatis,
2389 2460 2680 2540 quamvis
2712 2461 2996 2521 nondum
3029 2478 3143 2541 per
3172 2459 3454 2539 speciem
3489 2477 3504 2522 ε

2008 2557 2289 2637 cognitio
2346 2565 2559 2619 autem
2622 2557 2762 2619 Filii
2824 2558 2935 2620 Dei
2995 2577 3107 2620 seu
3156 2557 3504 2631 TrinitatiS,

2008 2655 2360 2716 naturalem
2411 2656 2802 2718 transcendit
2851 2656 3202 2718 scientiam.
3241 2691 3320 2701 ——
3361 2655 3508 2718 Am-

2009 2752 2200 2834 pliuS,
2234 2753 2285 2815 si
2329 2754 2473 2835 quis
2519 2773 2665 2815 cum
2699 2754 2756 2816 S.
2792 2754 3108 2817 Bernardo
3148 2755 3361 2816 dicere
3399 2760 3509 2815 aut

2007 2849 2203 2912 verba
2249 2849 2460 2913 Sancti
2513 2851 2687 2914 illius
2735 2850 3074 2914 defendere
3117 2852 3274 2914 velit
3321 2852 3389 2914 in
3433 2869 3508 2916 eo

2008 2949 2178 3030 quod
2232 2949 2431 3029 tangit
2479 2949 2846 3012 Luciferum
2903 2958 3048 3013 ante
3107 2969 3286 3012 suam
3340 2949 3510 3030 deje-

395 3047 733 3111 creationis
783 3055 1067 3129 apostata
1123 3048 1231 3109 ille
1290 3048 1590 3111 ambierit
1648 3049 1893 3110 cultum
1932 3045 1975 3108 C
2008 3046 2284 3109 ctionem
2329 3047 2574 3110 homini
2621 3047 2947 3122 invidisse,
2989 3056 3200 3129 posset
3241 3047 3507 3111 forsitan

394 3155 459 3208 et
498 3145 1058 3208 honorificentiam
1108 3145 1440 3221 Creatoris,
1485 3147 1603 3209 hoc
1653 3153 1769 3218 est,
1812 3165 1891 3207 an

394 3245 593 3306 instar
641 3243 952 3307 Creatoris
1010 3243 1257 3305 adorari
1311 3252 1373 3306 et
1424 3244 1545 3306 coli
1595 3244 1888 3316 voluerit,

394 3343 931 3424 quemadmodum
977 3350 1197 3423 postea
1237 3341 1420 3403 multi
1454 3361 1531 3403 ex
1565 3343 1705 3422 ejus
1745 3359 1891 3403 con—

394 3441 609 3514 sorti0,
645 3439 756 3522 qui
792 3447 857 3502 et
884 3459 1085 3520 genus
1125 3440 1478 3501 humanum
1517 3439 1593 3501 ad
1638 3439 1891 3502 idolola-

396 3539 575 3601 triam
626 3539 1035 3611 induxerunt‚
1069 3555 1264 3619 seque
1306 3537 1369 3598 in
1416 3537 1601 3598 idolis
1643 3538 1889 3600 adorari

393 3657 463 3700 ac
502 3636 629 3700 coli
672 3645 1193 3718 procuraverunt.
1226 3636 1353 3698 Nec
1397 3655 1619 3716 parum
1660 3643 1756 3697 cst
1784 3637 1889 3698 ad-

394 3736 777 3808 mirandum,
818 3752 925 3796 eos
978 3734 1057 3796 ab
1107 3734 1291 3796 initio
1344 3734 1528 3795 istam
1591 3733 1891 3795 incurris-

392 3855 456 3897 se
496 3834 835 3907 insaniam,
869 3853 1069 3915 quum
1114 3832 1328 3895 nullus
1372 3832 1730 3906 hominum,
1765 3832 1888 3894 nisi

396 3940 602 3994 mente
640 3939 885 4012 captuS‚
917 3930 1286 4012 hujtismodi
1329 3931 1573 3992 cultum
1614 3930 1736 3991 sibi
1778 3951 1891 3991 un-

394 4051 577 4113 quam
619 4029 908 4112 impendi
936 4030 1217 4092 voluisse
1255 4030 1515 4109 legatur,
1552 4030 1750 4091 donec
1783 4029 1891 4090 ho-

396 4129 676 4190 minibus
746 4136 842 4189 est
901 4147 1157 4189 suasum
1228 4129 1293 4189 in
1360 4129 1510 4190 deos
1579 4129 1888 4209 quosdam

2006 3143 2279 3225 opinari,
2314 3145 2481 3225 quod
2524 3154 2586 3207 et
2623 3146 3201 3228 supernaturalium
3243 3153 3308 3208 et
3341 3145 3509 3207 futu-

2005 3260 2222 3304 rorum
2263 3244 2684 3324 quorumdam
2727 3245 2992 3306 scientia
3028 3251 3358 3306 concreata
3397 3252 3508 3306 aut

2003 3341 2147 3402 data
2196 3340 2320 3402 fuit
2369 3340 2662 3403 Lucifero
2710 3349 2856 3403 ante
2905 3342 3153 3404 ruinam
3200 3361 3214 3406 :
3257 3343 3333 3403 (16
3377 3360 3505 3423 quo

2000 3438 2182 3520 juxta
2245 3438 2738 3520 probabiliorem
2799 3440 3164 3521 opinionem
3225 3448 3500 3513 tenetur,

2001 3537 2170 3619 quod
2205 3537 2270 3599 in
2303 3537 2560 3599 caritate
2591 3546 2653 3599 et
2684 3539 2906 3617 gratia,
2939 3546 3126 3620 atque
3160 3539 3224 3600 in
3256 3539 3504 3621 sapien·

2002 3635 2089 3697 tia
2148 3635 2258 3698 illa
2306 3655 2446 3717 quae
2495 3636 2733 3698 donum
2785 3643 2882 3697 est
2931 3636 3200 3718 Spiritus
3262 3636 3498 3710 Sancti,

2003 3742 2250 3796 creatus
2300 3734 2402 3806 sit,
2448 3734 2614 3796 sicut
2663 3734 2998 3815 probatum
3047 3743 3158 3796 est.
3193 3770 3273 3780 —
3313 3734 3498 3796 Deni-

2003 3851 2147 3914 que,
2186 3831 2536 3894 secundum
2573 3833 2860 3894 doctores
2893 3832 3336 3906 communiter,
3372 3833 3498 3914 pri-

2002 3948 2106 3992 mo
2167 3929 2408 3991 homini
2480 3937 2632 3990 ante
2685 3948 2865 3990 suam
2931 3931 3495 4009 transgressionem

2000 4027 2273 4107 desuper
2332 4026 2454 4087 fuit
2503 4026 2876 4100 revelatum,
2929 4026 3331 4107 Unigenitum
3391 4029 3499 4091 Pa·

1999 4124 2113 4186 tris
2160 4143 2236 4185 cx
2288 4143 2402 4185 suo
2457 4124 2700 4185 semine
2760 4125 3236 4186 incarnandum.
3287 4127 3496 4190 Potuit

394 4228 661 4290 transire
696 4245 770 4288 ac
802 4225 1090 4288 deificari
1131 4235 1389 4308 propter
1417 4227 1700 4307 egregios
1740 4242 1887 4287 suos
1920 4227 1969 4289 D
2000 4240 2147 4302 ergo
2177 4229 2240 4283 et
2271 4221 2392 4284 talc
2424 4223 2578 4303 quid
2609 4222 2832 4302 angelo
2863 4221 2954 4283 illi
2989 4222 3262 4286 multum
3295 4223 3360 4286 in
3392 4245 3495 4287 na·

394 4336 577 4408 atque
629 4323 1005 4405 magnificos
1056 4332 1252 4385 actuS.
1308 4324 1580 4385 Invaluit
1628 4324 1887 4385 demum

396 4443 671 4506 cousque
719 4423 837 4485 ista
878 4421 1095 4503 opinio
1135 4422 1211 4483 de
1252 4421 1584 4483 hominum
1629 4423 1888 4484 transla-

396 4525 559 4586 tione
604 4523 673 4584 in
721 4522 893 4596 (1603,
927 4528 997 4581 ut
1040 4521 1296 4601 quidam
1341 4521 1547 4581 adhuc
1594 4520 1659 4581 in
1701 4539 1887 4580 carne

397 4623 703 4690 viventes,
756 4619 993 4683 vellent
1040 4619 1127 4680 dii
1178 4619 1457 4700 reputari
1508 4627 1569 4680 ct
1618 4618 1763 4692 coli,
1815 4638 1888 4680 ac

398 4729 628 4783 statuas
676 4719 801 4781 sibi
848 4717 1005 4798 erigi
1057 4716 1476 4798 praeciperent
1517 4716 1617 4778 vel
1663 4718 1891 4796 gaude-

400 4829 552 4882 rent.
600 4819 777 4880 Unus
823 4835 1077 4898 quoque
1126 4835 1203 4878 ex
1251 4815 1505 4896 regibus
1554 4814 1889 4898 Babylonis

162 4931 299 4978 naim
319 4950 375 4988 m,
406 4919 465 4980 in
520 4915 907 4980 dementiam
966 4933 1106 4977 eam
1168 4914 1461 4996 prosiliit,
1514 4914 1680 4996 quod
1740 4915 1889 4976 deos

152 4999 201 5036 '³'
406 5017 686 5080 omnium
750 5013 1035 5094 gentium
1094 5012 1501 5075 exterminari
1566 5011 1887 5092 praecepit,

406 5123 711 5197 quatenus
763 5113 899 5194 ipse
940 5111 1111 5173 solus
1156 5129 1191 5172 a
1233 5110 1528 5190 gentibus
1577 5110 1699 5172 sibi
1742 5109 1889 5172 sub—

406 5214 571 5286 ditis,
616 5213 773 5274 deus
823 5211 1137 5272 coleretur
1183 5217 1245 5270 et
1292 5210 1677 5280 adoraretur,
1724 5209 1890 5270 sicut

408 5311 469 5374 in
496 5311 709 5374 Judith
749 5310 914 5372 libro
943 5307 1341 5371 describitur.
1379 5307 1467 5369 Ex
1506 5308 1739 5390 quibus
1776 5307 1887 5369 ali-

1998 4319 2312 4382 turalibus
2342 4319 2612 4403 digniori
2645 4319 2951 4381 divinitus
2982 4320 3272 4395 revelari,
3305 4341 3495 4404 quan·

2000 4438 2189 4501 quam
2235 4419 2312 4480 de
2353 4418 2454 4480 his
2507 4418 2594 4480 nil
2637 4425 2875 4481 temere
2919 4419 3002 4481 sit
3047 4423 3486 4503 promendum.

2077 4619 2281 4680 Restat
2317 4636 2487 4678 nunc
2515 4617 2697 4678 tertia
2729 4637 2870 4698 pars
2902 4619 3270 4700 quaestionis
3299 4621 3491 4702 hujus

2000 4717 2322 4790 solvenda,
2350 4715 2669 4787 videlicet,
2703 4735 2783 4777 an
2815 4716 3020 4796 angeli
3059 4718 3166 4779 alii
3200 4719 3381 4801 lapsi,
3415 4739 3491 4782 ex

2002 4814 2406 4895 instigatione
2445 4813 2721 4876 Luciferi
2769 4825 3213 4896 peccaverunt,
3246 4836 3325 4879 an
3367 4837 3494 4881 ma—

1999 4914 2095 4996 gis
2139 4911 2398 4995 proprio
2445 4920 2618 4974 motu
2663 4918 2854 4994 atque
2899 4923 3231 4996 conceptu.

2078 5010 2384 5085 Quocirca
2412 5009 2635 5071 scribit
2668 5008 3048 5072 Guillclmus
3082 5031 3095 5074 ε
3130 5012 3340 5075 Restat
3367 5013 3490 5094 (in-

2000 5109 2254 5192 quiens)
2303 5108 2781 5191 inquirendum‚
2833 5109 3104 5189 qualiter
3161 5117 3331 5174 tanta
3386 5132 3492 5175 an-

1998 5209 2284 5290 gelorum
2347 5208 2703 5290 peccaverit
2751 5207 3112 5281 multitudo,
3161 5228 3241 5271 an
3289 5211 3494 5275 adhae-

2000 5306 2195 5368 rendo
2226 5305 2520 5369 Lucifero
2557 5306 2620 5368 in
2662 5325 2776 5368 sua
2814 5305 3103 5380 stultitia,
3138 5308 3236 5369 vel
3277 5328 3391 5392 per
3423 5329 3491 5374 se

3564 3761 3607 3803 p.
3630 3750 3703 3790 2⁹1
3719 3746 3767 3790 C.
