4334 6242
821 489 941 556 390

1489 510 1553 555 IN
1593 508 1815 553 LIBRUM
1856 508 1901 553 11
1942 504 2425 553 SENTENTIARUM.
2470 522 2549 531 -
2590 503 2743 549 DIST.
2780 502 2907 565 vl13
2950 502 3174 557 QUAEST.
3216 500 3261 545 11

902 680 1136 753 Quaerit
1178 680 1352 753 item,
1384 698 1466 740 an
1505 680 1823 741 daemones
1853 676 2052 740 velint
2083 694 2149 737 se
2191 693 2317 737 non
2348 672 2397 737 A
2427 675 2625 755 ipsis
2672 686 2861 738 vere
2900 670 3363 753 permaneat
3408 668 3755 735 liberum
3802 680 3926 732 ar·

821 796 978 840 esse.
1023 778 1327 852 Quocirca
1375 775 1852 858 responsionem
1901 775 2123 838 recitat
2169 774 2321 835 alio·

824 895 988 949 rum,
1032 876 1300 937 dicendo
1345 893 1358 936 :
1402 875 1764 937 Secundum
1814 874 2144 955 quosdam,
2184 892 2322 955 syn-

822 974 1061 1035 deresis
1101 974 1167 1035 in
1208 974 1604 1035 daemonibus
1645 973 1958 1035 exstincta
1989 979 2082 1034 est
2116 972 2321 1033 tribus

826 1072 1050 1134 modis.
1084 1072 1315 1145 Primo,
1339 1072 1490 1153 quia
1519 1090 1635 1133 nec
1668 1078 1999 1153 promovet
2030 1088 2148 1131 nec
2179 1088 2320 1152 pro-

823 1189 1078 1233 movere
1137 1176 1342 1252 potest
1389 1188 1496 1232 eos
1553 1171 1630 1231 ad
1692 1170 1949 1231 bonum.
2006 1169 2318 1241 Secundo,

824 1270 974 1350 quia
1041 1288 1118 1331 ex
1189 1268 1490 1351 superbia
1556 1268 1779 1333 volunt
1847 1286 2032 1348 agere
2104 1276 2323 1329 contra

823 1368 1047 1440 Deum,
1081 1367 1374 1448 quamvis
1420 1367 1623 1428 sciant
1665 1366 1810 1428 inde
1849 1366 2058 1427 acrius
2098 1383 2165 1426 se
2207 1384 2321 1447 pu-

822 1464 966 1526 niri.
994 1464 1222 1537 Tertio,
1257 1464 1556 1545 quoniam
1593 1464 1804 1545 potius
1834 1463 2056 1525 volunt
2086 1480 2152 1523 se
2184 1480 2323 1523 6556

821 1581 1014 1643 quam
1055 1580 1182 1624 non
1218 1580 1378 1635 esse,
1412 1570 1481 1623 ut
1511 1570 1794 1643 pugnent
1833 1562 2136 1623 adversus
2178 1559 2320 1622 Cre-

821 1667 1058 1722 atorem
1105 1678 1118 1721 :
1162 1661 1330 1742 quod
1384 1668 1446 1721 et
1491 1679 1568 1722 ex
1620 1678 1846 1741 magna
1895 1677 2115 1721 eorum
2166 1678 2322 1740 prae-

820 1759 1185 1839 sumptione
1231 1777 1305 1819 ac
1355 1758 1722 1820 dominandi
1785 1757 2051 1819 libidine
2113 1765 2320 1838 potest

2426 772 2785 839 biti-ium.

2510 870 2585 931 Et
2648 870 2816 951 quod
2880 887 3029 943 non,
3094 868 3337 930 eisdem
3402 873 3609 947 potest
3668 862 3925 925 rationi-

2428 968 2549 1029 bus
2584 967 2946 1049 persuaderi
2979 966 3217 1049 quibus
3255 966 3321 1027 in
3359 963 3706 1047 praebabita
3742 980 3927 1042 argu-

2432 1074 2783 1128 mentatum
2822 1073 2917 1128 est
2958 1065 3328 1147 quaestione,
3362 1064 3531 1145 quod
3568 1062 3816 1125 scilieet
3858 1060 3923 1121 in

2430 1163 2827 1227 daemonibus
2868 1164 3126 1226 libertas
3167 1162 3414 1224 arbitrii
3455 1178 3581 1222 non
3623 1160 3707 1222 sit
3740 1157 3929 1221 infle-

2430 1263 2714 1325 xibiliter
2744 1263 3166 1325 determinata
3196 1280 3269 1324 66
3299 1280 3482 1323 versa
3510 1260 3590 1323 ad
3628 1260 3873 1321 malum
3908 1275 3922 1319 :

2431 1362 2784 1443 praesertim
2834 1361 2985 1443 quia
3042 1361 3393 1423 secundum
3443 1357 3924 1439 Philosophum,

2432 1460 2730 1541 potentiae
2781 1460 3117 1522 rationales
3166 1465 3315 1520 sunt
3352 1457 3430 1519 ad
3479 1457 3807 1539 opposita3
3854 1454 3927 1516 li-

2432 1558 2657 1619 berum
2700 1565 2911 1621 autem
2952 1558 3288 1620 arbitrium
3322 1564 3419 1618 est
3457 1554 3781 1617 rationalis
3822 1572 3931 1636 po-

2430 1660 2650 1732 tentia,
2712 1677 2910 1739 quum
2973 1658 3055 1718 sit
3121 1657 3384 1717 rationis
3444 1674 3519 1716 66
3582 1654 3929 1716 voluntatis

2433 1755 2717 1819 facultas,
2763 1791 2845 1800 —
2892 1754 3178 1836 Insuper,
3230 1754 3395 1816 sicut
3444 1752 3749 1814 rationale
3800 1770 3926 1813 non

821 1856 1181 1937 procedere.
1227 1856 1526 1917 Homines
1570 1863 1782 1916 autem
1833 1855 2113 1916 damnati
2163 1855 2318 1916 mal·
2354 1855 2401 1917 B
2433 1854 2508 1916 fit
2556 1854 2941 1927 irrationale,
2990 1872 3104 1916 nec
3158 1851 3506 1933 temporale
3562 1858 3871 1913 aeternum
3910 1868 3927 1923 3

824 1954 952 2015 lent
983 1972 1106 2016 non
1150 1972 1310 2015 esse.
1345 1953 1628 2041 Parvulis
1658 1971 1810 2015 vero
1849 1952 1913 2014 in
1958 1952 2157 2015 limbo
2188 1972 2316 2014 me-

821 2052 946 2114 lius
976 2058 1072 2114 est
1102 2052 1194 2115 sic
1229 2071 1387 2126 esse,
1422 2072 1613 2134 quam
1654 2070 1780 2114 non
1822 2070 1980 2124 esse,
2014 2052 2317 2133 quoniam

823 2150 1064 2212 nullam
1109 2150 1422 2212 actualem
1467 2150 1702 2212 habent
1745 2168 2020 2232 poenam.

903 2249 1224 2311 Postremo
1254 2249 1500 2330 quierit,
1526 2268 1604 2311 an
1637 2250 1956 2311 daemones
1989 2268 2158 2310 1111116
2190 2257 2323 2311 1611-

824 2354 960 2409 tum
1002 2348 1373 2429 puniantur,
1409 2354 1717 2428 quantum
1764 2355 1904 2427 post
1945 2346 2112 2408 diem
2151 2348 2321 2427 judi-

823 2445 1041 2507 cii.Ad
1073 2446 1241 2526 quod
1273 2445 1612 2526 respondet
1641 2446 1810 2526 quod
1843 2464 1988 2506 non.
2018 2446 2090 2507 Et
2120 2446 2317 2519 addit,

823 2543 992 2625 quod
1027 2544 1268 2605 malitia
1298 2544 1660 2605 daemonum
1693 2543 2044 2605 intenditur
2072 2562 2184 2606 seu
2217 2564 2322 2605 au-

821 2649 1026 2722 getur,
1094 2642 1180 2704 ita
1242 2643 1410 2723 quod
1472 2642 1538 2703 in
1604 2641 1844 2703 malitia
1904 2650 2197 2704 creseunt
2259 2650 2321 2703 et

825 2739 1169 2802 deteriores
1219 2740 1388 2800 fiunt
1436 2757 1552 2820 per
1606 2747 1862 2820 peccata
1910 2758 2052 2820 quae
2102 2759 2320 2821 super-

823 2838 1097 2900 addunt:
1123 2838 1342 2919 sicque
1373 2839 1779 2899 demerentur
1811 2857 2012 2920 usque
2041 2840 2119 2910 ad
2151 2838 2322 2900 diem

821 2934 1070 3015 judicii.
1122 2935 1282 2997 Hine
1339 2935 1448 3009 ait,
1499 2935 1668 3016 quod
1727 2934 2020 3016 quamvis
2065 2955 2102 2997 a
2151 2936 2327 3017 prin-

2429 1953 2521 2015 sic
2562 1952 2833 2014 liberum
2880 1951 3215 2014 arbitrium
3256 1970 3333 2013 ex
3376 1970 3491 2012 sua
3532 1957 3757 2011 natura
3801 1967 3932 2010 mo-

2429 2050 2557 2113 bile
2597 2052 2767 2113 etad
2809 2058 3151 2131 utrumque
3191 2048 3629 2131 oppositorum
3676 2046 3929 2109 flexibi-

2429 2150 2509 2219 le,
2562 2166 2688 2211 non
2739 2149 2989 2210 videtur
3047 2166 3232 2229 posse
3280 2145 3425 2208 sieri
3487 2144 3816 2208 immobile
3864 2152 3929 2206 et

2429 2246 2786 2309 inflexibile
2837 2246 2902 2307 in
2953 2266 3079 2308 uno
3130 2246 3407 2308 illorum.
3439 2280 3521 2289 —
3558 2246 3817 2317 Iterum,
3861 2244 3924 2304 in

2430 2344 2875 2407 Ecclesiastico
2932 2344 3243 2425 scriptum
3303 2350 3401 2405 est
3461 2361 3476 2404 ε

2430 2444 2805 2524 transgredi,
2847 2451 2910 2504 et
2954 2461 3079 2505 non
3130 2450 3224 2505 est
3274 2452 3717 2522 transgressus
3765 2440 3927 2521 Ergo
3964 2426 4029 2465 ¹⁰·

2428 2561 2611 2623 agere
2662 2541 2829 2603 bona
2874 2560 3021 2605 611111
3073 2541 3357 2623 potentia
3404 2540 3628 2621 agendi
3681 2539 3925 2620 iniqua,

2430 2649 2526 2702 est
2556 2641 2877 2721 praecipue
2916 2639 3493 2701 commendandum
3530 2658 3545 2701 ε
3578 2638 3699 2699 1106
3735 2638 3932 2717 igitur

2432 2739 2763 2821 potissime
2805 2738 3100 2800 convenit
3144 2738 3385 2818 angelis
3428 2737 3683 2799 sanctis.

2513 2837 2579 2898 In
2642 2837 3031 2898 contrarium
3090 2845 3237 2898 sunt
3296 2855 3438 2917 quae
3496 2835 3815 2897 habentur
3864 2835 3931 2895 in

2432 2935 2741 3008 littera,et
2769 2936 2939 3015 quod
2968 2943 3202 2997 aeterna
3230 2935 3537 2995 securitas
3567 2932 3937 2995 immobilis-

827 3034 996 3113 cipio
1043 3032 1318 3094 babeant
1361 3033 1751 3095 voluntatem
1804 3032 2076 3095 faciendi
2126 3035 2323 3115 quod·
2363 3039 2405 3101 C
2435 3052 2559 3114 que
2600 3033 2953 3095 constantia
2994 3034 3069 3093 ad
3110 3032 3570 3095 beatitudinem
3617 3039 3930 3113 spectant.

826 3150 1104 3213 cumque
1149 3130 1412 3205 malum,
1448 3137 1657 3192 tamen
1703 3139 1880 3193 actus
1921 3132 2174 3194 additus
2219 3152 2326 3195 vo-

828 3228 1054 3290 luntati
1083 3236 1272 3308 auget
1301 3229 1624 3291 malitiam.
1643 3230 1898 3301 RursuS,
1914 3230 2327 3293 determinate

828 3326 1053 3389 volunt
1106 3327 1292 3388 modo
1346 3327 1604 3408 aliquod
1664 3327 1902 3389 malum
1953 3330 2122 3408 quod
2180 3338 2326 3392 ante

829 3442 956 3486 non
997 3424 1353 3487 voluerunt.
1393 3426 1567 3487 Unde
1609 3443 1736 3488 non
1775 3433 2022 3488 tantum
2061 3436 2328 3508 augetur

830 3541 1050 3586 eorum
1093 3523 1335 3584 malitia
1370 3542 1446 3584 ex
1479 3531 1647 3596 actu,
1684 3524 1812 3585 imo
1847 3523 2036 3586 etiam
2075 3544 2150 3587 ex
2190 3526 2328 3606 ipsa

831 3620 1154 3682 voluntate
1199 3638 1212 3682 :
1256 3629 1319 3682 et
1361 3621 1529 3681 sicut
1577 3622 1783 3701 angeli
1835 3621 1984 3683 boni
2034 3624 2328 3704 quamvis

832 3718 1196 3781 confirmati
1249 3720 1312 3780 in
1363 3718 1551 3793 bono,
1600 3727 1864 3800 possunt
1915 3721 2185 3800 mereri3
2238 3723 2329 3783 sie

833 3816 1152 3878 daemones
1185 3818 1477 3897 quamvis
1513 3816 1813 3879 obstinati
1851 3818 1915 3880 in
1951 3818 2159 3890 maliS,
2196 3838 2333 3901 pos-

833 3921 983 3975 sunt
1015 3914 1214 3994 magis
1248 3914 1576 3996 magisque
1607 3917 1940 3979 demereri.
1965 3918 2092 3979 Nec
2123 3919 2331 3980 obstat

834 4013 1004 4093 quod
1065 4020 1212 4073 sunt
1271 4011 1336 4074 in
1395 4020 1560 4075 statu
1622 4014 2060 4077 retributionis
2115 4036 2127 4079 :
2183 4035 2330 4078 nam

837 4117 1104 4190 possunt
1132 4129 1270 4171 esse
1305 4111 1365 4171 in
1396 4117 1561 4173 statu
1602 4112 2038 4176 retributionis
2069 4134 2145 4176 ex
2181 4134 2333 4195 prae-
2366 4180 2383 4193 ,

2515 3226 2607 3289 Ad
2642 3228 2760 3289 1106
2790 3228 3061 3289 Thomas
3097 3228 3435 3309 respondet
3468 3247 3482 3291 :
3516 3228 3935 3301 Quemadmo-

2437 3325 2590 3387 dum
2621 3325 2787 3386 Deus
2828 3344 2904 3386 ex
2944 3343 3057 3385 sua
3096 3324 3287 3386 habet
3316 3333 3541 3386 natura
3579 3326 3747 3406 quod
3789 3344 3936 3406 pec-

2438 3442 2579 3485 eare
2645 3440 2773 3485 non
2838 3424 3058 3504 possit,
3120 3423 3213 3484 sie
3273 3423 3535 3503 angelus
3594 3430 3657 3485 et
3713 3441 3936 3485 omnes

2438 3522 2606 3583 Beati
2643 3522 2759 3583 hoe
2791 3521 3025 3582 habent
3056 3540 3130 3582 ex
3166 3522 3365 3601 gratia
3402 3520 3929 3584 confirmationis,

2437 3620 2830 3702 Principium
2868 3639 3144 3701 namque
3176 3628 3237 3683 et
3266 3640 3455 3682 causa
3494 3620 3936 3683 mutabilitatis

2439 3720 2553 3793 rei,
2605 3728 2700 3781 est
2758 3719 3185 3800 potentialitas
3244 3720 3385 3799 ejus
3405 3736 3421 3799 3
3472 3738 3591 3781 1166
3650 3719 3935 3782 defectus

2439 3838 2576 3880 esse
2622 3824 2829 3899 potest
2873 3817 2936 3878 in
2985 3836 3073 3891 re,
3107 3817 3231 3879 nisi
3278 3836 3392 3898 per
3443 3818 3789 3899 potentiam
3842 3817 3936 3879 in-

2440 3916 2845 3997 completam.
2880 3914 2946 3977 Id
2978 3932 3127 3995 ergo
3166 3915 3269 3977 cui
3312 3915 3401 3977 nil
3440 3915 3831 3978 admiscetur
3858 3916 3937 3979 de

2442 4014 2725 4096 potentia
2784 4014 3133 4076 secundum
3201 4022 3489 4076 naturam
3554 4033 3760 4087 suam,
3819 4034 3937 4077 nec

2443 4112 2671 4173 mutari
2726 4119 2932 4193 potest
2981 4130 3189 4192 neque
3237 4112 3531 4174 deficere.
3577 4112 3737 4174 Illud
3788 4131 3938 4175 vero

839 4209 1086 4269 cedenti
1138 4217 1419 4290 peccato,
1473 4217 1536 4271 et
1583 4230 1722 4273 esse
1776 4212 1841 4273 in
1897 4218 2062 4274 statu
2118 4214 2332 4275 deme·
2364 4213 2413 4273 D
2443 4212 2627 4291 cujus
2678 4218 2917 4273 naturae
2966 4210 3419 4273 commiscetur
3465 4211 3748 4293 potentia
3796 4230 3938 4293 quae

839 4306 1018 4367 rendi
1062 4306 1301 4368 ratione
1347 4307 1666 4371 ulterioris
1710 4312 2028 4372 tormenti.
2071 4347 2152 4356 —
2192 4313 2333 4375 Haec

838 4403 1208 4477 Alexander,
1254 4404 1363 4485 qui
1411 4406 1475 4467 in
1520 4406 1619 4469 his
1663 4427 1700 4469 a
1742 4407 2127 4489 quibusdam
2177 4429 2332 4491 prae-

840 4500 1116 4563 inductis
1158 4502 1470 4565 dissentit.

1279 4830 1748 4903 QUAESTIO
1821 4831 1899 4892 II

964 5093 1224 5157 Ecundo
1255 5091 1582 5172 quaeritur,
1613 5094 1744 5158 An
1775 5092 2049 5169 angeli*
2073 5094 2336 5159 sancti

982 5197 1099 5261 ita
1132 5194 1298 5259 sint
1326 5193 1409 5257 111
1440 5194 1706 5268 gratia
1745 5191 2213 5272 confirmati,
2246 5194 2339 5258 ut

841 5308 1167 5380 peccare
1212 5306 1370 5358 non
1417 5288 1765 5369 valeant,
1808 5292 1892 5355 et
1935 5292 2201 5355 tamen
2250 5292 2334 5355 111

2443 4316 2657 4371 16111611
2710 4317 2836 4371 1016
2884 4326 2996 4389 per
3044 4315 3255 4370 66111111
3308 4309 3685 4389 completur,
3734 4317 3941 4391 potest

2445 4409 2725 4491 quidem,
2776 4414 3085 4489 quantum
3150 4407 3215 4468 in
3269 4426 3335 4469 se
3384 4415 3500 4480 est,
3552 4406 3829 4470 deficere
3877 4416 3940 4469 et

2446 4508 2703 4581 mutari,
2764 4506 3115 4568 secundum
3186 4507 3355 4587 quod
3422 4525 3610 4567 suum
3677 4526 3817 4569 esse
3878 4516 3941 4569 et

2444 4604 2987 4686 complementum
3040 4623 3165 4666 non
3226 4604 3417 4667 habet
3468 4605 3590 4667 nisi
3650 4606 3731 4668 ab
3776 4605 3937 4679 alio:

2443 4704 2551 4765 sed
2600 4702 2843 4765 ratione
2896 4702 3194 4784 perfectae
3248 4702 3629 4783 receptionis
3680 4723 3794 4766 seu
3842 4724 3942 4766 ae-

2444 4800 2764 4873 tuationiS,
2799 4821 2939 4883 quae
2970 4800 3129 4862 nihil
3162 4800 3458 4881 potentiae
3491 4800 3939 4882 imperfectum

2445 4899 2772 4980 relinquit,
2837 4898 3347 4961 immobilitatem
3407 4899 3941 4963 indeficientiam-

2444 5016 2567 5077 que
2607 4997 2885 5059 sortitur.

2526 5095 2721 5176 Cujus
2766 5096 3129 5177 exemplum
3185 5096 3247 5157 in
3298 5097 3691 5159 naturalibus
3740 5104 3804 5159 et
3854 5098 3945 5159 in-

2446 5192 2916 5256 tellectualibus
2968 5201 3155 5274 patet.
3204 5193 3269 5255 ln
3322 5194 3715 5256 naturalibus
3766 5214 3944 5257 nam-

2445 5310 2569 5373 que
2601 5291 3006 5373 quibusdam,
3031 5292 3313 5373 potentia
3344 5292 3646 5355 naturalis
3676 5292 3940 5357 omnino

3538 2342 3653 2415 Qui
3718 2342 3927 2423 potuit
3958 2360 4215 2405 Rectum.
