4334 6242
797 500 918 565 362
1487 520 1552 566 ιΝ
1593 520 1815 566 uanum
1856 520 1900 565 11
1943 518 2426 565 smmum-ninum.
2472 536 2553 546 —
2594 519 2747 565 ms‘r.
2785 518 2888 581 vr;
2931 518 3153 573 QuAEs‘r.
3190 518 3230 561 v

795 690 1057 752 eisdem.
1103 689 1643 752 Considerandum
1687 707 1942 770 quoque
1987 696 2297 769 quantum
2328 685 2377 748 A
2408 687 2717 749 credatur.
2755 688 3117 750 Secundum
3150 689 3269 751 hoc
3299 707 3554 771 quoque
3588 689 3789 769 maJ‘or
3818 706 3917 751 es-

797 790 1050 851 doleant
1082 788 1160 851 de
1202 788 1629 850 immensitate
1668 788 1882 867 gloriae
1915 787 2294 858 ConditoriS,
2407 794 2501 847 set
2544 785 2794 865 justitia
2836 786 2946 847 Dei
2994 786 3055 847 in
3102 786 3393 849 homines
3435 805 3684 869 pravoS,
3716 806 3914 869 quam

795 888 872 949 de
913 907 1038 969 qua
1081 887 1513 949 indubitanter
1551 886 1767 949 dolent
1806 887 2020 949 dolore
2059 885 2299 946 incom-
2409 884 2473 945 in
2505 884 2768 965 spiritus
2812 884 3120 965 malignos
3158 904 3171 947 :
3206 886 3377 967 quod
3417 904 3606 947 nemo
3647 886 3919 948 rationa-

795 986 1162 1067 parabiliter
1212 986 1436 1066 majori
1491 986 1666 1047 omni
1715 986 1948 1065 gaudio
1998 984 2168 1066 quod
2218 984 2296 1045 de

791 1084 1126 1146 hominum
1160 1085 1340 1147 malis
1374 1084 1585 1146 valent
1615 1084 1866 1145 habere.
1889 1082 2116 1157 Quanti
2147 1100 2298 1162 ergo

800 1184 1046 1245 dolores
1077 1192 1223 1245 sunt
1252 1184 1344 1245 eis
1375 1184 1452 1245 de
1478 1182 1779 1245 felicitate
1808 1189 1870 1243 et
1894 1182 2094 1262 gloria
2123 1200 2297 1261 ange·

793 1282 999 1343 lorum
1031 1289 1394 1343 sanctorum
1425 1300 1498 1343 ac
1529 1282 1817 1343 omnium
1851 1282 2184 1342 Beatorum
2218 1284 2241 1341 2

873 1382 950 1443 Et
989 1383 1122 1444 haec
1162 1381 1423 1462 quidem
1466 1398 1589 1442 non
1635 1381 1718 1442 ita
1756 1380 1884 1443 sint
1919 1381 2087 1441 dicta
2127 1397 2199 1441 ac
2241 1379 2293 1441 si

789 1480 1091 1561 gaudium
1122 1480 1398 1560 alicujus
1429 1480 1598 1541 modi
1633 1478 1850 1541 haberi
1885 1486 2098 1561 posset
2127 1478 2294 1559 apud

791 1578 953 1640 11103.
1004 1578 1138 1640 Non
1189 1578 1362 1640 enim
1413 1577 1762 1640 verisimile
1809 1585 1906 1639 est
1954 1577 2120 1657 quod
2174 1584 2295 1639 tor-

2408 984 2486 1045 lis
2520 1002 2801 1065 unquam
2836 984 3014 1045 dixit.
3052 985 3301 1045 Etenim
3346 986 3437 1046 ira
3468 985 3578 1047 Dei
3614 985 3677 1046 in
3710 985 3918 1066 magis

2408 1090 2743 1164 peccantes
2783 1091 2879 1145 est
2920 1083 3142 1164 maj0r,
3174 1090 3239 1145 et
3278 1084 3343 1145 in
3393 1083 3605 1145 minus
3646 1102 3917 1165 peccan-

2406 1190 2499 1242 tes
2533 1182 2760 1243 minor.
2783 1182 3177 1263 Quapropter
3206 1201 3406 1262 quum
3440 1182 3625 1262 longe
3654 1183 3916 1262 gravius

2408 1280 2811 1363 peccaverint
2842 1281 3206 1362 hujusmodi
3239 1282 3503 1362 spiritus
3534 1300 3725 1362 quam
3757 1281 3915 1343 mali

2407 1380 2719 1452 homines,
2761 1380 2963 1460 major
3004 1387 3099 1441 est
3144 1380 3236 1441 ira
3279 1380 3591 1442 Creatoris
3634 1380 3697 1441 in
3740 1380 3912 1451 illos,

2406 1498 2599 1559 quam
2648 1478 2713 1539 in
2743 1468 2932 1539 'istos
2967 1477 3218 1559 Alioqui
3266 1498 3407 1559 quae
3456 1486 3623 1540 esset
3660 1478 3919 1559 justitia

2407 1576 2739 1649 Creatoris,
2774 1576 2828 1638 si
2868 1576 2997 1637 illis
3040 1595 3153 1657 per
3191 1585 3437 1657 septem
3478 1576 3682 1639 millia
3718 1595 3919 1639 anno-

792 1683 1006 1738 menta
1036 1676 1098 1737 in
1131 1676 1366 1757 quibus
1398 1684 1692 1749 sunt,eos
1725 1676 1823 1738 vel
1856 1676 1934 1737 ad
1966 1675 2291 1737 modicum
2406 1693 2548 1735 rum
2590 1682 2877 1755 parceret
2913 1694 2949 1735 a
2988 1673 3377 1736 cruciatibus
3415 1673 3673 1748 debitis,
3705 1675 3917 1737 homi-

789 1775 1063 1855 gaudere
1108 1775 1430 1855 patiantur
1464 1792 1478 1835 z
1512 1772 2050 1855 quemadmodum
2099 1774 2294 1835 mani·
2406 1772 2596 1833 nibus
2639 1790 2790 1834 vero
2838 1791 2956 1834 nec
3004 1791 3119 1854 per
3168 1774 3446 1855 spatium
3496 1773 3691 1835 unius
3740 1774 3917 1837 horae

789 1872 1024 1934 festum
1058 1880 1154 1935 est
1185 1873 1262 1934 de
1292 1873 1391 1934 his
1434 1873 1542 1954 qui
1581 1873 1709 1953 jam
1747 1872 1811 1933 in
1854 1872 2104 1934 inferno
2143 1879 2291 1933 sunt
2330 1868 2377 1931 B
2408 1879 2549 1952 post.
2592 1876 2913 1934 mortem?
2954 1908 3033 1917 —-
3075 1873 3217 1935 Haec
3263 1872 3661 1935 GuillelmuS.

790 1970 1005 2051 positi,
1040 1989 1311 2052 quorum
1345 1972 1706 2033 immanitas
1745 1979 1933 2052 atque
1965 1970 2290 2032 immensi·
2474 1969 2663 2047 Cujus
2693 1969 2887 2032 verba
2919 1987 3033 2051 pro
3062 1970 3327 2031 maxima
3356 1978 3535 2051 parte
3566 1980 3919 2033 consonant

788 2078 882 2130 tas
933 2076 1394 2131 tormentorum
1441 2087 1566 2131 non
1618 2070 1829 2131 serunt
1873 2069 2144 2147 alicujus
2189 2087 2293 2149 ge·
2404 2067 2835 2149 praeinductiS.
2871 2067 3084 2130 Nihilo
3124 2068 3335 2130 minus
3384 2070 3672 2150 quaedam
3712 2071 3918 2132 conti-

789 2168 962 2229 neris
1004 2168 1306 2248 gaudium
1352 2186 1488 2230 esse
1534 2168 1597 2229 in
1645 2168 1819 2250 ipsiS.
1863 2168 1989 2229 Nec
2034 2167 2292 2248 aliquod
2403 2174 2636 2227 nentur
2666 2166 2731 2226 in
2763 2166 2856 2227 eis
2887 2166 3176 2227 obscura.
3210 2167 3519 2240 Primum,
3553 2168 3723 2248 quod
3753 2168 3917 2230 dicit

789 2266 1092 2345 gaudium
1137 2274 1348 2347 posset
1387 2266 1446 2326 ei
1490 2266 1716 2339 inesse,
1752 2266 1860 2346 qui
1905 2274 2293 2327 cremaretur
2404 2263 2629 2325 choros
2668 2282 2890 2326 omnes
2928 2264 3299 2344 angelorum
3340 2284 3479 2327 esse
3517 2266 3913 2347 aequalesad

790 2364 856 2427 in
903 2363 1049 2445 igne
1091 2364 1259 2445 apud
1304 2382 1417 2426 nos
1467 2363 1827 2426 exsistente.
1866 2364 1940 2424 Et
1989 2363 2288 2436 breviter,
2403 2362 2681 2424 invicem
2742 2382 3009 2425 numero
3066 2362 3388 2444 legionum
3441 2374 3505 2425 et
3560 2366 3917 2427 numerosi-

790 2462 956 2523 sicut
985 2461 1256 2523 felicitas
1289 2481 1564 2543 superna
1597 2461 1869 2542 paradisi
1903 2480 2159 2523 omnem
2192 2479 2296 2522 ex·
2404 2468 2527 2522 tate
2559 2462 2903 2543 spirituum
2944 2481 3053 2523 seu
3097 2480 3531 2543 personarum.
3565 2463 3807 2544 Nempe
3842 2472 3916 2526 ut

789 2560 988 2622 cludit
1038 2560 1343 2633 dolorem,
1391 2560 1483 2621 sic
1533 2560 1845 2622 contraria
1897 2560 2154 2621 miseria
2202 2567 2292 2621 to-

789 2658 914 2720 tius
968 2678 1194 2740 expers
1249 2666 1341 2720 est
1400 2658 1634 2739 gaudii.
1687 2694 1767 2703 —-
1817 2659 2001 2721 Porro
2051 2658 2291 2719 crucia-

787 2765 889 2818 tus
922 2757 1343 2838 malignorum
1376 2756 1715 2838 spirituum
1751 2756 1932 2837 longe
1965 2756 2168 2835 major
2198 2765 2293 2818 est

788 2856 1225 2917 damnatarum
1289 2854 1607 2935 supplicio
1664 2854 2022 2916 animarum
2077 2871 2091 2915 :
2141 2854 2292 2935 quia

789 2953 1048 3033 maligni
1090 2953 1352 3035 spiritus
1399 2960 1617 3015 contra
1657 2953 2012 3015 Creatorem
2059 2972 2125 3015 se
2169 2954 2291 3014 eri-

785 3058 1028 3132 genteS,
1076 3051 1278 3113 multo
1321 3052 1646 3114 enormius
1691 3060 2134 3132 peccaverunt.

867 3150 928 3211 Si
971 3167 1121 3211 vero
1164 3158 1503 3231 quaeratur,
1539 3149 1812 3230 qualiter
1855 3149 2007 3211 tanti
2051 3148 2291 3210 crucia-

787 3256 889 3310 tus
921 3247 1290 3329 permittant
1319 3265 1425 3309 eos
1466 3254 1592 3307 tam
1637 3247 1916 3309 studiose
1960 3247 2289 3309 intendere

787 3346 1059 3421 insidiis,
1095 3346 1552 3408 tentationibus
1593 3352 1781 3426 atque
1824 3345 2140 3407 interdum
2177 3344 2289 3406 sla-

2404 2560 2569 2621 inl'ra
2620 2561 2951 2641 pandetur,
2986 2560 3159 2623 chori
3207 2578 3319 2622 seu
3364 2561 3617 2623 ordines
3660 2562 3917 2642 angelo·

2404 2676 2547 2719 rum
2590 2666 2827 2738 quanto
2872 2666 3020 2720 sunt
3064 2658 3447 2740 superioreS,
3485 2666 3661 2720 tanto
3698 2678 3914 2741 perso-

2402 2775 2514 2817 nas
2566 2756 2628 2816 in
2680 2774 2747 2817 se
2799 2757 3128 2818 continent
3181 2757 3420 2837 plureS,
3470 2757 3651 2838 juxta
3704 2758 3909 2820 divini

2404 2853 2683 2936 Dionysii
2728 2854 3127 2916 documenta.
3163 2854 3399 2916 Verum
3430 2856 3784 2917 secundum
3816 2856 3913 2918 di-

2403 2960 2501 3013 cta
2533 2952 2813 3031 Gregorii
2848 2960 2943 3013 est
2972 2960 3247 3013 econtra.
3281 2988 3363 2998 —-
3392 2954 3756 3015 Secundum
3784 2962 3909 3027 est,

2326 3050 2369 3113 C
2401 3049 2571 3130 quod
2621 3050 2777 3111 dicit
2825 3050 3115 3112 ordinem
3164 3050 3523 3131 angelicum
3579 3052 3909 3115 continere

2402 3154 2491 3208 tot
2536 3146 2836 3227 legiones,
2871 3157 3026 3230 quot.
3068 3147 3231 3229 legio
3262 3149 3544 3211 continet
3580 3150 3855 3213 unitates
3891 3168 3906 3213 ε

2402 3245 2521 3306 hoc
2554 3245 2795 3326 quippe
2836 3246 3151 3308 incertum
3186 3254 3303 3321 est,
3337 3266 3454 3308 nec
3495 3248 3733 3309 ratione
3767 3266 3913 3329 pro·

2402 3344 2588 3405 batur
2630 3362 2746 3405 nec
2792 3344 3185 3417 auctoritate,
3222 3353 3291 3406 ut
3335 3346 3537 3426 patuit
3580 3365 3790 3427 supra.
3824 3381 3911 3393 —
3967 3384 4026 3425 p.
4068 3375 4259 3417 saec.

785 3444 1234 3526 gellationibus
1276 3443 1634 3515 hominum,
1670 3450 1739 3503 ut
1776 3443 1955 3524 quasi
1989 3462 2024 3503 a
2063 3442 2289 3504 ceteris

787 3543 1034 3603 cunctis
1073 3560 1297 3603 vacare
1338 3560 1454 3602 nec
1493 3541 1667 3602 aliud
1708 3541 1939 3602 habere
1979 3558 2165 3621 agere
2202 3541 2293 3601 vi-

787 3642 1072 3702 deantur.
1128 3641 1282 3702 Dico
1332 3640 1393 3701 in
1445 3640 1585 3711 hoc,
1641 3640 1807 3720 quod
1858 3640 2173 3711 voluntaS,
2226 3638 2289 3700 id

786 3747 881 3800 cst
914 3739 1272 3820 permissio,
1297 3737 1630 3811 CreatoriS,
1657 3736 1720 3797 in
1753 3737 1872 3797 hoc
1903 3744 1998 3798 est
2034 3744 2291 3818 propter

789 3837 1176 3919 multiplices
1209 3836 1512 3898 utilitates
1553 3835 1771 3897 clectis
1814 3835 1960 3897 inde
1999 3834 2290 3916 proveni-

787 3943 983 3997 enteS.
1014 3936 1208 3997 Tanta
1240 3953 1493 4016 quoque
1525 3942 1620 3995 est
1651 3933 1953 3994 naturalis
1985 3933 2291 3995 fortitudo

787 4042 849 4095 et
881 4033 1059 4114 vigor
1090 4034 1474 4104 daemonum,
1513 4038 1580 4092 ut
1612 4031 1802 4093 tantis
1844 4031 2177 4092 tormentis
2209 4030 2287 4091 ab

789 4130 1156 4211 hujusmodi
1190 4130 1491 4212 operibus
1524 4148 1649 4192 non
1684 4128 2158 4211 prohibeantur,
2172 4148 2288 4191 nec

2403 3441 2682 3502 Tertium
2736 3449 2852 3515 est,
2892 3443 3059 3524 quod
3110 3443 3197 3503 ait
3244 3442 3325 3504 ab
3373 3444 3634 3505 exordio
3682 3446 3907 3507 mundi

2403 3558 2605 3620 usque
2636 3540 2712 3601 ad
2754 3539 2922 3601 diem
2964 3539 3189 3618 judicii
3232 3558 3371 3602 esse
3410 3542 3908 3622 protractionem

2402 3656 2512 3698 seu
2576 3637 2853 3718 spatium
2916 3645 3159 3719 septem
3228 3637 3507 3699 millium
3564 3658 3901 3703 annorum.

2402 3734 2641 3815 Nempe
2685 3743 2755 3796 ut
2796 3735 3022 3796 asserit
3059 3735 3450 3816 Augustinus
3492 3736 3655 3800 libro
3693 3738 3771 3799 de
3808 3738 3909 3801 Ci-

2402 3832 2593 3894 vitate
2628 3833 2759 3905 Dei,
2796 3833 3082 3895 Christus
3122 3834 3413 3907 dicend0,
3449 3835 3535 3896 De
3567 3835 3669 3897 die
3699 3843 3761 3897 et
3790 3836 3907 3898 ho-

4012 3859 4238 3905 Alaun-

2402 3948 2471 3991 ra
2511 3930 2619 3991 illa
2655 3931 2837 4011 (puta
2873 3932 3101 4011 judicii
3144 3932 3485 4013 generalis)
3526 3952 3713 3997 nemo
3756 3936 3903 4011 scit,
3938 3932 4087 3971 ¹¹¹⁸*
4128 3930 4211 3967 3¹³·

2400 4029 2702 4109 repressit
2742 4028 2971 4109 digitos
3013 4030 3302 4091 omnium
3341 4031 3791 4093 calculantium
3828 4052 3907 4095 ac

2399 4126 2885 4189 vaticinantium
2930 4128 3006 4189 de
3048 4128 3399 4209 quantitate
3442 4129 3757 4193 distantiae
3798 4150 3909 4193 us·

788 4230 1206 4292 retrahantur.
1264 4228 1365 4291 Sic
1414 4247 1566 4291 vero
1615 4246 1742 4290 non
1793 4234 1888 4288 est
1938 4227 2001 4287 in
2057 4227 2289 4289 nostris
2322 4228 2370 4289 D
2401 4242 2525 4306 que
2556 4225 2634 4286 ad
2664 4224 2691 4285 Ι·
2695 4225 2864 4286 inem
2899 4226 3121 4286 mundi
3152 4245 3262 4287 seu
3294 4226 3463 4288 diem
3493 4228 3742 4308 judicii.
3778 4230 3907 4292 Un-

788 4327 1144 4399 animabus,
1177 4335 1438 4409 propter
1469 4327 1652 4406 longe
1694 4325 2002 4387 minorem
2040 4325 2291 4387 fortitu-

789 4426 1004 4487 dinem
1049 4426 1437 4486 earumdem.

870 4523 1042 4596 Quod
1093 4523 1145 4585 si
1196 4524 1340 4604 quis
1394 4522 1644 4596 dixerit,
1698 4522 1848 4604 quia
1901 4522 2292 4584 differuntur

788 4622 1149 4684 daemonum
1198 4639 1402 4702 poenae.
1450 4639 1652 4703 usque
1698 4620 1758 4681 in
1807 4619 1975 4681 diem
2018 4620 2289 4700 judicii3

787 4721 952 4794 dico,
986 4721 1154 4801 quod
1190 4720 1253 4781 in
1296 4720 1416 4781 hoc
1455 4719 1548 4781 eis
1590 4719 2053 4781 inaestimabilis
2091 4719 2293 4799 gratia

789 4819 994 4890 fieret,
1029 4819 1080 4880 si
1113 4818 1205 4880 eis
1240 4836 1350 4899 per
1382 4824 1626 4899 septem
1671 4818 1870 4879 millia
1902 4836 2215 4879 annorum
2255 4835 2292 4877 a

788 4917 1019 4979 debitis
1063 4916 1450 4978 cruciatibus
1499 4923 1862 4997 parceretur
1896 4933 1909 4977 :
1944 4916 2110 4997 quod
2153 4915 2291 4977 sine

787 5015 984 5077 dubio
1033 5022 1221 5087 essct,
1256 5014 1306 5076 si
1360 5034 1564 5095 poenae
1609 5034 1826 5076 eorum
1877 5014 2292 5075 differrentur

788 5133 992 5195 usque
1043 5113 1107 5174 in
1157 5113 1327 5175 diem
1375 5112 1624 5193 judicii,
1659 5132 1856 5193 quum
1908 5112 1988 5173 ab
2034 5112 2292 5174 exordio

790 5210 1012 5273 mundi
1047 5230 1246 5293 usque
1277 5213 1355 5272 ad
1390 5220 1639 5292 tempus
1673 5211 1854 5285 illud,
1886 5219 2124 5293 septem
2160 5210 2296 5271 mil-

793 5310 950 5377 lium
992 5328 1302 5373 annorum
1345 5309 1620 5394 spatium
1653 5329 1688 5371 a
1718 5310 2112 5394 sapientibus
2153 5329 2292 5373 esse

2401 4323 2477 4383 de
2527 4330 2589 4383 et
2638 4322 2798 4384 dixit
2846 4323 3165 4403 Apostolis
3218 4341 3232 4384 ε

2402 4438 2586 4482 nosse
2629 4428 2912 4502 tempora
2945 4422 3044 4483 vel
3089 4432 3407 4483 momenta
3446 4442 3586 4504 quae
3624 4424 3803 4486 Pater
3836 4425 3903 4487 in

2400 4538 2515 4580 sua
2558 4519 2769 4600 posuit.
2811 4527 3141 4602 potestate.

2852 4785 3327 4858 QUAESTIO
3384 4785 3443 4847 V

2546 5012 2731 5074 Uinio
2774 5013 3099 5094 quaeritur,
3137 5014 3269 5078 An
3304 5014 3613 5080 daemon
3652 5016 3905 5081 semel

2572 5112 2840 5176 victus
2883 5110 2980 5176 ab
3023 5110 3370 5192 homine,
3402 5113 3499 5178 de
3546 5115 3809 5179 cetero
3854 5129 3905 5181 a

2400 5211 2843 5275 tentatione
2874 5209 3234 5291 desistat,
3266 5212 3349 5275 et
3385 5209 3904 5280 1n1nfernum

2402 5322 2586 5375 mox
2628 5308 3108 5375 retrudatur.

3288 4324 3421 4387 Non
3473 4332 3569 4386 est
3616 4334 3905 4390 vestrum
3968 4356 4162 4408 Act...
4194 4364 4245 4403 τ.
