4334 6242
1283 501 1490 549 mnu
1529 499 1806 548 ANGssLus
1848 499 2005 548 Unus
2045 499 2364 556 monum
2402 497 2621 547 ALTER!

3392 482 3514 548 539

395 683 560 750 ctus,
597 683 806 760 potest
853 674 1160 738 effectum
1204 672 1388 735 illum
1432 672 1785 755 producere
1831 671 1898 734 in
1931 669 1984 734 A
2100 671 2196 734 Ad
2250 671 2419 753 quod
2476 671 2876 734 concorditer
2924 671 3007 734 ab
3064 670 3365 736 omnibus
3422 691 3513 738 re-

393 775 720 858 receptivo
781 773 1258 856 proportionum
1313 779 1374 833 et
1434 770 1894 854 approximato.

389 874 672 955 Angelus
721 881 936 935 autem
986 871 1376 934 habitualem
1435 869 1676 932 habens
1737 869 1899 931 noti-

387 974 546 1035 tiam
593 971 871 1053 alicujus
921 970 1182 1053 objecti,
1231 977 1326 1032 est
1383 967 1786 1031 sufficienter
1835 967 1900 1029 in

391 1079 540 1134 actu
583 1071 797 1153 primo
839 1070 917 1133 ad
963 1068 1354 1131 causandum
1401 1065 1900 1130 intellectionem

391 1170 708 1232 actualem
751 1168 954 1250 ipsius
989 1185 1004 1230 ε
1039 1184 1188 1248 ergo
1231 1173 1439 1249 potest
1475 1163 1782 1228 effectum
1829 1163 1902 1226 il-

396 1269 530 1332 lum
573 1286 834 1330 causare
876 1267 943 1329 in
987 1283 1396 1348 quocumque
1440 1262 1769 1327 intellectu
1806 1281 1900 1325 re—

394 1366 668 1449 ceptiv0.
703 1364 1069 1428 Intellectus
1105 1372 1319 1426 autem
1353 1362 1616 1425 alterius
1646 1360 1904 1424 inferio-

392 1466 614 1547 risque
647 1462 858 1545 angeli
893 1470 991 1526 est
1024 1462 1386 1544 receptivus
1422 1460 1596 1523 illius
1629 1459 1901 1522 effectus

395 1583 511 1626 seu
561 1563 804 1625 notiti'ae
851 1568 961 1624 aut
1011 1567 1378 1642 conceptus.
1421 1595 1503 1604 —
1539 1559 1747 1621 Potest
1794 1576 1904 1619 au·

393 1670 526 1724 tem
575 1659 840 1742 angelus
891 1659 1160 1740 loquens
1210 1675 1469 1720 causare
1519 1657 1586 1718 in
1633 1655 1759 1718 alio
1808 1674 1904 1719 so-

396 1761 532 1822 lum
582 1766 798 1821 actum
832 1775 846 1820 τ
883 1765 953 1819 ut
1000 1756 1055 1818 si
1106 1755 1402 1837 loquatur
1449 1755 1508 1817 ei
1559 1755 1636 1816 de
1685 1754 1901 1836 aliquo

2013 770 2363 852 spondetur
2401 770 2572 851 quod
2614 787 2764 844 non,
2805 770 2960 852 quia
3002 768 3511 846 inavertibiliter‚

2012 869 2202 952 plene
2244 875 2309 932 et
2350 876 2787 930 consummate
2831 887 3213 952 semperque
3256 871 3516 933 actuali·

2013 975 2109 1030 ter
2139 967 2302 1029 uniti
2335 974 2484 1028 sunt
2523 968 2673 1040 Deo,
2708 975 2771 1029 et
2802 967 2940 1050 ipse
2968 976 3063 1030 est
3096 968 3188 1030 eis
3221 987 3411 1031 causa
3452 977 3517 1031 et

2012 1065 2166 1128 finis
2223 1072 2285 1127 et
2342 1063 2559 1146 regula
2614 1066 2918 1147 operandi
2984 1067 3050 1130 in
3110 1067 3288 1130 omni
3346 1068 3517 1149 quod

2013 1171 2227 1245 agunt.

2092 1262 2255 1324 Hinc
2306 1262 2575 1324 Thomas
2626 1270 2891 1326 testatur
2941 1281 2956 1326 :
3001 1263 3226 1346 Angeli
3270 1265 3514 1329 nullam

2014 1361 2451 1443 operationem
2492 1360 2729 1423 habent
2767 1381 2911 1444 quae
2948 1380 3075 1425 non
3107 1363 3191 1426 sit
3217 1364 3517 1426 essentia-

2015 1459 2095 1522 lis
2126 1459 2417 1522 felicitati
2446 1478 2691 1534 eorum,
2726 1461 2790 1522 id
2821 1468 2917 1524 est
2945 1462 3021 1523 ad
3054 1462 3395 1524 essentiam
3426 1462 3516 1526 fe-

2015 1557 2276 1621 licitatis
2318 1575 2541 1621 eorum
2584 1559 2932 1641 pertinens,
2964 1559 3068 1621 vel
3114 1559 3179 1622 in
3229 1579 3356 1642 qua
3402 1581 3519 1643 per

2016 1657 2620 1739 contemplationem
2648 1676 2772 1720 non
2803 1658 3346 1739 dirigantur.Hinc
3376 1678 3519 1723 con-

2014 1755 2348 1837 templatio
2395 1774 2617 1818 eorum
2669 1775 2735 1818 se
2789 1756 2980 1820 habet
3031 1758 3109 1820 ad
3162 1758 3518 1821 ministeria

393 1859 566 1941 quod
600 1857 708 1919 ille
738 1855 1149 1918 habitualiter
1175 1853 1397 1918 noscit.
1414 1855 1622 1917 Potest
1651 1871 1900 1936 quoque
1939 1853 1986 1917 B
2015 1871 2239 1916 eorum
2282 1853 2449 1916 sicut
2493 1853 2916 1917 consideratio
2959 1855 3325 1937 regularum
3363 1857 3516 1918 artis

397 1959 462 2020 in
508 1956 621 2019 illo
663 1973 923 2018 causare
967 1954 1250 2036 speciem
1295 1952 1486 2015 simul
1533 1960 1596 2014 et
1633 1960 1846 2014 actum
1881 1969 1896 2014 ι

395 2063 468 2118 ut
499 2055 553 2118 si
583 2052 848 2134 angelus
880 2053 984 2114 cui
1018 2051 1322 2134 loquitur,
1346 2069 1472 2113 non
1505 2049 1734 2112 habeat
1765 2068 1904 2132 spe-

395 2154 562 2216 ciem
622 2151 967 2233 singularis
1014 2150 1092 2212 de
1150 2168 1280 2232 quo
1325 2149 1404 2212 fit
1461 2148 1585 2211 sibi
1640 2148 1896 2212 locutio.

393 2250 936 2327 Quemadmodum
968 2249 1142 2312 enim
1173 2249 1416 2330 species
1446 2247 1770 2310 sensibilis
1800 2265 1904 2330 po-

391 2359 518 2413 test
558 2349 840 2432 speciem
883 2366 1142 2411 causare
1187 2345 1560 2410 sensibilem
1611 2345 1902 2427 ejusdem

391 2448 682 2522 rationis,
715 2448 803 2510 ita
842 2447 1090 2530 species
1134 2444 1560 2526 intelligibilis
1604 2443 1902 2525 intelligi-

395 2546 596 2610 bilem
640 2545 904 2608 rationis
947 2543 1257 2624 ejusdem.

478 2646 567 2707 De
598 2643 700 2706 his
738 2642 962 2705 scribit
1000 2643 1224 2704 Scotus
1256 2641 1520 2723 prolixe.
1555 2641 1624 2702 In
1665 2639 1902 2722 quibus

395 2762 436 2804 a
469 2743 796 2804 seniorum
837 2747 900 2802 et
941 2740 1255 2821 majorum
1297 2739 1698 2802 documentis
1736 2757 1904 2800 rece-

396 2841 492 2902 dit
527 2858 540 2902 :
577 2839 836 2922 quibuS‚
875 2838 1028 2920 quia
1076 2837 1553 2900 rationabiliora
1601 2842 1750 2898 sunt
1796 2836 1903 2899 do-

399 2945 719 3009 cumenta,
771 2937 974 3016 magis
1025 2942 1120 2999 est
1174 2935 1723 2998 consentiendum.
1775 2934 1904 2997 Nec

2013 1953 2090 2015 ad
2121 1953 2595 2015 exsecutionem
2630 1971 2892 2034 operum
2926 1952 3216 2028 artificiS,
3240 1972 3315 2017 eo
3346 1955 3517 2036 quod

2012 2051 2181 2113 Deus
2211 2058 2307 2113 est
2346 2051 2501 2114 finis
2540 2052 2831 2114 omnium
2874 2052 3317 2134 operationum
3347 2053 3515 2116 hier-

2010 2149 2435 2223 archicarum,
2487 2158 2679 2232 atque
2736 2169 2774 2212 a
2826 2149 2959 2212 fine
3022 2151 3300 2212 sumit-ur
3355 2151 3516 2214 ratio

2011 2245 2359 2327 cujuslibet
2399 2247 2633 2329 operiS,
2666 2255 2728 2309 et
2772 2247 2859 2309 ita
2900 2267 2967 2310 se
3008 2248 3200 2310 habet
3241 2247 3393 2311 finis
3436 2249 3514 2310 ad

2010 2345 2363 2426 operabilia
2410 2345 2576 2408 sicut
2616 2345 3011 2428 principium
3054 2346 3132 2409 ad
3181 2347 3517 2429 speculati-

2012 2461 2092 2505 va
2125 2460 2138 2504 :
2174 2450 2238 2505 et
2268 2443 2431 2517 ideo,
2466 2443 2632 2506 sicut
2670 2442 2897 2506 artifex
2930 2444 3122 2506 simul
3158 2445 3515 2508 considerat

2012 2541 2325 2604 rationem
2362 2542 2517 2604 artis
2558 2550 2616 2604 et
2659 2543 3029 2624 exsequitur
3058 2561 3241 2626 opuS,
3275 2543 3369 2606 sic
3406 2562 3516 2605 an—

2011 2639 2193 2721 gelus
2235 2640 2430 2702 simul
2472 2640 2943 2722 contemplatur
2981 2641 3182 2704 Deum
3226 2649 3290 2704 et
3333 2642 3517 2704 mini-

2013 2745 2170 2799 strat
2212 2737 2418 2800 nobiS.
2454 2774 2535 2783 ——-
2577 2738 2642 2800 Si
2691 2747 2904 2801 autem
2947 2737 3311 2820 objiciatur,
3345 2740 3515 2822 quod

2013 2835 2289 2916 Raphael
2343 2835 2505 2898 dixit
2552 2836 2786 2910 Tobiae,
2832 2836 3109 2918 Tempus
3158 2844 3255 2899 est
3303 2846 3373 2899 ut
3420 2856 3515 2900 re·
3550 2857 3707 2901 roan

2015 2941 2226 2996 vertar
2263 2934 2343 2995 ad
2385 2953 2534 2996 eum
2574 2935 2685 3016 qui
2730 2953 2831 2997 me
2872 2935 3085 3014 misit3
3132 2954 3260 2998 non
3299 2942 3514 2999 autem

396 3036 571 3099 enim
626 3053 700 3098 ea
752 3054 893 3116 quae
945 3033 1172 3096 scribit
1229 3033 1373 3114 plus
1433 3033 1724 3117 probant,
1777 3033 1902 3094 nisi
1942 3033 1984 3096 C
2016 3031 2358 3093 revertitur
2408 3032 2486 3093 ad
2539 3033 2741 3095 Deum
2794 3032 2919 3095 nisi
2972 3051 3087 3115 per
3131 3034 3517 3116 contempla-

398 3133 572 3216 quod
617 3152 782 3194 unus
825 3131 1088 3212 angelus
1138 3140 1354 3193 causat
1402 3131 1468 3192 in
1515 3130 1641 3192 alio
1688 3138 1902 3192 actum

397 3238 508 3292 aut
551 3230 831 3312 speciem
880 3228 1277 3310 dispositive,
1312 3219 1650 3290 excitative
1691 3235 1754 3290 et
1803 3245 1905 3290 co-

397 3327 774 3411 operatoria.
811 3327 952 3409 Ipsa
993 3335 1208 3388 autem
1253 3325 1700 3388 intellectualis
1739 3325 1906 3388 actio

399 3445 513 3489 scu
542 3423 810 3487 actualis
852 3423 1202 3486 intellectio
1240 3423 1449 3504 angeli
1489 3423 1593 3485 cui
1630 3423 1708 3485 fit
1737 3424 1907 3486 locu-

400 3525 510 3598 tio,
544 3523 842 3586 effective
883 3529 946 3584 et
985 3521 1354 3584 immediate
1395 3521 1678 3603 procedit
1718 3540 1755 3583 a
1800 3539 1906 3603 po-

399 3622 599 3685 tentia
629 3640 744 3684 sua
785 3620 1191 3683 intellectiva.
1226 3619 1354 3682 Nec
1392 3620 1656 3701 angelus
1697 3627 1906 3701 potest

401 3722 468 3784 in
498 3721 725 3802 angelo
762 3718 1007 3802 aliquid
1038 3737 1154 3800 per
1191 3718 1578 3780 creationem
1617 3716 1899 3780 efficere.

401 3820 530 3884 Nec
578 3837 804 3881 verum
862 3823 960 3880 est
1006 3817 1181 3898 quod
1230 3816 1434 3878 forma
1486 3834 1597 3878 seu
1659 3815 1904 3897 species

403 3916 750 3990 sensibilis,
801 3913 982 3976 verbi
1038 3914 1262 3995 gratia,
1315 3912 1487 3976 color
1543 3922 1606 3976 et
1658 3913 1904 3996 species

402 4015 644 4078 diffusa
690 4014 769 4076 ab
819 4031 894 4076 eo
942 4013 1008 4075 in
1061 4013 1366 4086 medium,
1420 4013 1708 4093 ejusdem
1757 4021 1906 4074 sunt

403 4113 690 4187 rationiS,
731 4125 932 4194 quum
980 4111 1154 4174 color
1200 4110 1430 4174 habeat
1479 4130 1617 4173 esse
1671 4119 1900 4184 ratum,

2016 3129 2259 3191 tionem
2312 3147 2326 3192 :
2380 3130 2747 3206 dicendum,
2801 3132 2970 3213 quod
3030 3132 3195 3194 sicut
3253 3133 3516 3214 angelus

2014 3247 2052 3290 a
2100 3229 2229 3291 Deo
2277 3229 2539 3292 recessit
2588 3247 2715 3292 non
2769 3229 3374 3312 contemplationem
3423 3231 3518 3293 in-

2014 3327 2453 3402 termittendo,
2516 3328 2627 3390 sed
2689 3347 2757 3390 se
2819 3328 3143 3391 visibilem
3212 3329 3516 3392 exhiben-

2016 3426 2118 3499 do,
2157 3425 2245 3488 ita
2282 3426 2361 3487 ad
2398 3427 2601 3488 Deum
2642 3445 2933 3489 reversus
2973 3435 3069 3488 est
3112 3427 3517 3489 invisibilita-

2013 3531 2146 3585 tem
2178 3524 2515 3606 pristinam
2548 3525 2947 3588 resumendo.
2973 3525 3117 3589 Haec
3148 3525 3419 3588 Thomas
3452 3525 3517 3588 in

2016 3623 2285 3705 Scripto.

2097 3720 2449 3784 Concordat
2478 3723 2717 3798 PetruS,
2751 3723 3021 3788 dicendo
3057 3741 3070 3787 τ
3105 3725 3325 3789 Omnis
3355 3727 3520 3790 actio

2015 3820 2259 3900 agentis
2321 3822 2675 3884 secundum
2736 3823 3138 3905 propositum
3197 3825 3523 3906 regulatur

2016 3936 2130 3999 per
2157 3919 2753 4000 apprehensionem.
2782 3920 3221 4003 Apprehensio
3251 3940 3402 3985 vero
3432 3943 3523 3986 re-

2014 4015 2240 4097 gulans
2273 4024 2542 4091 motum,
2577 4036 2704 4080 non
2746 4019 3094 4101 impeditur
3125 4039 3239 4102 per
3270 4029 3515 4086 motum

2016 4114 2229 4195 ipsum
2266 4132 2279 4176 :
2313 4116 2854 4196 quemadmodum
2901 4119 3326 4200 apprehensio
3374 4121 3519 4183 arti-

400 4211 806 4294 specificum‚
840 4209 1257 4271 denominans
1289 4229 1477 4271 suum
1515 4209 1900 4291 subjectum,
1936 4214 1986 4276 D
2016 4212 2161 4274 ficis
2213 4214 2290 4276 de
2339 4214 2576 4294 regulis
2623 4215 2777 4278 artis
2826 4235 2952 4279 non
3006 4217 3355 4299 impeditur
3402 4239 3518 4300 per

400 4309 648 4392 species
696 4325 849 4370 vero
898 4327 1036 4370 esse
1090 4308 1522 4371 intentionale.
1558 4344 1634 4354 —
1663 4309 1906 4372 Asserit

399 4409 596 4471 etiam
646 4408 870 4470 Scotus
920 4406 1060 4480 iste,
1114 4407 1283 4488 quod
1333 4407 1550 4470 localis
1603 4409 1903 4472 distantia

401 4507 674 4589 impedit
732 4506 1116 4569 locutionem
1175 4507 1526 4587 angelicam
1579 4525 1592 4570 :
1644 4509 1813 4591 quod
1865 4530 1902 4572 a

400 4604 880 4688 praenominatis
929 4604 1296 4668 doctoribus
1346 4606 1498 4668 satis
1545 4613 1640 4668 est
1688 4624 1900 4689 repro-

400 4704 642 4766 batum.

510 4902 777 4982 Insuper
831 4901 1138 4985 quaeritur
1191 4903 1322 4978 hic,
1376 4904 1470 4966 An
1525 4905 1730 4986 angeli
1787 4927 1902 4989 per

403 5001 718 5064 exteriora
768 5001 1123 5064 ministeria
1170 5021 1305 5077 sua,
1348 5003 1447 5066 vel
1499 5023 1612 5087 per
1656 5005 1904 5068 missio-

405 5118 555 5161 nem
597 5107 660 5161 et
699 5099 1174 5174 allocutionem,
1209 5102 1608 5165 retardentur
1641 5111 1750 5165 aut
1785 5104 1900 5166 im-

403 5197 746 5280 pediantur
796 5217 835 5260 a
889 5199 1426 5281 contemplatione
1486 5201 1785 5265 beatifica
1841 5211 1902 5265 et

405 5295 640 5358 divina.

2014 4331 2176 4394 opus
2216 4312 2589 4394 artificiale3
2622 4333 2741 4378 nec
2782 4317 3208 4398 apprehensio
3252 4318 3514 4382 locutio-

2013 4411 2114 4474 nis
2159 4411 2610 4492 exprimendae‚
2645 4433 2758 4494 per
2795 4422 3007 4476 actum
3047 4415 3405 4480 locutionis,
3444 4419 3513 4480 In

2013 4512 2255 4593 angelis
2285 4519 2499 4574 autem
2540 4513 2750 4574 omnis
2780 4531 3001 4576 eorum
3042 4515 3346 4597 operati0,
3380 4517 3514 4582 sive

2014 4610 2098 4671 sit
2127 4610 2297 4671 circa
2327 4610 2551 4683 Deum,
2584 4610 2718 4674 sive
2752 4611 2920 4674 cirea
2957 4613 3255 4693 angelum
3288 4614 3511 4688 alium,

2015 4709 2148 4772 sive
2195 4708 2365 4771 circa
2408 4727 2544 4782 neS,
2578 4710 2903 4790 regulatur
2946 4729 3061 4793 per
3104 4710 3321 4775 lumen
3370 4732 3516 4776 con-

2015 4807 2449 4889 templationis
2507 4807 2739 4880 divinae
2795 4827 2809 4870 :
2868 4810 3037 4872 unde
3096 4828 3222 4874 non
3282 4812 3515 4875 minuit

2014 4906 2616 4988 contemplationem
2647 4925 2887 4970 eorum.
2922 4945 3004 4954 —
3032 4909 3094 4971 Si
3125 4918 3336 4973 autem
3370 4913 3516 4992 quis

2014 5005 2227 5079 instet,
2262 5013 2325 5067 et
2354 5005 2542 5079 dicat,
2578 5006 2747 5087 quod
2788 5026 2915 5068 una
2944 5015 3007 5069 et
3040 4993 3261 5071 eadem
3294 5018 3514 5092 poten-

2012 5103 2100 5165 tia
2130 5121 2257 5165 non
2290 5111 2497 5186 potest
2525 5103 2709 5166 simul
2740 5124 3033 5168 exercere
3064 5106 3344 5170 diversas
3374 5127 3517 5191 ope·

2014 5201 2336 5280 rationes3
2386 5201 2750 5276 dicendum,
2798 5204 2967 5285 quod
3018 5223 3241 5268 verum
3289 5215 3384 5269 est
3434 5208 3511 5271 de

2015 5299 2491 5381 operationibus
2532 5318 2660 5364 non
2701 5302 3085 5370 coordinatis
3124 5323 3331 5393 neque
3362 5323 3509 5376 con-

3710 2859 3809 2909 1‚2o.
