4334 6242
857 471 979 540 440
1789 489 1966 537 mann
2007 489 2052 536 11
2092 487 2575 536 summanum.
2618 507 2701 519 ——
2740 491 2894 538 nis-r.
2930 491 3043 538 vm

865 668 987 747 est,
1020 667 1204 730 nullo
1251 668 1451 730 modo
1499 685 1615 749 per
1659 685 1732 731 se
1781 667 1996 748 ipsam
2034 665 2319 730 visibilis
2356 666 2476 729 est.
2515 665 2801 730 Proinde
2846 666 2962 730 illa
3010 667 3233 732 omnia
3279 685 3428 749 quae
3474 666 3773 749 patribus
3816 666 3963 730 visa

863 786 1041 865 sunt,
1089 803 1298 866 quum
1334 785 1515 849 Deus
1560 771 1694 848 illis
1734 784 2261 866 praesentaretur,
2293 800 2409 864 per
2446 785 2811 846 creaturam
2858 785 3029 848 facta
3064 799 3209 848 esse
3244 784 3672 848 manifestum
3715 785 3835 848 est.
3876 785 3965 847 Et

862 903 920 965 si
971 919 1095 966 nos
1141 902 1300 964 latet
1345 902 1678 982 quomodo
1727 919 1804 964 ea
1848 900 2173 963 ministris
2221 900 2472 981 angelis
2520 900 2747 964 fecerit
2790 900 2994 980 DeuS,
3034 919 3152 982 per
3196 900 3466 983 angelos
3514 903 3735 964 tamen
3792 900 3966 964 facta

865 1035 1007 1082 esse
1045 1019 1350 1082 dicimus.
1385 1017 1613 1082 Audeo
1658 1035 1810 1100 ergo
1848 1017 2242 1080 fiducialiter
2276 1016 2514 1096 dicere,
2547 1035 2667 1080 nec
2712 1017 2927 1080 Deum
2974 1017 3264 1098 Patrem,
3296 1035 3417 1080 nec
3458 1017 3750 1081 Verbum
3790 1016 3961 1098 eJuS,

793 1212 798 1216 .
862 1153 983 1199 nec
1031 1135 1350 1216 Spiritum
1401 1135 1568 1216 ejus,
1610 1134 1725 1216 qui
1770 1135 1870 1197 est
1913 1151 2088 1197 unus
2132 1135 2338 1213 Deus,
2375 1151 2492 1214 per
2539 1133 2607 1197 id
2653 1134 2832 1215 quod
2879 1134 2980 1198 est
3028 1135 3225 1214 atque
3276 1133 3343 1197 id
3392 1135 3612 1216 ipsum
3659 1135 3781 1216 est,
3823 1132 3963 1198 ullo

565 2303 832 2358 Matutam,

569 2369 649 2417 ’ὃς
679 2366 829 2410 Marc.

563 2443 592 2477 1.
633 2433 701 2480 23,
742 2432 828 2483 2⁵;

565 2491 828 2546 Lucana.

580 2893 832 2938 Gennadslc

565 2956 832 3013 neclesdog*

566 3023 672 3063 mat.
689 3033 728 3063 c.
745 3023 815 3066 83·

621 3474 750 3524 Beda,
787 3475 834 3516 in

565 3537 663 3580 Act.
679 3537 829 3591 Apost.

567 3613 610 3647 v,
638 3602 675 3643 3.

589 3662 692 3705 Act.
712 3676 756 3716 ι’,
773 3666 813 3706 3.

605 4403 733 4454 Beda,
755 4418 826 4460 op.

563 4467 825 4520 cil-xxvmssi.

863 1252 1062 1316 modo
1110 1269 1252 1315 esse
1297 1251 1708 1331 mutabilem,
1750 1268 1825 1313 ac
1870 1267 1987 1330 per
2031 1249 2158 1312 hoc
2204 1248 2414 1313 multo
2462 1249 2685 1313 minus
2730 1267 2873 1314 esse
2919 1250 3273 1314 visibilem.

1098 1493 1176 1556 E.
1232 1494 1492 1556 Utrum
1538 1497 1904 1555 doemones
1955 1491 2241 1554 intrent
2289 1504 2613 1566 corpora
2664 1493 3045 1555 hominum
3089 1494 3713 1568 substantialiter,

1695 1624 1798 1672 an
1843 1609 2262 1672 illabantur
2306 1607 2673 1671 mentibu-s·
2714 1611 3118 1672 hominum.

995 1825 1169 1888 Illud
1206 1824 1405 1888 etiam
1443 1822 1964 1886 consideratione
2000 1821 2467 1902 dignissimum
2506 1821 2787 1902 videtur,
2818 1823 3050 1890 ,utrum
3092 1822 3449 1904 daemones,
3484 1824 3623 1887 sive
3662 1826 3961 1907 corporei

861 1943 1001 2005 sive
1040 1941 1406 2022 incorporei
1453 1941 1608 2020 sint,
1651 1939 1999 2001 hominum
2041 1937 2559 2000 substantialiter
2605 1938 2849 2001 intrent
2886 1955 3180 2019 corpora,
3215 1955 3575 2021 eorumque
3614 1941 3963 2006 animabus

861 2057 1249 2138 illabantur3
1295 2075 1378 2119 an
1424 2057 1574 2119 ideo
1620 2056 1863 2118 intrare
1913 2054 2235 2131 dicantur,
2272 2054 2428 2134 quia
2472 2054 2744 2118 malitiae
2792 2071 2931 2118 suae
2980 2054 3073 2118 ibi
3120 2055 3433 2119 effectum
3482 2058 3785 2120 exercent
3836 2059 3962 2122 Dei

859 2174 1319 2256 permissione,
1363 2172 1793 2254 opprimendo
1849 2172 2045 2252 atque
2101 2171 2400 2234 vexando
2448 2188 2581 2252 eaS,
2622 2171 2727 2235 vel
2770 2171 2839 2234 in
2895 2173 3237 2252 peccatum
3286 2189 3406 2254 pro
3458 2173 3794 2237 voluntate
3840 2193 3963 2238 sua

862 2291 1200 2354 trahendo.
1255 2290 1447 2363 Quod
1499 2290 1566 2352 in
1624 2288 1928 2352 homines
1983 2289 2313 2351 introeant
2366 2289 2563 2369 atque
2614 2288 2696 2352 ab
2746 2289 2843 2352 eis
2900 2287 3159 2369 expulsi
3216 2292 3473 2370 exeant,
3524 2290 3957 2372 Evangelium

860 2409 1080 2490 aperte
1137 2407 1442 2486 declarat,
1502 2422 2028 2468 commemorans
2081 2405 2411 2469 daemonia
2467 2405 2537 2467 in
2593 2406 2915 2486 quosdam
2980 2405 3274 2486 ingressa
3331 2408 3395 2470 et
3450 2424 3567 2488 per
3622 2407 3957 2472 Christum

859 2522 1101 2605 ejecta3
1141 2524 1256 2587 sed
1294 2525 1519 2591 utrum
1557 2521 1921 2585 secundum
1959 2521 2396 2585 substantiam
2436 2521 2679 2585 fuerint
2708 2521 3023 2603 ingressa,
3052 2539 3135 2585 an
3163 2523 3430 2604 propter
3456 2523 3614 2587 mali
3652 2525 3958 2590 effectum

859 2641 1159 2704 dicantur
1206 2641 1523 2721 ingressa,
1563 2655 1696 2700 non
1744 2638 1905 2703 adeo
1951 2638 2375 2720 perspicuum
2422 2639 2542 2701 est.

990 2759 1090 2821 De
1140 2758 1266 2820 hoc
1321 2757 1542 2819 autem
1589 2754 1970 2818 Gennadius
2018 2754 2085 2816 in
2130 2753 2645 2816 Definitionibus
2702 2752 3295 2817 ecclesiasticorum
3349 2754 3735 2836 dogmatum
3792 2758 3887 2820 ait
3940 2779 3955 2820 :

858 2877 1213 2938 Daemones
1259 2890 1375 2954 per
1425 2870 1792 2951 energicam
1843 2869 2287 2950 operationem
2334 2886 2466 2932 non
2524 2869 2853 2932 credimus
2898 2868 3415 2934 substantialiter
3460 2871 3643 2934 illabi
3694 2874 3957 2955 animae,

860 2991 976 3054 sed
1013 2989 1449 3070 applicat-ione
1492 2989 1556 3050 et
1595 2986 2018 3067 oppressione
2055 2984 2231 3048 uniri
2272 3004 2286 3044 ε
2328 2984 2511 3048 illabi
2548 2987 2769 3048 autem
2808 2985 3013 3048 menti
3052 2985 3148 3047 illi
3188 2986 3313 3048 soli
3351 2987 3667 3068 possibile
3708 2994 3809 3053 est
3844 2991 3960 3070 qui

862 3107 1126 3186 creavit,
1174 3107 1289 3186 qui
1335 3105 1570 3167 natura
1613 3102 1979 3166 subsistens
2025 3103 2472 3183 incorporeUS,
2505 3101 2820 3184 capabilis
2870 3102 2971 3164 est
3016 3119 3154 3166 suae
3198 3101 3490 3166 facturae.
3522 3139 3611 3150 —
3646 3105 3816 3169 Ecce
3852 3107 3961 3170 hic

861 3221 1122 3284 videtur
1167 3219 1509 3298 insinuari,
1543 3217 1720 3300 quod
1761 3217 2280 3280 substantialiter
2313 3233 2447 3279 non
2484 3215 2837 3280 illabantur
2878 3217 3215 3281 daemones
3251 3217 3356 3280 vel
3393 3219 3721 3284 introeant
3764 3222 3961 3285 corda

861 3337 1232 3401 hominum.

994 3453 1173 3518 Beda
1211 3470 1473 3534 quoque
1515 3469 1712 3533 super
1748 3451 1940 3514 illum
1982 3451 2200 3513 locum
2242 3449 2530 3512 Actuum
2570 3449 3067 3531 Apostolorum,
3100 3449 3216 3512 ubi
3252 3451 3490 3516 Petrus
3526 3453 3620 3515 ait
3656 3453 3955 3537 Ananiae,

862 3569 995 3632 Cur
1041 3569 1316 3632 tentavit
1373 3567 1646 3631 Satanas
1695 3583 1805 3629 cor
1851 3565 2094 3629 tuum?
2145 3565 2306 3628 dicit
2352 3584 2366 3624 ε
2418 3563 2797 3627 Notandum
2857 3564 3035 3645 quod
3090 3567 3377 3629 mentem
3434 3566 3727 3632 hominis
3765 3569 3959 3650 juxta

861 3684 1298 3750 substantiam
1335 3683 1501 3746 nihil
1540 3683 1815 3764 implere
1851 3683 2062 3763 possit
2090 3681 2217 3744 nisi
2258 3681 2536 3744 creatrix
2572 3680 2880 3760 Trinitas,
2914 3681 3069 3761 quia
3106 3681 3565 3745 tantummodo
3596 3687 3959 3750 secundum

863 3801 1309 3883 operationem
1371 3801 1434 3862 et
1489 3799 1849 3862 voluntatis
1905 3797 2293 3861 instinctum
2350 3796 2571 3859 anima
2625 3796 2706 3859 de
2760 3796 2867 3859 his
2923 3814 3071 3877 quae
3126 3797 3283 3860 sunt
3330 3799 3567 3879 creata,
3618 3801 3955 3882 impletur.

860 3917 1103 3998 Implet
1149 3933 1303 3980 vero
1353 3915 1627 3980 Satanas
1673 3932 1787 3978 cor
1833 3913 2138 3994 aliquuS,
2188 3931 2320 3976 non
2380 3912 2647 3994 quidem
2702 3912 3074 3992 ingrediens
3123 3913 3191 3974 in
3243 3931 3395 3977 eum
3454 3915 3519 3978 et
3570 3914 3639 3978 in
3690 3933 3957 3982 sensum

861 4035 1028 4114 erS,
1071 4051 1282 4114 neque
1339 4033 1658 4095 introiens
1713 4033 1966 4094 aditum
2023 4029 2261 4108 cordiS,
2308 4029 2639 4111 siquidem
2688 4030 2979 4110 potestas
3028 4029 3169 4093 haec
3225 4030 3434 4094 solius
3488 4031 3613 4095 Dei
3669 4034 3791 4112 est,
3844 4035 3957 4098 sed

861 4149 1096 4212 callida
1133 4151 1198 4214 et
1235 4149 1651 4213 fraudu-lenta
1697 4148 2079 4228 deceptione
2127 4147 2416 4209 animam
2454 4145 2524 4207 in
2562 4145 2867 4208 effectum
2919 4146 3187 4210 malitiae
3231 4146 3497 4210 trahens
3543 4165 3661 4228 per
3706 4151 3955 4231 cogita—

859 4265 1073 4328 tiones
1112 4267 1176 4328 et
1215 4266 1545 4328 incentiva
1582 4265 1922 4343 vitiorum,
1950 4262 2193 4344 quibus
2220 4261 2456 4343 plenus
2493 4262 2612 4324 est.
2648 4261 2958 4342 Implevit
2993 4278 3146 4343 ergo
3184 4262 3457 4327 Satanas
3500 4280 3613 4327 cor
3649 4264 3947 4342 Ananiae,

855 4398 989 4443 non
1028 4381 1352 4461 intrando,
1385 4381 1499 4443 sed
1539 4379 1810 4442 malitiae
1847 4397 1984 4443 suae
2022 4379 2209 4441 virus
2257 4377 2621 4441 inserendo.
2665 4378 2849 4439 Idem
2885 4398 2899 4438 :
2934 4378 3219 4460 Spiritus
3257 4379 3642 4443 immundus
3682 4381 3951 4444 flamma

856 4496 1176 4560 virtutum
1207 4498 1288 4560 de
1316 4497 1622 4560 cordibus
1661 4496 1955 4560 fidelium
1996 4495 2334 4576 expulsus,
2366 4493 2745 4557 doctoribus
2782 4494 3075 4556 veritatis
3112 4513 3435 4560 venenum
3473 4498 3949 4577 persecutionis

853 4613 1162 4676 infundit.
1196 4649 1282 4658 —
1311 4613 1435 4677 His
1473 4614 1972 4678 auctoritatibus
2002 4612 2389 4690 ostenditur,
2424 4610 2602 4692 quod
2640 4609 2973 4673 daemones
3001 4627 3132 4672 non
3161 4611 3677 4676 substantialiter
3706 4613 3949 4676 intrant

850 4728 1044 4792 corda
1091 4730 1464 4810 hominum,
1509 4731 1625 4794 sed
1674 4730 1940 4812 propter
1986 4727 2257 4791 malitiae
2307 4727 2611 4791 effectum
2664 4746 2678 4786 :
2727 4726 2807 4789 de
2857 4725 3098 4806 quibus
3148 4727 3304 4807 pelli
3356 4729 3685 4809 dicuntur,
3739 4747 3943 4810 quum

845 4863 1079 4910 nocere
1124 4863 1258 4909 non
1305 4845 1632 4908 sinuntur.
