<?xml version="1.0" encoding="UTF-8"?>
<!DOCTYPE html PUBLIC "-//W3C//DTD XHTML 1.0 Transitional//EN"
    "http://www.w3.org/TR/xhtml1/DTD/xhtml1-transitional.dtd">
<html xmlns="http://www.w3.org/1999/xhtml" xml:lang="en" lang="en">
 <head>
  <title>
</title>
<meta http-equiv="Content-Type" content="text/html;charset=utf-8" />
  <meta name='ocr-system' content='tesseract 3.04.00' />
  <meta name='ocr-capabilities' content='ocr_page ocr_carea ocr_par ocr_line ocrx_word'/>
</head>
<body>
  <div class='ocr_page' id='page_1' title='image "./doctorisecstati01denigoog_0247.png"; bbox 0 0 4334 6242; ppageno 0'>
   <div class='ocr_carea' id='block_1_1' title="bbox 1309 486 2699 535">
    <p class='ocr_par' dir='ltr' id='par_1_1' title="bbox 1309 486 2699 535">
     <span class='ocr_line' id='line_1_1' title="bbox 1309 486 2699 535; baseline 0.001 -3"><span class='ocrx_word' id='word_1_1' title='bbox 1309 486 1395 532; x_wconf 79' lang='lat' dir='ltr'><strong>AN</strong></span> <span class='ocrx_word' id='word_1_2' title='bbox 1439 487 1501 532; x_wconf 81' lang='lat' dir='ltr'><strong>IN</strong></span> <span class='ocrx_word' id='word_1_3' title='bbox 1542 486 1799 532; x_wconf 72' lang='lat' dir='ltr'><strong>ANGELls</strong></span> <span class='ocrx_word' id='word_1_4' title='bbox 1842 487 1935 532; x_wconf 78' lang='lat' dir='ltr'><strong>sn·</strong></span> <span class='ocrx_word' id='word_1_5' title='bbox 1974 486 2344 534; x_wconf 73' lang='lat' dir='ltr'><strong>PERsoNALls</strong></span> <span class='ocrx_word' id='word_1_6' title='bbox 2387 488 2699 535; x_wconf 77' lang='lat' dir='ltr'><strong>DiscRE‘rlo</strong></span> 
     </span>
    </p>
   </div>
   <div class='ocr_carea' id='block_1_2' title="bbox 3436 471 3557 537">
    <p class='ocr_par' dir='ltr' id='par_1_2' title="bbox 3436 471 3557 537">
     <span class='ocr_line' id='line_1_2' title="bbox 3436 471 3557 537; baseline -0.008 0"><span class='ocrx_word' id='word_1_7' title='bbox 3436 471 3557 537; x_wconf 74' lang='lat'><strong>215</strong></span> 
     </span>
    </p>
   </div>
   <div class='ocr_carea' id='block_1_3' title="bbox 438 653 3554 742">
    <p class='ocr_par' dir='ltr' id='par_1_3' title="bbox 438 653 3554 742">
     <span class='ocr_line' id='line_1_3' title="bbox 438 653 3554 742; baseline 0.002 -27"><span class='ocrx_word' id='word_1_8' title='bbox 438 653 594 718; x_wconf 68' lang='lat' dir='ltr'><strong>istie</strong></span> <span class='ocrx_word' id='word_1_9' title='bbox 640 654 959 717; x_wconf 87' lang='lat' dir='ltr'><strong>realitates</strong></span> <span class='ocrx_word' id='word_1_10' title='bbox 1010 674 1167 737; x_wconf 88' lang='lat' dir='ltr'><strong>quas</strong></span> <span class='ocrx_word' id='word_1_11' title='bbox 1222 655 1378 718; x_wconf 89' lang='lat' dir='ltr'><strong>dicit</strong></span> <span class='ocrx_word' id='word_1_12' title='bbox 1428 673 1554 717; x_wconf 91' lang='lat' dir='ltr'><strong>non</strong></span> <span class='ocrx_word' id='word_1_13' title='bbox 1604 674 1742 717; x_wconf 89' lang='lat' dir='ltr'><strong>esse</strong></span> <span class='ocrx_word' id='word_1_14' title='bbox 1790 653 1951 717; x_wconf 86' lang='lat' dir='ltr'><strong>acci·</strong></span> <span class='ocrx_word' id='word_1_15' title='bbox 1979 654 2029 715; x_wconf 88' lang='lat' dir='ltr'>A</span> <span class='ocrx_word' id='word_1_16' title='bbox 2061 654 2186 716; x_wconf 89' lang='lat' dir='ltr'><strong>nisi</strong></span> <span class='ocrx_word' id='word_1_17' title='bbox 2225 656 2396 736; x_wconf 91' lang='lat' dir='ltr'><strong>quod</strong></span> <span class='ocrx_word' id='word_1_18' title='bbox 2435 665 2530 718; x_wconf 93' lang='lat' dir='ltr'><strong>est</strong></span> <span class='ocrx_word' id='word_1_19' title='bbox 2566 657 2956 740; x_wconf 89' lang='lat' dir='ltr'><strong>principium</strong></span> <span class='ocrx_word' id='word_1_20' title='bbox 2999 667 3239 722; x_wconf 83' lang='lat' dir='ltr'><strong>naturae</strong></span> <span class='ocrx_word' id='word_1_21' title='bbox 3279 667 3338 722; x_wconf 90' lang='lat' dir='ltr'><strong>et</strong></span> <span class='ocrx_word' id='word_1_22' title='bbox 3375 659 3554 742; x_wconf 88' lang='lat' dir='ltr'><strong>quid-</strong></span> 
     </span>
    </p>
   </div>
   <div class='ocr_carea' id='block_1_4' title="bbox 428 752 1949 1819">
    <p class='ocr_par' dir='ltr' id='par_1_4' title="bbox 428 752 1949 1819">
     <span class='ocr_line' id='line_1_4' title="bbox 435 752 1945 835; baseline 0 -21"><span class='ocrx_word' id='word_1_23' title='bbox 435 752 688 827; x_wconf 80' lang='lat' dir='ltr'><strong>denua,</strong></span> <span class='ocrx_word' id='word_1_24' title='bbox 740 753 850 815; x_wconf 90' lang='lat' dir='ltr'><strong>sed</strong></span> <span class='ocrx_word' id='word_1_25' title='bbox 900 753 1111 835; x_wconf 88' lang='lat' dir='ltr'><strong>potius</strong></span> <span class='ocrx_word' id='word_1_26' title='bbox 1163 753 1227 814; x_wconf 92' lang='lat' dir='ltr'><strong>in</strong></span> <span class='ocrx_word' id='word_1_27' title='bbox 1276 771 1505 834; x_wconf 88' lang='lat' dir='ltr'><strong>genere</strong></span> <span class='ocrx_word' id='word_1_28' title='bbox 1555 752 1945 825; x_wconf 79' lang='lat' dir='ltr'><strong>substantiae‚</strong></span> 
     </span>
     <span class='ocr_line' id='line_1_5' title="bbox 436 850 1949 932; baseline 0 -20"><span class='ocrx_word' id='word_1_29' title='bbox 436 850 499 912; x_wconf 90' lang='lat' dir='ltr'><strong>si</strong></span> <span class='ocrx_word' id='word_1_30' title='bbox 548 869 679 913; x_wconf 89' lang='lat' dir='ltr'><strong>non</strong></span> <span class='ocrx_word' id='word_1_31' title='bbox 722 859 871 913; x_wconf 90' lang='lat' dir='ltr'><strong>sunt</strong></span> <span class='ocrx_word' id='word_1_32' title='bbox 909 850 1114 913; x_wconf 85' lang='lat' dir='ltr'><strong>forma</strong></span> <span class='ocrx_word' id='word_1_33' title='bbox 1156 870 1274 913; x_wconf 90' lang='lat' dir='ltr'><strong>nec</strong></span> <span class='ocrx_word' id='word_1_34' title='bbox 1318 851 1603 925; x_wconf 90' lang='lat' dir='ltr'><strong>materia,</strong></span> <span class='ocrx_word' id='word_1_35' title='bbox 1637 870 1755 913; x_wconf 91' lang='lat' dir='ltr'><strong>nec</strong></span> <span class='ocrx_word' id='word_1_36' title='bbox 1795 851 1949 932; x_wconf 92' lang='lat' dir='ltr'><strong>quid</strong></span> 
     </span>
     <span class='ocr_line' id='line_1_6' title="bbox 435 948 1949 1031; baseline 0 -21"><span class='ocrx_word' id='word_1_37' title='bbox 435 949 876 1031; x_wconf 88' lang='lat' dir='ltr'><strong>compositum</strong></span> <span class='ocrx_word' id='word_1_38' title='bbox 934 968 1011 1013; x_wconf 86' lang='lat' dir='ltr'><strong>ex</strong></span> <span class='ocrx_word' id='word_1_39' title='bbox 1068 950 1366 1012; x_wconf 66' lang='lat' dir='ltr'><strong>eisdem?</strong></span> <span class='ocrx_word' id='word_1_40' title='bbox 1416 949 1481 1012; x_wconf 90' lang='lat' dir='ltr'><strong>Si</strong></span> <span class='ocrx_word' id='word_1_41' title='bbox 1539 957 1753 1011; x_wconf 90' lang='lat' dir='ltr'><strong>autem</strong></span> <span class='ocrx_word' id='word_1_42' title='bbox 1812 948 1949 1010; x_wconf 92' lang='lat' dir='ltr'><strong>vult</strong></span> 
     </span>
     <span class='ocr_line' id='line_1_7' title="bbox 434 1047 1945 1129; baseline -0.001 -21"><span class='ocrx_word' id='word_1_43' title='bbox 434 1047 683 1120; x_wconf 78' lang='lat' dir='ltr'><strong>dicere,</strong></span> <span class='ocrx_word' id='word_1_44' title='bbox 718 1049 887 1129; x_wconf 91' lang='lat' dir='ltr'><strong>quod</strong></span> <span class='ocrx_word' id='word_1_45' title='bbox 932 1066 1059 1110; x_wconf 91' lang='lat' dir='ltr'><strong>non</strong></span> <span class='ocrx_word' id='word_1_46' title='bbox 1104 1049 1377 1122; x_wconf 77' lang='lat' dir='ltr'>realiter,</span> <span class='ocrx_word' id='word_1_47' title='bbox 1416 1049 1525 1109; x_wconf 91' lang='lat' dir='ltr'><strong>sed</strong></span> <span class='ocrx_word' id='word_1_48' title='bbox 1570 1047 1945 1120; x_wconf 75' lang='lat' dir='ltr'><strong>formaliter,</strong></span> 
     </span>
     <span class='ocr_line' id='line_1_8' title="bbox 428 1146 1945 1228; baseline 0 -20"><span class='ocrx_word' id='word_1_49' title='bbox 428 1146 627 1225; x_wconf 81' lang='lat' dir='ltr'><strong>juxta</strong></span> <span class='ocrx_word' id='word_1_50' title='bbox 663 1166 853 1208; x_wconf 90' lang='lat' dir='ltr'><strong>suum</strong></span> <span class='ocrx_word' id='word_1_51' title='bbox 897 1147 1157 1209; x_wconf 90' lang='lat' dir='ltr'><strong>modum</strong></span> <span class='ocrx_word' id='word_1_52' title='bbox 1198 1147 1521 1228; x_wconf 89' lang='lat' dir='ltr'><strong>loquendi,</strong></span> <span class='ocrx_word' id='word_1_53' title='bbox 1553 1146 1634 1208; x_wconf 90' lang='lat' dir='ltr'><strong>ab</strong></span> <span class='ocrx_word' id='word_1_54' title='bbox 1670 1146 1945 1208; x_wconf 91' lang='lat' dir='ltr'><strong>invicem</strong></span> 
     </span>
     <span class='ocr_line' id='line_1_9' title="bbox 434 1244 1946 1325; baseline 0.001 -19"><span class='ocrx_word' id='word_1_55' title='bbox 434 1244 949 1325; x_wconf 85' lang='lat' dir='ltr'><strong>distinguuntur,</strong></span> <span class='ocrx_word' id='word_1_56' title='bbox 984 1263 1111 1307; x_wconf 92' lang='lat' dir='ltr'><strong>non</strong></span> <span class='ocrx_word' id='word_1_57' title='bbox 1154 1252 1342 1307; x_wconf 90' lang='lat' dir='ltr'><strong>erunt</strong></span> <span class='ocrx_word' id='word_1_58' title='bbox 1378 1245 1503 1308; x_wconf 89' lang='lat' dir='ltr'><strong>nisi</strong></span> <span class='ocrx_word' id='word_1_59' title='bbox 1547 1245 1720 1307; x_wconf 81' lang='lat' dir='ltr'><strong>entia</strong></span> <span class='ocrx_word' id='word_1_60' title='bbox 1762 1245 1946 1307; x_wconf 89' lang='lat' dir='ltr'><strong>ratio-</strong></span> 
     </span>
     <span class='ocr_line' id='line_1_10' title="bbox 436 1343 1945 1417; baseline 0.001 -13"><span class='ocrx_word' id='word_1_61' title='bbox 436 1343 571 1417; x_wconf 82' lang='lat' dir='ltr'><strong>niS,</strong></span> <span class='ocrx_word' id='word_1_62' title='bbox 613 1362 725 1405; x_wconf 90' lang='lat' dir='ltr'><strong>seu</strong></span> <span class='ocrx_word' id='word_1_63' title='bbox 773 1344 946 1405; x_wconf 90' lang='lat' dir='ltr'><strong>entia</strong></span> <span class='ocrx_word' id='word_1_64' title='bbox 993 1343 1127 1406; x_wconf 89' lang='lat' dir='ltr'><strong>sola</strong></span> <span class='ocrx_word' id='word_1_65' title='bbox 1174 1345 1416 1407; x_wconf 91' lang='lat' dir='ltr'><strong>ratione</strong></span> <span class='ocrx_word' id='word_1_66' title='bbox 1466 1343 1785 1417; x_wconf 88' lang='lat' dir='ltr'><strong>distincta,</strong></span> <span class='ocrx_word' id='word_1_67' title='bbox 1832 1362 1945 1406; x_wconf 90' lang='lat' dir='ltr'><strong>seu</strong></span> 
     </span>
     <span class='ocr_line' id='line_1_11' title="bbox 438 1442 1939 1525; baseline -0.001 -21"><span class='ocrx_word' id='word_1_68' title='bbox 438 1462 649 1504; x_wconf 87' lang='lat' dir='ltr'><strong>unum</strong></span> <span class='ocrx_word' id='word_1_69' title='bbox 679 1451 743 1504; x_wconf 88' lang='lat' dir='ltr'><strong>et</strong></span> <span class='ocrx_word' id='word_1_70' title='bbox 774 1442 941 1504; x_wconf 90' lang='lat' dir='ltr'><strong>idem</strong></span> <span class='ocrx_word' id='word_1_71' title='bbox 976 1442 1419 1525; x_wconf 89' lang='lat' dir='ltr'><strong>multipliciter</strong></span> <span class='ocrx_word' id='word_1_72' title='bbox 1448 1442 1939 1504; x_wconf 88' lang='lat' dir='ltr'><strong>consideratum.</strong></span> 
     </span>
     <span class='ocr_line' id='line_1_12' title="bbox 436 1539 1946 1620; baseline -0.001 -18"><span class='ocrx_word' id='word_1_73' title='bbox 436 1539 851 1602; x_wconf 78' lang='lat' dir='ltr'><strong>Manifestum</strong></span> <span class='ocrx_word' id='word_1_74' title='bbox 909 1547 1006 1602; x_wconf 92' lang='lat' dir='ltr'><strong>est</strong></span> <span class='ocrx_word' id='word_1_75' title='bbox 1063 1541 1234 1602; x_wconf 90' lang='lat' dir='ltr'><strong>enim</strong></span> <span class='ocrx_word' id='word_1_76' title='bbox 1290 1540 1473 1620; x_wconf 85' lang='lat' dir='ltr'><strong>juxta</strong></span> <span class='ocrx_word' id='word_1_77' title='bbox 1526 1558 1781 1602; x_wconf 89' lang='lat' dir='ltr'><strong>omnem</strong></span> <span class='ocrx_word' id='word_1_78' title='bbox 1842 1541 1946 1601; x_wconf 94' lang='lat' dir='ltr'><strong>do-</strong></span> 
     </span>
     <span class='ocr_line' id='line_1_13' title="bbox 437 1638 1945 1721; baseline 0 -21"><span class='ocrx_word' id='word_1_79' title='bbox 437 1639 717 1700; x_wconf 88' lang='lat' dir='ltr'><strong>ctrinam</strong></span> <span class='ocrx_word' id='word_1_80' title='bbox 766 1638 1348 1721; x_wconf 79' lang='lat' dir='ltr'><strong>Peripateticorum,</strong></span> <span class='ocrx_word' id='word_1_81' title='bbox 1392 1639 1523 1701; x_wconf 91' lang='lat' dir='ltr'><strong>imo</strong></span> <span class='ocrx_word' id='word_1_82' title='bbox 1570 1647 1633 1701; x_wconf 88' lang='lat' dir='ltr'><strong>et</strong></span> <span class='ocrx_word' id='word_1_83' title='bbox 1676 1639 1945 1701; x_wconf 90' lang='lat' dir='ltr'><strong>Platoni-</strong></span> 
     </span>
     <span class='ocr_line' id='line_1_14' title="bbox 436 1737 1944 1819; baseline -0.001 -20"><span class='ocrx_word' id='word_1_84' title='bbox 436 1756 690 1810; x_wconf 80' lang='lat' dir='ltr'><strong>corum,</strong></span> <span class='ocrx_word' id='word_1_85' title='bbox 742 1739 910 1818; x_wconf 88' lang='lat' dir='ltr'><strong>quod</strong></span> <span class='ocrx_word' id='word_1_86' title='bbox 962 1738 1207 1818; x_wconf 87' lang='lat' dir='ltr'><strong>species</strong></span> <span class='ocrx_word' id='word_1_87' title='bbox 1266 1737 1727 1819; x_wconf 89' lang='lat' dir='ltr'><strong>specialissima</strong></span> <span class='ocrx_word' id='word_1_88' title='bbox 1775 1737 1944 1800; x_wconf 88' lang='lat' dir='ltr'><strong>dicat</strong></span> 
     </span>
    </p>
   </div>
   <div class='ocr_carea' id='block_1_5' title="bbox 2055 753 3559 1820">
    <p class='ocr_par' dir='ltr' id='par_1_5' title="bbox 2055 753 3559 1820">
     <span class='ocr_line' id='line_1_15' title="bbox 2060 753 3556 839; baseline 0.005 -26"><span class='ocrx_word' id='word_1_89' title='bbox 2060 753 2293 814; x_wconf 76' lang='lat' dir='ltr'><strong>ditatis.</strong></span> <span class='ocrx_word' id='word_1_90' title='bbox 2331 753 2505 826; x_wconf 87' lang='lat' dir='ltr'><strong>Quod</strong></span> <span class='ocrx_word' id='word_1_91' title='bbox 2550 755 2760 836; x_wconf 87' lang='lat' dir='ltr'><strong>primo</strong></span> <span class='ocrx_word' id='word_1_92' title='bbox 2805 756 3110 837; x_wconf 89' lang='lat' dir='ltr'><strong>probatur</strong></span> <span class='ocrx_word' id='word_1_93' title='bbox 3153 757 3264 819; x_wconf 90' lang='lat' dir='ltr'><strong>sic.</strong></span> <span class='ocrx_word' id='word_1_94' title='bbox 3301 757 3556 839; x_wconf 87' lang='lat' dir='ltr'><strong>Species</strong></span> 
     </span>
     <span class='ocr_line' id='line_1_16' title="bbox 2059 850 3553 929; baseline 0.004 -18"><span class='ocrx_word' id='word_1_95' title='bbox 2059 857 2121 912; x_wconf 91' lang='lat' dir='ltr'><strong>et</strong></span> <span class='ocrx_word' id='word_1_96' title='bbox 2164 850 2565 913; x_wconf 89' lang='lat' dir='ltr'><strong>individuum</strong></span> <span class='ocrx_word' id='word_1_97' title='bbox 2605 860 2754 914; x_wconf 90' lang='lat' dir='ltr'><strong>sunt</strong></span> <span class='ocrx_word' id='word_1_98' title='bbox 2795 853 2962 915; x_wconf 91' lang='lat' dir='ltr'><strong>idem</strong></span> <span class='ocrx_word' id='word_1_99' title='bbox 3004 855 3356 916; x_wconf 89' lang='lat' dir='ltr'><strong>secundum</strong></span> <span class='ocrx_word' id='word_1_100' title='bbox 3397 873 3553 929; x_wconf 89' lang='lat' dir='ltr'><strong>rem,</strong></span> 
     </span>
     <span class='ocr_line' id='line_1_17' title="bbox 2058 948 3559 1036; baseline 0.003 -26"><span class='ocrx_word' id='word_1_101' title='bbox 2058 956 2121 1010; x_wconf 93' lang='lat' dir='ltr'><strong>et</strong></span> <span class='ocrx_word' id='word_1_102' title='bbox 2181 948 2492 1012; x_wconf 81' lang='lat' dir='ltr'><strong>disserunt</strong></span> <span class='ocrx_word' id='word_1_103' title='bbox 2549 951 2902 1013; x_wconf 89' lang='lat' dir='ltr'><strong>secundum</strong></span> <span class='ocrx_word' id='word_1_104' title='bbox 2961 953 3268 1015; x_wconf 90' lang='lat' dir='ltr'><strong>rationem</strong></span> <span class='ocrx_word' id='word_1_105' title='bbox 3332 971 3345 1014; x_wconf 92' lang='lat'>:</span> <span class='ocrx_word' id='word_1_106' title='bbox 3407 953 3559 1036; x_wconf 89' lang='lat' dir='ltr'><strong>quia</strong></span> 
     </span>
     <span class='ocr_line' id='line_1_18' title="bbox 2059 1048 3558 1129; baseline 0.003 -20"><span class='ocrx_word' id='word_1_107' title='bbox 2059 1049 2228 1129; x_wconf 90' lang='lat' dir='ltr'><strong>quod</strong></span> <span class='ocrx_word' id='word_1_108' title='bbox 2278 1048 2432 1109; x_wconf 86' lang='lat' dir='ltr'><strong>dicit</strong></span> <span class='ocrx_word' id='word_1_109' title='bbox 2481 1050 2727 1129; x_wconf 88' lang='lat' dir='ltr'><strong>species</strong></span> <span class='ocrx_word' id='word_1_110' title='bbox 2778 1050 3285 1126; x_wconf 89' lang='lat' dir='ltr'><strong>indeterminate,</strong></span> <span class='ocrx_word' id='word_1_111' title='bbox 3333 1051 3558 1114; x_wconf 87' lang='lat' dir='ltr'><strong>indivi-</strong></span> 
     </span>
     <span class='ocr_line' id='line_1_19' title="bbox 2057 1146 3558 1221; baseline 0.002 -13"><span class='ocrx_word' id='word_1_112' title='bbox 2057 1148 2255 1209; x_wconf 90' lang='lat' dir='ltr'><strong>duum</strong></span> <span class='ocrx_word' id='word_1_113' title='bbox 2289 1146 2444 1208; x_wconf 87' lang='lat' dir='ltr'><strong>dicit</strong></span> <span class='ocrx_word' id='word_1_114' title='bbox 2473 1148 2910 1210; x_wconf 88' lang='lat' dir='ltr'><strong>determinate.</strong></span> <span class='ocrx_word' id='word_1_115' title='bbox 2933 1148 3080 1221; x_wconf 81' lang='lat' dir='ltr'><strong>Quae</strong></span> <span class='ocrx_word' id='word_1_116' title='bbox 3111 1149 3558 1212; x_wconf 89' lang='lat' dir='ltr'><strong>determinatio</strong></span> 
     </span>
     <span class='ocr_line' id='line_1_20' title="bbox 2058 1244 3556 1310; baseline 0.003 -4"><span class='ocrx_word' id='word_1_117' title='bbox 2058 1251 2119 1306; x_wconf 87' lang='lat' dir='ltr'><strong>et</strong></span> <span class='ocrx_word' id='word_1_118' title='bbox 2160 1244 2674 1307; x_wconf 85' lang='lat' dir='ltr'><strong>indeterminatio</strong></span> <span class='ocrx_word' id='word_1_119' title='bbox 2723 1254 2866 1307; x_wconf 86' lang='lat' dir='ltr'><strong>sunt</strong></span> <span class='ocrx_word' id='word_1_120' title='bbox 2915 1247 3268 1309; x_wconf 90' lang='lat' dir='ltr'><strong>secuudum</strong></span> <span class='ocrx_word' id='word_1_121' title='bbox 3312 1266 3450 1310; x_wconf 88' lang='lat' dir='ltr'><strong>esse</strong></span> <span class='ocrx_word' id='word_1_122' title='bbox 3494 1255 3556 1310; x_wconf 91' lang='lat' dir='ltr'><strong>et</strong></span> 
     </span>
     <span class='ocr_line' id='line_1_21' title="bbox 2060 1343 3554 1428; baseline 0.003 -24"><span class='ocrx_word' id='word_1_123' title='bbox 2060 1343 2329 1424; x_wconf 83' lang='lat' dir='ltr'><strong>intelligi</strong></span> <span class='ocrx_word' id='word_1_124' title='bbox 2385 1361 2398 1405; x_wconf 92' lang='lat'>:</span> <span class='ocrx_word' id='word_1_125' title='bbox 2451 1343 2809 1407; x_wconf 89' lang='lat' dir='ltr'><strong>universale</strong></span> <span class='ocrx_word' id='word_1_126' title='bbox 2867 1365 3142 1428; x_wconf 90' lang='lat' dir='ltr'><strong>namque</strong></span> <span class='ocrx_word' id='word_1_127' title='bbox 3199 1354 3296 1408; x_wconf 90' lang='lat' dir='ltr'><strong>est</strong></span> <span class='ocrx_word' id='word_1_128' title='bbox 3354 1366 3554 1409; x_wconf 92' lang='lat' dir='ltr'><strong>unum</strong></span> 
     </span>
     <span class='ocr_line' id='line_1_22' title="bbox 2055 1442 3557 1518; baseline 0.003 -16"><span class='ocrx_word' id='word_1_129' title='bbox 2055 1443 2498 1504; x_wconf 88' lang='lat' dir='ltr'><strong>tantummodo</strong></span> <span class='ocrx_word' id='word_1_130' title='bbox 2541 1442 2894 1505; x_wconf 90' lang='lat' dir='ltr'><strong>secundum</strong></span> <span class='ocrx_word' id='word_1_131' title='bbox 2941 1444 3358 1518; x_wconf 90' lang='lat' dir='ltr'><strong>intellectum,</strong></span> <span class='ocrx_word' id='word_1_132' title='bbox 3394 1444 3557 1506; x_wconf 90' lang='lat' dir='ltr'><strong>indi-</strong></span> 
     </span>
     <span class='ocr_line' id='line_1_23' title="bbox 2055 1540 3558 1616; baseline 0.001 -14"><span class='ocrx_word' id='word_1_133' title='bbox 2055 1540 2322 1602; x_wconf 89' lang='lat' dir='ltr'><strong>viduum</strong></span> <span class='ocrx_word' id='word_1_134' title='bbox 2353 1549 2566 1603; x_wconf 88' lang='lat' dir='ltr'><strong>autem</strong></span> <span class='ocrx_word' id='word_1_135' title='bbox 2599 1543 2946 1604; x_wconf 88' lang='lat' dir='ltr'><strong>secundum</strong></span> <span class='ocrx_word' id='word_1_136' title='bbox 2977 1561 3116 1605; x_wconf 90' lang='lat' dir='ltr'><strong>esse</strong></span> <span class='ocrx_word' id='word_1_137' title='bbox 3145 1543 3558 1616; x_wconf 89' lang='lat' dir='ltr'><strong>reale.Quem-</strong></span> 
     </span>
     <span class='ocr_line' id='line_1_24' title="bbox 2055 1639 3555 1704; baseline 0.003 -4"><span class='ocrx_word' id='word_1_138' title='bbox 2055 1639 2398 1701; x_wconf 87' lang='lat' dir='ltr'><strong>admodum</strong></span> <span class='ocrx_word' id='word_1_139' title='bbox 2430 1640 2603 1701; x_wconf 88' lang='lat' dir='ltr'><strong>enim</strong></span> <span class='ocrx_word' id='word_1_140' title='bbox 2638 1640 2804 1702; x_wconf 90' lang='lat' dir='ltr'><strong>actio</strong></span> <span class='ocrx_word' id='word_1_141' title='bbox 2834 1641 3195 1703; x_wconf 84' lang='lat' dir='ltr'><strong>intellectus</strong></span> <span class='ocrx_word' id='word_1_142' title='bbox 3226 1641 3555 1704; x_wconf 89' lang='lat' dir='ltr'><strong>constituit</strong></span> 
     </span>
     <span class='ocr_line' id='line_1_25' title="bbox 2059 1738 3556 1820; baseline 0.002 -22"><span class='ocrx_word' id='word_1_143' title='bbox 2059 1738 2439 1810; x_wconf 91' lang='lat' dir='ltr'><strong>universale,</strong></span> <span class='ocrx_word' id='word_1_144' title='bbox 2472 1739 2564 1800; x_wconf 90' lang='lat' dir='ltr'><strong>sic</strong></span> <span class='ocrx_word' id='word_1_145' title='bbox 2603 1740 2768 1802; x_wconf 88' lang='lat' dir='ltr'><strong>actio</strong></span> <span class='ocrx_word' id='word_1_146' title='bbox 2807 1741 3050 1820; x_wconf 87' lang='lat' dir='ltr'><strong>agentis</strong></span> <span class='ocrx_word' id='word_1_147' title='bbox 3091 1740 3397 1802; x_wconf 88' lang='lat' dir='ltr'><strong>naturalis</strong></span> <span class='ocrx_word' id='word_1_148' title='bbox 3437 1747 3556 1802; x_wconf 89' lang='lat' dir='ltr'><strong>ter-</strong></span> 
     </span>
    </p>
   </div>
   <div class='ocr_carea' id='block_1_6' title="bbox 436 1834 3553 1919">
    <p class='ocr_par' dir='ltr' id='par_1_6' title="bbox 436 1834 3553 1919">
     <span class='ocr_line' id='line_1_26' title="bbox 436 1834 3553 1919; baseline 0.002 -23"><span class='ocrx_word' id='word_1_149' title='bbox 436 1844 647 1899; x_wconf 85' lang='lat' dir='ltr'><strong>totum</strong></span> <span class='ocrx_word' id='word_1_150' title='bbox 688 1855 829 1898; x_wconf 90' lang='lat' dir='ltr'><strong>esse</strong></span> <span class='ocrx_word' id='word_1_151' title='bbox 867 1836 1363 1917; x_wconf 90' lang='lat' dir='ltr'><strong>quidditativum</strong></span> <span class='ocrx_word' id='word_1_152' title='bbox 1392 1843 1456 1897; x_wconf 89' lang='lat' dir='ltr'><strong>et</strong></span> <span class='ocrx_word' id='word_1_153' title='bbox 1484 1836 1820 1898; x_wconf 85' lang='lat' dir='ltr'><strong>essentiale</strong></span> <span class='ocrx_word' id='word_1_154' title='bbox 1858 1836 1943 1898; x_wconf 88' lang='lat' dir='ltr'><strong>in·</strong></span> <span class='ocrx_word' id='word_1_155' title='bbox 1980 1834 2027 1896; x_wconf 91' lang='lat' dir='ltr'>B</span> <span class='ocrx_word' id='word_1_156' title='bbox 2059 1835 2337 1898; x_wconf 90' lang='lat' dir='ltr'><strong>minatur</strong></span> <span class='ocrx_word' id='word_1_157' title='bbox 2393 1837 2470 1898; x_wconf 92' lang='lat' dir='ltr'><strong>ad</strong></span> <span class='ocrx_word' id='word_1_158' title='bbox 2528 1855 2667 1899; x_wconf 88' lang='lat' dir='ltr'><strong>esse</strong></span> <span class='ocrx_word' id='word_1_159' title='bbox 2725 1837 3067 1919; x_wconf 86' lang='lat' dir='ltr'><strong>singulare.</strong></span> <span class='ocrx_word' id='word_1_160' title='bbox 3123 1838 3358 1900; x_wconf 87' lang='lat' dir='ltr'><strong>Eadem</strong></span> <span class='ocrx_word' id='word_1_161' title='bbox 3403 1856 3553 1919; x_wconf 88' lang='lat' dir='ltr'><strong>ergo</strong></span> 
     </span>
    </p>
   </div>
   <div class='ocr_carea' id='block_1_7' title="bbox 430 1933 1944 3076">
    <p class='ocr_par' dir='ltr' id='par_1_7' title="bbox 430 1933 1944 3076">
     <span class='ocr_line' id='line_1_27' title="bbox 434 1933 1941 2017; baseline 0 -21"><span class='ocrx_word' id='word_1_162' title='bbox 434 1934 851 1996; x_wconf 86' lang='lat' dir='ltr'><strong>dividuorum</strong></span> <span class='ocrx_word' id='word_1_163' title='bbox 900 1952 1160 1997; x_wconf 90' lang='lat' dir='ltr'><strong>suorum</strong></span> <span class='ocrx_word' id='word_1_164' title='bbox 1210 1933 1530 2017; x_wconf 84' lang='lat' dir='ltr'><strong>plenarie3</strong></span> <span class='ocrx_word' id='word_1_165' title='bbox 1572 1941 1635 1996; x_wconf 93' lang='lat' dir='ltr'><strong>et</strong></span> <span class='ocrx_word' id='word_1_166' title='bbox 1682 1953 1755 1995; x_wconf 90' lang='lat' dir='ltr'><strong>ea</strong></span> <span class='ocrx_word' id='word_1_167' title='bbox 1801 1954 1941 2016; x_wconf 80' lang='lat' dir='ltr'><strong>quae</strong></span> 
     </span>
     <span class='ocr_line' id='line_1_28' title="bbox 434 2031 1944 2114; baseline -0.001 -21"><span class='ocrx_word' id='word_1_168' title='bbox 434 2032 607 2094; x_wconf 86' lang='lat' dir='ltr'><strong>ultra</strong></span> <span class='ocrx_word' id='word_1_169' title='bbox 638 2032 703 2094; x_wconf 92' lang='lat' dir='ltr'><strong>in</strong></span> <span class='ocrx_word' id='word_1_170' title='bbox 736 2032 1068 2094; x_wconf 88' lang='lat' dir='ltr'><strong>individuo</strong></span> <span class='ocrx_word' id='word_1_171' title='bbox 1106 2031 1609 2106; x_wconf 89' lang='lat' dir='ltr'><strong>considerantur,</strong></span> <span class='ocrx_word' id='word_1_172' title='bbox 1643 2033 1734 2094; x_wconf 89' lang='lat' dir='ltr'><strong>nil</strong></span> <span class='ocrx_word' id='word_1_173' title='bbox 1776 2051 1944 2114; x_wconf 90' lang='lat' dir='ltr'><strong>pror-</strong></span> 
     </span>
     <span class='ocr_line' id='line_1_29' title="bbox 433 2129 1941 2212; baseline 0 -20"><span class='ocrx_word' id='word_1_174' title='bbox 433 2149 549 2192; x_wconf 89' lang='lat' dir='ltr'><strong>sus</strong></span> <span class='ocrx_word' id='word_1_175' title='bbox 598 2130 937 2192; x_wconf 82' lang='lat' dir='ltr'><strong>essentiale</strong></span> <span class='ocrx_word' id='word_1_176' title='bbox 983 2129 1293 2210; x_wconf 90' lang='lat' dir='ltr'><strong>adjiciunt</strong></span> <span class='ocrx_word' id='word_1_177' title='bbox 1341 2148 1354 2192; x_wconf 91' lang='lat'>:</span> <span class='ocrx_word' id='word_1_178' title='bbox 1409 2131 1703 2212; x_wconf 90' lang='lat' dir='ltr'><strong>quamvis</strong></span> <span class='ocrx_word' id='word_1_179' title='bbox 1753 2131 1941 2194; x_wconf 70' lang='lat' dir='ltr'><strong>varia)</strong></span> 
     </span>
     <span class='ocr_line' id='line_1_30' title="bbox 433 2228 1939 2310; baseline 0 -20"><span class='ocrx_word' id='word_1_180' title='bbox 433 2228 981 2292; x_wconf 84' lang='lat' dir='ltr'><strong>considerationes</strong></span> <span class='ocrx_word' id='word_1_181' title='bbox 1040 2229 1339 2291; x_wconf 84' lang='lat' dir='ltr'><strong>formales</strong></span> <span class='ocrx_word' id='word_1_182' title='bbox 1398 2247 1472 2290; x_wconf 88' lang='lat' dir='ltr'><strong>ac</strong></span> <span class='ocrx_word' id='word_1_183' title='bbox 1521 2228 1817 2310; x_wconf 80' lang='lat' dir='ltr'><strong>propriae,</strong></span> <span class='ocrx_word' id='word_1_184' title='bbox 1873 2228 1939 2290; x_wconf 86' lang='lat' dir='ltr'><strong>in</strong></span> 
     </span>
     <span class='ocr_line' id='line_1_31' title="bbox 436 2325 1941 2408; baseline 0 -21"><span class='ocrx_word' id='word_1_185' title='bbox 436 2326 549 2388; x_wconf 89' lang='lat' dir='ltr'><strong>tali</strong></span> <span class='ocrx_word' id='word_1_186' title='bbox 590 2345 730 2388; x_wconf 90' lang='lat' dir='ltr'><strong>esse</strong></span> <span class='ocrx_word' id='word_1_187' title='bbox 770 2325 1194 2408; x_wconf 89' lang='lat' dir='ltr'><strong>quidditativo</strong></span> <span class='ocrx_word' id='word_1_188' title='bbox 1233 2325 1711 2388; x_wconf 87' lang='lat' dir='ltr'><strong>individualiter</strong></span> <span class='ocrx_word' id='word_1_189' title='bbox 1753 2326 1941 2407; x_wconf 93' lang='lat' dir='ltr'><strong>parti-</strong></span> 
     </span>
     <span class='ocr_line' id='line_1_32' title="bbox 432 2422 1936 2505; baseline 0.001 -21"><span class='ocrx_word' id='word_1_190' title='bbox 432 2423 653 2504; x_wconf 89' lang='lat' dir='ltr'><strong>cipato</strong></span> <span class='ocrx_word' id='word_1_191' title='bbox 707 2431 941 2505; x_wconf 89' lang='lat' dir='ltr'><strong>queant</strong></span> <span class='ocrx_word' id='word_1_192' title='bbox 995 2423 1270 2498; x_wconf 89' lang='lat' dir='ltr'><strong>fundari,</strong></span> <span class='ocrx_word' id='word_1_193' title='bbox 1322 2424 1423 2485; x_wconf 89' lang='lat' dir='ltr'><strong>vel</strong></span> <span class='ocrx_word' id='word_1_194' title='bbox 1483 2424 1695 2505; x_wconf 90' lang='lat' dir='ltr'><strong>potius</strong></span> <span class='ocrx_word' id='word_1_195' title='bbox 1754 2422 1936 2504; x_wconf 87' lang='lat' dir='ltr'><strong>fingi,</strong></span> 
     </span>
     <span class='ocr_line' id='line_1_33' title="bbox 431 2520 1941 2604; baseline 0.001 -22"><span class='ocrx_word' id='word_1_196' title='bbox 431 2540 581 2602; x_wconf 79' lang='lat' dir='ltr'><strong>quae</strong></span> <span class='ocrx_word' id='word_1_197' title='bbox 633 2521 697 2583; x_wconf 91' lang='lat' dir='ltr'><strong>in</strong></span> <span class='ocrx_word' id='word_1_198' title='bbox 750 2540 815 2583; x_wconf 86' lang='lat' dir='ltr'><strong>re</strong></span> <span class='ocrx_word' id='word_1_199' title='bbox 870 2520 1004 2603; x_wconf 90' lang='lat' dir='ltr'><strong>ipsa</strong></span> <span class='ocrx_word' id='word_1_200' title='bbox 1062 2521 1153 2583; x_wconf 91' lang='lat' dir='ltr'><strong>nil</strong></span> <span class='ocrx_word' id='word_1_201' title='bbox 1211 2522 1472 2594; x_wconf 88' lang='lat' dir='ltr'><strong>addunt,</strong></span> <span class='ocrx_word' id='word_1_202' title='bbox 1527 2540 1643 2584; x_wconf 90' lang='lat' dir='ltr'><strong>uec</strong></span> <span class='ocrx_word' id='word_1_203' title='bbox 1696 2529 1941 2604; x_wconf 90' lang='lat' dir='ltr'><strong>ponunt</strong></span> 
     </span>
     <span class='ocr_line' id='line_1_34' title="bbox 432 2619 1938 2701; baseline 0.001 -20"><span class='ocrx_word' id='word_1_204' title='bbox 432 2620 675 2682; x_wconf 66' lang='lat' dir='ltr'><strong>realem</strong></span> <span class='ocrx_word' id='word_1_205' title='bbox 716 2621 889 2682; x_wconf 90' lang='lat' dir='ltr'><strong>hunc</strong></span> <span class='ocrx_word' id='word_1_206' title='bbox 928 2619 1253 2682; x_wconf 84' lang='lat' dir='ltr'><strong>effectum.</strong></span> <span class='ocrx_word' id='word_1_207' title='bbox 1289 2620 1531 2701; x_wconf 87' lang='lat' dir='ltr'><strong>Nempe</strong></span> <span class='ocrx_word' id='word_1_208' title='bbox 1575 2620 1727 2701; x_wconf 91' lang='lat' dir='ltr'><strong>quid</strong></span> <span class='ocrx_word' id='word_1_209' title='bbox 1772 2620 1938 2682; x_wconf 91' lang='lat' dir='ltr'><strong>reale</strong></span> 
     </span>
     <span class='ocr_line' id='line_1_35' title="bbox 431 2717 1939 2800; baseline 0 -20"><span class='ocrx_word' id='word_1_210' title='bbox 431 2719 514 2780; x_wconf 91' lang='lat' dir='ltr'><strong>de</strong></span> <span class='ocrx_word' id='word_1_211' title='bbox 554 2737 787 2799; x_wconf 86' lang='lat' dir='ltr'><strong>genere</strong></span> <span class='ocrx_word' id='word_1_212' title='bbox 830 2717 1201 2781; x_wconf 84' lang='lat' dir='ltr'><strong>substantiae</strong></span> <span class='ocrx_word' id='word_1_213' title='bbox 1241 2719 1611 2800; x_wconf 87' lang='lat' dir='ltr'><strong>superaddit</strong></span> <span class='ocrx_word' id='word_1_214' title='bbox 1649 2719 1939 2780; x_wconf 90' lang='lat' dir='ltr'><strong>humani-</strong></span> 
     </span>
     <span class='ocr_line' id='line_1_36' title="bbox 430 2816 1939 2880; baseline 0.001 -4"><span class='ocrx_word' id='word_1_215' title='bbox 430 2823 533 2877; x_wconf 85' lang='lat' dir='ltr'><strong>tas</strong></span> <span class='ocrx_word' id='word_1_216' title='bbox 577 2816 852 2878; x_wconf 89' lang='lat' dir='ltr'><strong>Socratis</strong></span> <span class='ocrx_word' id='word_1_217' title='bbox 895 2816 1277 2879; x_wconf 87' lang='lat' dir='ltr'><strong>humanitati</strong></span> <span class='ocrx_word' id='word_1_218' title='bbox 1325 2817 1677 2880; x_wconf 89' lang='lat' dir='ltr'><strong>secundum</strong></span> <span class='ocrx_word' id='word_1_219' title='bbox 1722 2837 1788 2878; x_wconf 92' lang='lat' dir='ltr'><strong>se</strong></span> <span class='ocrx_word' id='word_1_220' title='bbox 1832 2816 1939 2878; x_wconf 91' lang='lat' dir='ltr'><strong>ab-</strong></span> 
     </span>
     <span class='ocr_line' id='line_1_37' title="bbox 434 2893 1940 2998; baseline 0 -22"><span class='ocrx_word' id='word_1_221' title='bbox 434 2914 645 2978; x_wconf 87' lang='lat' dir='ltr'><strong>solute</strong></span> <span class='ocrx_word' id='word_1_222' title='bbox 692 2923 759 2976; x_wconf 91' lang='lat' dir='ltr'><strong>et</strong></span> <span class='ocrx_word' id='word_1_223' title='bbox 802 2915 1115 2977; x_wconf 87' lang='lat' dir='ltr'><strong>abstracte</strong></span> <span class='ocrx_word' id='word_1_224' title='bbox 1166 2916 1597 2990; x_wconf 59' lang='lat' dir='ltr'><strong>consideratae,</strong></span> <span class='ocrx_word' id='word_1_225' title='bbox 1650 2934 1778 2998; x_wconf 90' lang='lat' dir='ltr'><strong>quo</strong></span> <span class='ocrx_word' id='word_1_226' title='bbox 1832 2893 1940 2978; x_wconf 79' lang='lat' dir='ltr'><strong>illa</strong></span> 
     </span>
     <span class='ocr_line' id='line_1_38' title="bbox 436 3013 1495 3076; baseline 0 -2"><span class='ocrx_word' id='word_1_227' title='bbox 436 3013 848 3075; x_wconf 89' lang='lat' dir='ltr'><strong>contrahatur</strong></span> <span class='ocrx_word' id='word_1_228' title='bbox 886 3032 961 3075; x_wconf 87' lang='lat' dir='ltr'><strong>ac</strong></span> <span class='ocrx_word' id='word_1_229' title='bbox 1006 3013 1495 3076; x_wconf 70' lang='lat' dir='ltr'><strong>individuetur2</strong></span> 
     </span>
    </p>
   </div>
   <div class='ocr_carea' id='block_1_8' title="bbox 432 3211 1939 4179">
    <p class='ocr_par' dir='ltr' id='par_1_8' title="bbox 432 3211 1939 4179">
     <span class='ocr_line' id='line_1_39' title="bbox 516 3211 1937 3274; baseline 0.001 -2"><span class='ocrx_word' id='word_1_230' title='bbox 516 3211 853 3273; x_wconf 88' lang='lat' dir='ltr'><strong>Durandus</strong></span> <span class='ocrx_word' id='word_1_231' title='bbox 911 3212 1172 3273; x_wconf 88' lang='lat' dir='ltr'><strong>demum</strong></span> <span class='ocrx_word' id='word_1_232' title='bbox 1228 3211 1334 3272; x_wconf 92' lang='lat' dir='ltr'><strong>hic</strong></span> <span class='ocrx_word' id='word_1_233' title='bbox 1393 3219 1604 3273; x_wconf 90' lang='lat' dir='ltr'><strong>narrat</strong></span> <span class='ocrx_word' id='word_1_234' title='bbox 1653 3212 1809 3274; x_wconf 91' lang='lat' dir='ltr'><strong>duas</strong></span> <span class='ocrx_word' id='word_1_235' title='bbox 1860 3213 1937 3274; x_wconf 92' lang='lat' dir='ltr'><strong>de</strong></span> 
     </span>
     <span class='ocr_line' id='line_1_40' title="bbox 436 3307 1932 3392; baseline 0.001 -22"><span class='ocrx_word' id='word_1_236' title='bbox 436 3309 757 3392; x_wconf 89' lang='lat' dir='ltr'><strong>principio</strong></span> <span class='ocrx_word' id='word_1_237' title='bbox 790 3307 1313 3372; x_wconf 89' lang='lat' dir='ltr'><strong>individuationis</strong></span> <span class='ocrx_word' id='word_1_238' title='bbox 1345 3309 1696 3390; x_wconf 88' lang='lat' dir='ltr'><strong>opiniones.</strong></span> <span class='ocrx_word' id='word_1_239' title='bbox 1714 3310 1932 3383; x_wconf 90' lang='lat' dir='ltr'><strong>Unam,</strong></span> 
     </span>
     <span class='ocr_line' id='line_1_41' title="bbox 433 3406 1939 3490; baseline 0.001 -22"><span class='ocrx_word' id='word_1_240' title='bbox 433 3408 789 3469; x_wconf 82' lang='lat' dir='ltr'><strong>dicentium</strong></span> <span class='ocrx_word' id='word_1_241' title='bbox 838 3408 1007 3488; x_wconf 89' lang='lat' dir='ltr'><strong>quod</strong></span> <span class='ocrx_word' id='word_1_242' title='bbox 1057 3406 1322 3469; x_wconf 89' lang='lat' dir='ltr'><strong>materia</strong></span> <span class='ocrx_word' id='word_1_243' title='bbox 1368 3407 1451 3468; x_wconf 91' lang='lat' dir='ltr'><strong>sit</strong></span> <span class='ocrx_word' id='word_1_244' title='bbox 1500 3407 1656 3469; x_wconf 88' lang='lat' dir='ltr'><strong>illud</strong></span> <span class='ocrx_word' id='word_1_245' title='bbox 1706 3407 1939 3490; x_wconf 89' lang='lat' dir='ltr'><strong>princi-</strong></span> 
     </span>
     <span class='ocr_line' id='line_1_42' title="bbox 436 3506 1937 3588; baseline 0.001 -20"><span class='ocrx_word' id='word_1_246' title='bbox 436 3506 643 3588; x_wconf 91' lang='lat' dir='ltr'><strong>pium,</strong></span> <span class='ocrx_word' id='word_1_247' title='bbox 694 3507 997 3588; x_wconf 88' lang='lat' dir='ltr'><strong>quoniam</strong></span> <span class='ocrx_word' id='word_1_248' title='bbox 1047 3507 1105 3568; x_wconf 90' lang='lat' dir='ltr'><strong>ei</strong></span> <span class='ocrx_word' id='word_1_249' title='bbox 1158 3525 1285 3569; x_wconf 92' lang='lat' dir='ltr'><strong>non</strong></span> <span class='ocrx_word' id='word_1_250' title='bbox 1337 3507 1633 3570; x_wconf 85' lang='lat' dir='ltr'><strong>convenit</strong></span> <span class='ocrx_word' id='word_1_251' title='bbox 1683 3527 1819 3569; x_wconf 91' lang='lat' dir='ltr'><strong>esse</strong></span> <span class='ocrx_word' id='word_1_252' title='bbox 1870 3508 1937 3569; x_wconf 90' lang='lat' dir='ltr'><strong>in</strong></span> 
     </span>
     <span class='ocr_line' id='line_1_43' title="bbox 438 3605 1936 3687; baseline 0.001 -19"><span class='ocrx_word' id='word_1_253' title='bbox 438 3605 681 3680; x_wconf 80' lang='lat' dir='ltr'><strong>multiS,</strong></span> <span class='ocrx_word' id='word_1_254' title='bbox 716 3605 826 3668; x_wconf 90' lang='lat' dir='ltr'><strong>sed</strong></span> <span class='ocrx_word' id='word_1_255' title='bbox 856 3605 982 3668; x_wconf 89' lang='lat' dir='ltr'><strong>alia</strong></span> <span class='ocrx_word' id='word_1_256' title='bbox 1010 3605 1225 3687; x_wconf 90' lang='lat' dir='ltr'><strong>potius</strong></span> <span class='ocrx_word' id='word_1_257' title='bbox 1256 3605 1539 3687; x_wconf 89' lang='lat' dir='ltr'><strong>recipere</strong></span> <span class='ocrx_word' id='word_1_258' title='bbox 1571 3605 1636 3667; x_wconf 90' lang='lat' dir='ltr'><strong>in</strong></span> <span class='ocrx_word' id='word_1_259' title='bbox 1668 3625 1754 3668; x_wconf 92' lang='lat' dir='ltr'><strong>se.</strong></span> <span class='ocrx_word' id='word_1_260' title='bbox 1790 3606 1936 3680; x_wconf 83' lang='lat' dir='ltr'><strong>Quae</strong></span> 
     </span>
     <span class='ocr_line' id='line_1_44' title="bbox 438 3703 1935 3787; baseline -0.001 -19"><span class='ocrx_word' id='word_1_261' title='bbox 438 3705 769 3787; x_wconf 88' lang='lat' dir='ltr'><strong>persuasio</strong></span> <span class='ocrx_word' id='word_1_262' title='bbox 796 3712 892 3765; x_wconf 92' lang='lat' dir='ltr'><strong>est</strong></span> <span class='ocrx_word' id='word_1_263' title='bbox 926 3703 1192 3765; x_wconf 81' lang='lat' dir='ltr'><strong>inutilis,</strong></span> <span class='ocrx_word' id='word_1_264' title='bbox 1219 3704 1477 3766; x_wconf 87' lang='lat' dir='ltr'><strong>Materia</strong></span> <span class='ocrx_word' id='word_1_265' title='bbox 1507 3705 1680 3766; x_wconf 89' lang='lat' dir='ltr'><strong>enim</strong></span> <span class='ocrx_word' id='word_1_266' title='bbox 1712 3723 1935 3768; x_wconf 88' lang='lat' dir='ltr'><strong>secuu-</strong></span> 
     </span>
     <span class='ocr_line' id='line_1_45' title="bbox 433 3802 1934 3884; baseline 0.001 -18"><span class='ocrx_word' id='word_1_267' title='bbox 433 3803 589 3866; x_wconf 91' lang='lat' dir='ltr'><strong>dum</strong></span> <span class='ocrx_word' id='word_1_268' title='bbox 632 3821 699 3864; x_wconf 90' lang='lat' dir='ltr'><strong>se</strong></span> <span class='ocrx_word' id='word_1_269' title='bbox 739 3810 835 3865; x_wconf 91' lang='lat' dir='ltr'><strong>est</strong></span> <span class='ocrx_word' id='word_1_270' title='bbox 864 3802 1018 3884; x_wconf 92' lang='lat' dir='ltr'><strong>quid</strong></span> <span class='ocrx_word' id='word_1_271' title='bbox 1060 3819 1424 3876; x_wconf 90' lang='lat' dir='ltr'><strong>commune,</strong></span> <span class='ocrx_word' id='word_1_272' title='bbox 1458 3811 1520 3864; x_wconf 88' lang='lat' dir='ltr'><strong>et</strong></span> <span class='ocrx_word' id='word_1_273' title='bbox 1561 3804 1699 3884; x_wconf 90' lang='lat' dir='ltr'><strong>ipsa</strong></span> <span class='ocrx_word' id='word_1_274' title='bbox 1738 3812 1834 3866; x_wconf 91' lang='lat' dir='ltr'><strong>est</strong></span> <span class='ocrx_word' id='word_1_275' title='bbox 1869 3805 1934 3867; x_wconf 91' lang='lat' dir='ltr'><strong>in</strong></span> 
     </span>
     <span class='ocr_line' id='line_1_46' title="bbox 434 3900 1935 3982; baseline 0 -18"><span class='ocrx_word' id='word_1_276' title='bbox 434 3900 875 3964; x_wconf 85' lang='lat' dir='ltr'><strong>materialibus</strong></span> <span class='ocrx_word' id='word_1_277' title='bbox 908 3900 1097 3962; x_wconf 90' lang='lat' dir='ltr'><strong>rebus</strong></span> <span class='ocrx_word' id='word_1_278' title='bbox 1130 3908 1429 3982; x_wconf 88' lang='lat' dir='ltr'><strong>tauquam</strong></span> <span class='ocrx_word' id='word_1_279' title='bbox 1466 3920 1611 3981; x_wconf 91' lang='lat' dir='ltr'><strong>pars</strong></span> <span class='ocrx_word' id='word_1_280' title='bbox 1646 3902 1935 3964; x_wconf 91' lang='lat' dir='ltr'><strong>substan-</strong></span> 
     </span>
     <span class='ocr_line' id='line_1_47' title="bbox 432 3997 1936 4079; baseline -0.001 -17"><span class='ocrx_word' id='word_1_281' title='bbox 432 4000 603 4062; x_wconf 88' lang='lat' dir='ltr'><strong>tialis</strong></span> <span class='ocrx_word' id='word_1_282' title='bbox 665 3999 731 4060; x_wconf 94' lang='lat' dir='ltr'><strong>in</strong></span> <span class='ocrx_word' id='word_1_283' title='bbox 783 4005 930 4061; x_wconf 88' lang='lat' dir='ltr'><strong>toto.</strong></span> <span class='ocrx_word' id='word_1_284' title='bbox 980 3997 1210 4071; x_wconf 85' lang='lat' dir='ltr'><strong>Aliam,</strong></span> <span class='ocrx_word' id='word_1_285' title='bbox 1261 3999 1430 4079; x_wconf 89' lang='lat' dir='ltr'><strong>quod</strong></span> <span class='ocrx_word' id='word_1_286' title='bbox 1478 4000 1797 4079; x_wconf 84' lang='lat' dir='ltr'><strong>quantitas</strong></span> <span class='ocrx_word' id='word_1_287' title='bbox 1854 4001 1936 4062; x_wconf 88' lang='lat' dir='ltr'><strong>sit</strong></span> 
     </span>
     <span class='ocr_line' id='line_1_48' title="bbox 434 4095 1933 4179; baseline -0.001 -18"><span class='ocrx_word' id='word_1_288' title='bbox 434 4096 959 4161; x_wconf 88' lang='lat' dir='ltr'><strong>individuationis</strong></span> <span class='ocrx_word' id='word_1_289' title='bbox 1020 4095 1432 4178; x_wconf 88' lang='lat' dir='ltr'><strong>principium.</strong></span> <span class='ocrx_word' id='word_1_290' title='bbox 1489 4097 1663 4169; x_wconf 86' lang='lat' dir='ltr'><strong>Quod</strong></span> <span class='ocrx_word' id='word_1_291' title='bbox 1721 4116 1933 4179; x_wconf 88' lang='lat' dir='ltr'><strong>repro-</strong></span> 
     </span>
    </p>
   </div>
   <div class='ocr_carea' id='block_1_9' title="bbox 2050 1935 3554 3000">
    <p class='ocr_par' dir='ltr' id='par_1_9' title="bbox 2050 1935 3554 3000">
     <span class='ocr_line' id='line_1_49' title="bbox 2055 1935 3552 2007; baseline 0.001 -11"><span class='ocrx_word' id='word_1_292' title='bbox 2055 1935 2409 1996; x_wconf 91' lang='lat' dir='ltr'><strong>secundum</strong></span> <span class='ocrx_word' id='word_1_293' title='bbox 2460 1953 2616 2007; x_wconf 90' lang='lat' dir='ltr'><strong>rem,</strong></span> <span class='ocrx_word' id='word_1_294' title='bbox 2659 1935 3025 1998; x_wconf 75' lang='lat' dir='ltr'><strong>differentia</strong></span> <span class='ocrx_word' id='word_1_295' title='bbox 3075 1937 3279 1998; x_wconf 89' lang='lat' dir='ltr'><strong>solum</strong></span> <span class='ocrx_word' id='word_1_296' title='bbox 3329 1955 3552 1999; x_wconf 85' lang='lat' dir='ltr'><strong>secun-</strong></span> 
     </span>
     <span class='ocr_line' id='line_1_50' title="bbox 2054 2033 3554 2117; baseline 0.003 -25"><span class='ocrx_word' id='word_1_297' title='bbox 2054 2033 2207 2093; x_wconf 88' lang='lat' dir='ltr'><strong>dum</strong></span> <span class='ocrx_word' id='word_1_298' title='bbox 2259 2033 2590 2108; x_wconf 88' lang='lat' dir='ltr'><strong>rationem,</strong></span> <span class='ocrx_word' id='word_1_299' title='bbox 2644 2042 2792 2096; x_wconf 91' lang='lat' dir='ltr'><strong>sunt</strong></span> <span class='ocrx_word' id='word_1_300' title='bbox 2839 2034 3158 2116; x_wconf 89' lang='lat' dir='ltr'><strong>principia</strong></span> <span class='ocrx_word' id='word_1_301' title='bbox 3205 2034 3442 2117; x_wconf 91' lang='lat' dir='ltr'><strong>speciei</strong></span> <span class='ocrx_word' id='word_1_302' title='bbox 3489 2043 3554 2096; x_wconf 90' lang='lat' dir='ltr'><strong>et</strong></span> 
     </span>
     <span class='ocr_line' id='line_1_51' title="bbox 2055 2131 3550 2214; baseline 0.002 -22"><span class='ocrx_word' id='word_1_303' title='bbox 2055 2131 2392 2193; x_wconf 92' lang='lat' dir='ltr'><strong>individui.</strong></span> <span class='ocrx_word' id='word_1_304' title='bbox 2423 2133 2734 2206; x_wconf 90' lang='lat' dir='ltr'><strong>Secund0‚</strong></span> <span class='ocrx_word' id='word_1_305' title='bbox 2768 2133 3068 2213; x_wconf 90' lang='lat' dir='ltr'><strong>quoniam</strong></span> <span class='ocrx_word' id='word_1_306' title='bbox 3107 2132 3170 2195; x_wconf 90' lang='lat' dir='ltr'><strong>id</strong></span> <span class='ocrx_word' id='word_1_307' title='bbox 3201 2134 3369 2214; x_wconf 90' lang='lat' dir='ltr'><strong>quod</strong></span> <span class='ocrx_word' id='word_1_308' title='bbox 3401 2151 3550 2195; x_wconf 87' lang='lat' dir='ltr'><strong>cum</strong></span> 
     </span>
     <span class='ocr_line' id='line_1_52' title="bbox 2052 2231 3553 2312; baseline 0.001 -21"><span class='ocrx_word' id='word_1_309' title='bbox 2052 2235 2198 2291; x_wconf 90' lang='lat' dir='ltr'><strong>ente</strong></span> <span class='ocrx_word' id='word_1_310' title='bbox 2249 2231 2660 2304; x_wconf 89' lang='lat' dir='ltr'><strong>convertitur,</strong></span> <span class='ocrx_word' id='word_1_311' title='bbox 2706 2238 2768 2293; x_wconf 90' lang='lat' dir='ltr'><strong>et</strong></span> <span class='ocrx_word' id='word_1_312' title='bbox 2817 2232 2894 2292; x_wconf 91' lang='lat' dir='ltr'><strong>de</strong></span> <span class='ocrx_word' id='word_1_313' title='bbox 2942 2231 3162 2293; x_wconf 90' lang='lat' dir='ltr'><strong>eadem</strong></span> <span class='ocrx_word' id='word_1_314' title='bbox 3215 2250 3281 2292; x_wconf 89' lang='lat' dir='ltr'><strong>re</strong></span> <span class='ocrx_word' id='word_1_315' title='bbox 3329 2231 3553 2312; x_wconf 87' lang='lat' dir='ltr'><strong>praedi-</strong></span> 
     </span>
     <span class='ocr_line' id='line_1_53' title="bbox 2054 2329 3553 2411; baseline 0.003 -23"><span class='ocrx_word' id='word_1_316' title='bbox 2054 2335 2254 2401; x_wconf 88' lang='lat' dir='ltr'><strong>catur,</strong></span> <span class='ocrx_word' id='word_1_317' title='bbox 2290 2347 2416 2391; x_wconf 92' lang='lat' dir='ltr'><strong>non</strong></span> <span class='ocrx_word' id='word_1_318' title='bbox 2457 2329 2612 2391; x_wconf 90' lang='lat' dir='ltr'><strong>dicit</strong></span> <span class='ocrx_word' id='word_1_319' title='bbox 2644 2329 2886 2411; x_wconf 88' lang='lat' dir='ltr'><strong>aliquid</strong></span> <span class='ocrx_word' id='word_1_320' title='bbox 2926 2329 3214 2391; x_wconf 89' lang='lat' dir='ltr'><strong>additum</strong></span> <span class='ocrx_word' id='word_1_321' title='bbox 3255 2348 3448 2411; x_wconf 89' lang='lat' dir='ltr'><strong>super</strong></span> <span class='ocrx_word' id='word_1_322' title='bbox 3476 2348 3553 2392; x_wconf 89' lang='lat' dir='ltr'><strong>ea</strong></span> 
     </span>
     <span class='ocr_line' id='line_1_54' title="bbox 2052 2427 3550 2508; baseline 0.001 -20"><span class='ocrx_word' id='word_1_323' title='bbox 2052 2427 2129 2488; x_wconf 86' lang='lat' dir='ltr'><strong>de</strong></span> <span class='ocrx_word' id='word_1_324' title='bbox 2190 2427 2424 2508; x_wconf 89' lang='lat' dir='ltr'><strong>quibus</strong></span> <span class='ocrx_word' id='word_1_325' title='bbox 2485 2427 2881 2508; x_wconf 83' lang='lat' dir='ltr'><strong>praedicatur.</strong></span> <span class='ocrx_word' id='word_1_326' title='bbox 2946 2428 3067 2490; x_wconf 89' lang='lat' dir='ltr'><strong>Sed</strong></span> <span class='ocrx_word' id='word_1_327' title='bbox 3125 2447 3264 2490; x_wconf 89' lang='lat' dir='ltr'><strong>esse</strong></span> <span class='ocrx_word' id='word_1_328' title='bbox 3321 2427 3550 2490; x_wconf 91' lang='lat' dir='ltr'><strong>indivi-</strong></span> 
     </span>
     <span class='ocr_line' id='line_1_55' title="bbox 2051 2525 3549 2607; baseline 0.001 -21"><span class='ocrx_word' id='word_1_329' title='bbox 2051 2525 2252 2587; x_wconf 91' lang='lat' dir='ltr'><strong>duum</strong></span> <span class='ocrx_word' id='word_1_330' title='bbox 2305 2526 2695 2588; x_wconf 91' lang='lat' dir='ltr'><strong>convertitur</strong></span> <span class='ocrx_word' id='word_1_331' title='bbox 2745 2545 2890 2588; x_wconf 90' lang='lat' dir='ltr'><strong>cum</strong></span> <span class='ocrx_word' id='word_1_332' title='bbox 2943 2534 3087 2588; x_wconf 92' lang='lat' dir='ltr'><strong>ente</strong></span> <span class='ocrx_word' id='word_1_333' title='bbox 3146 2533 3407 2607; x_wconf 83' lang='lat' dir='ltr'><strong>accepto</strong></span> <span class='ocrx_word' id='word_1_334' title='bbox 3454 2546 3549 2588; x_wconf 90' lang='lat' dir='ltr'><strong>se-</strong></span> 
     </span>
     <span class='ocr_line' id='line_1_56' title="bbox 2050 2624 3548 2687; baseline 0.002 -3"><span class='ocrx_word' id='word_1_335' title='bbox 2050 2624 2332 2685; x_wconf 91' lang='lat' dir='ltr'><strong>cundum</strong></span> <span class='ocrx_word' id='word_1_336' title='bbox 2383 2643 2521 2686; x_wconf 90' lang='lat' dir='ltr'><strong>esse</strong></span> <span class='ocrx_word' id='word_1_337' title='bbox 2567 2624 2730 2686; x_wconf 90' lang='lat' dir='ltr'><strong>reale</strong></span> <span class='ocrx_word' id='word_1_338' title='bbox 2775 2642 2788 2687; x_wconf 92' lang='lat'><strong>:</strong></span> <span class='ocrx_word' id='word_1_339' title='bbox 2834 2625 2922 2687; x_wconf 92' lang='lat' dir='ltr'><strong>nil</strong></span> <span class='ocrx_word' id='word_1_340' title='bbox 2967 2624 3138 2687; x_wconf 90' lang='lat' dir='ltr'><strong>enim</strong></span> <span class='ocrx_word' id='word_1_341' title='bbox 3183 2624 3430 2687; x_wconf 84' lang='lat' dir='ltr'><strong>exsistit</strong></span> <span class='ocrx_word' id='word_1_342' title='bbox 3470 2625 3548 2687; x_wconf 88' lang='lat' dir='ltr'><strong>ad</strong></span> 
     </span>
     <span class='ocr_line' id='line_1_57' title="bbox 2050 2721 3548 2803; baseline 0.002 -21"><span class='ocrx_word' id='word_1_343' title='bbox 2050 2729 2225 2783; x_wconf 86' lang='lat' dir='ltr'><strong>extra</strong></span> <span class='ocrx_word' id='word_1_344' title='bbox 2285 2721 2351 2783; x_wconf 91' lang='lat' dir='ltr'><strong>in</strong></span> <span class='ocrx_word' id='word_1_345' title='bbox 2410 2741 2476 2784; x_wconf 92' lang='lat' dir='ltr'><strong>re</strong></span> <span class='ocrx_word' id='word_1_346' title='bbox 2525 2721 2650 2784; x_wconf 91' lang='lat' dir='ltr'><strong>nisi</strong></span> <span class='ocrx_word' id='word_1_347' title='bbox 2710 2721 3134 2784; x_wconf 88' lang='lat' dir='ltr'><strong>individuum.</strong></span> <span class='ocrx_word' id='word_1_348' title='bbox 3189 2723 3352 2803; x_wconf 85' lang='lat' dir='ltr'><strong>Ergo</strong></span> <span class='ocrx_word' id='word_1_349' title='bbox 3409 2742 3548 2786; x_wconf 88' lang='lat' dir='ltr'><strong>esse</strong></span> 
     </span>
     <span class='ocr_line' id='line_1_58' title="bbox 2052 2819 3552 2903; baseline 0.001 -22"><span class='ocrx_word' id='word_1_350' title='bbox 2052 2819 2452 2882; x_wconf 88' lang='lat' dir='ltr'><strong>individuum</strong></span> <span class='ocrx_word' id='word_1_351' title='bbox 2515 2838 2641 2882; x_wconf 92' lang='lat' dir='ltr'><strong>non</strong></span> <span class='ocrx_word' id='word_1_352' title='bbox 2691 2821 2989 2883; x_wconf 87' lang='lat' dir='ltr'><strong>convenit</strong></span> <span class='ocrx_word' id='word_1_353' title='bbox 3036 2821 3228 2883; x_wconf 86' lang='lat' dir='ltr'><strong>alicui</strong></span> <span class='ocrx_word' id='word_1_354' title='bbox 3280 2840 3393 2903; x_wconf 88' lang='lat' dir='ltr'><strong>per</strong></span> <span class='ocrx_word' id='word_1_355' title='bbox 3440 2822 3552 2883; x_wconf 89' lang='lat' dir='ltr'><strong>ali-</strong></span> 
     </span>
     <span class='ocr_line' id='line_1_59' title="bbox 2051 2918 3547 3000; baseline 0.002 -21"><span class='ocrx_word' id='word_1_356' title='bbox 2051 2918 2206 3000; x_wconf 88' lang='lat' dir='ltr'><strong>quid</strong></span> <span class='ocrx_word' id='word_1_357' title='bbox 2254 2919 2377 2981; x_wconf 87' lang='lat' dir='ltr'><strong>sibi</strong></span> <span class='ocrx_word' id='word_1_358' title='bbox 2427 2918 2737 2992; x_wconf 88' lang='lat' dir='ltr'><strong>additum,</strong></span> <span class='ocrx_word' id='word_1_359' title='bbox 2781 2920 2891 2981; x_wconf 92' lang='lat' dir='ltr'><strong>sed</strong></span> <span class='ocrx_word' id='word_1_360' title='bbox 2935 2938 3048 3000; x_wconf 91' lang='lat' dir='ltr'><strong>per</strong></span> <span class='ocrx_word' id='word_1_361' title='bbox 3093 2919 3156 2981; x_wconf 88' lang='lat' dir='ltr'><strong>id</strong></span> <span class='ocrx_word' id='word_1_362' title='bbox 3203 2921 3371 3000; x_wconf 91' lang='lat' dir='ltr'><strong>quod</strong></span> <span class='ocrx_word' id='word_1_363' title='bbox 3415 2928 3547 2999; x_wconf 84' lang='lat' dir='ltr'><strong>est3</strong></span> 
     </span>
    </p>
   </div>
   <div class='ocr_carea' id='block_1_10' title="bbox 1974 3015 3548 3098">
    <p class='ocr_par' dir='ltr' id='par_1_10' title="bbox 1974 3015 3548 3098">
     <span class='ocr_line' id='line_1_60' title="bbox 1974 3015 3548 3098; baseline 0 -18"><span class='ocrx_word' id='word_1_364' title='bbox 1974 3016 2019 3080; x_wconf 88' lang='lat' dir='ltr'>C</span> <span class='ocrx_word' id='word_1_365' title='bbox 2050 3016 2385 3098; x_wconf 88' lang='lat' dir='ltr'><strong>omnisque</strong></span> <span class='ocrx_word' id='word_1_366' title='bbox 2415 3016 2538 3078; x_wconf 90' lang='lat' dir='ltr'><strong>alia</strong></span> <span class='ocrx_word' id='word_1_367' title='bbox 2571 3017 2779 3078; x_wconf 88' lang='lat' dir='ltr'><strong>unitas</strong></span> <span class='ocrx_word' id='word_1_368' title='bbox 2813 3024 2908 3078; x_wconf 91' lang='lat' dir='ltr'><strong>est</strong></span> <span class='ocrx_word' id='word_1_369' title='bbox 2939 3015 3216 3079; x_wconf 87' lang='lat' dir='ltr'><strong>rationis.</strong></span> <span class='ocrx_word' id='word_1_370' title='bbox 3250 3018 3366 3079; x_wconf 90' lang='lat' dir='ltr'><strong>Per</strong></span> <span class='ocrx_word' id='word_1_371' title='bbox 3394 3018 3548 3098; x_wconf 92' lang='lat' dir='ltr'><strong>quid</strong></span> 
     </span>
    </p>
   </div>
   <div class='ocr_carea' id='block_1_11' title="bbox 2043 3113 3547 4177">
    <p class='ocr_par' dir='ltr' id='par_1_11' title="bbox 2043 3113 3547 4177">
     <span class='ocr_line' id='line_1_61' title="bbox 2049 3113 3546 3196; baseline 0.001 -21"><span class='ocrx_word' id='word_1_372' title='bbox 2049 3115 2262 3194; x_wconf 90' lang='lat' dir='ltr'><strong>itaque</strong></span> <span class='ocrx_word' id='word_1_373' title='bbox 2322 3114 2606 3175; x_wconf 81' lang='lat' dir='ltr'><strong>Socrates</strong></span> <span class='ocrx_word' id='word_1_374' title='bbox 2657 3122 2755 3176; x_wconf 90' lang='lat' dir='ltr'><strong>est</strong></span> <span class='ocrx_word' id='word_1_375' title='bbox 2808 3113 3270 3175; x_wconf 74' lang='lat' dir='ltr'><strong>individuum?</strong></span> <span class='ocrx_word' id='word_1_376' title='bbox 3319 3114 3546 3196; x_wconf 87' lang='lat' dir='ltr'><strong>Utique</strong></span> 
     </span>
     <span class='ocr_line' id='line_1_62' title="bbox 2048 3212 3547 3294; baseline 0 -20"><span class='ocrx_word' id='word_1_377' title='bbox 2048 3231 2162 3294; x_wconf 90' lang='lat' dir='ltr'><strong>per</strong></span> <span class='ocrx_word' id='word_1_378' title='bbox 2207 3212 2272 3274; x_wconf 91' lang='lat' dir='ltr'><strong>id</strong></span> <span class='ocrx_word' id='word_1_379' title='bbox 2313 3231 2426 3294; x_wconf 89' lang='lat' dir='ltr'><strong>per</strong></span> <span class='ocrx_word' id='word_1_380' title='bbox 2470 3214 2638 3294; x_wconf 91' lang='lat' dir='ltr'><strong>quod</strong></span> <span class='ocrx_word' id='word_1_381' title='bbox 2683 3219 2777 3274; x_wconf 90' lang='lat' dir='ltr'><strong>est</strong></span> <span class='ocrx_word' id='word_1_382' title='bbox 2819 3213 3129 3274; x_wconf 88' lang='lat' dir='ltr'><strong>exsistens</strong></span> <span class='ocrx_word' id='word_1_383' title='bbox 3175 3230 3189 3274; x_wconf 92' lang='lat'><strong>:</strong></span> <span class='ocrx_word' id='word_1_384' title='bbox 3232 3213 3400 3293; x_wconf 90' lang='lat' dir='ltr'><strong>quod</strong></span> <span class='ocrx_word' id='word_1_385' title='bbox 3444 3232 3547 3275; x_wconf 86' lang='lat' dir='ltr'><strong>ex-</strong></span> 
     </span>
     <span class='ocr_line' id='line_1_63' title="bbox 2045 3310 3546 3373; baseline 0 -1"><span class='ocrx_word' id='word_1_386' title='bbox 2045 3311 2320 3372; x_wconf 90' lang='lat' dir='ltr'><strong>trinsece</strong></span> <span class='ocrx_word' id='word_1_387' title='bbox 2369 3319 2518 3372; x_wconf 90' lang='lat' dir='ltr'><strong>sunt</strong></span> <span class='ocrx_word' id='word_1_388' title='bbox 2567 3329 2757 3373; x_wconf 88' lang='lat' dir='ltr'><strong>causa</strong></span> <span class='ocrx_word' id='word_1_389' title='bbox 2801 3310 3016 3372; x_wconf 87' lang='lat' dir='ltr'><strong>finalis</strong></span> <span class='ocrx_word' id='word_1_390' title='bbox 3065 3317 3128 3372; x_wconf 85' lang='lat' dir='ltr'><strong>et</strong></span> <span class='ocrx_word' id='word_1_391' title='bbox 3171 3329 3360 3372; x_wconf 90' lang='lat' dir='ltr'><strong>causa</strong></span> <span class='ocrx_word' id='word_1_392' title='bbox 3405 3310 3546 3373; x_wconf 87' lang='lat' dir='ltr'><strong>effi-</strong></span> 
     </span>
     <span class='ocr_line' id='line_1_64' title="bbox 2046 3407 3546 3490; baseline 0 -20"><span class='ocrx_word' id='word_1_393' title='bbox 2046 3408 2243 3483; x_wconf 82' lang='lat' dir='ltr'><strong>cienS,</strong></span> <span class='ocrx_word' id='word_1_394' title='bbox 2283 3409 2468 3488; x_wconf 90' lang='lat' dir='ltr'><strong>cujus</strong></span> <span class='ocrx_word' id='word_1_395' title='bbox 2513 3415 2609 3470; x_wconf 90' lang='lat' dir='ltr'><strong>est</strong></span> <span class='ocrx_word' id='word_1_396' title='bbox 2653 3409 3001 3490; x_wconf 89' lang='lat' dir='ltr'><strong>producere</strong></span> <span class='ocrx_word' id='word_1_397' title='bbox 3053 3407 3408 3488; x_wconf 88' lang='lat' dir='ltr'><strong>singulare;</strong></span> <span class='ocrx_word' id='word_1_398' title='bbox 3451 3408 3546 3470; x_wconf 89' lang='lat' dir='ltr'><strong>in-</strong></span> 
     </span>
     <span class='ocr_line' id='line_1_65' title="bbox 2048 3506 3544 3570; baseline 0.002 -3"><span class='ocrx_word' id='word_1_399' title='bbox 2048 3507 2318 3569; x_wconf 87' lang='lat' dir='ltr'><strong>trinsece</strong></span> <span class='ocrx_word' id='word_1_400' title='bbox 2361 3514 2572 3568; x_wconf 90' lang='lat' dir='ltr'><strong>autem</strong></span> <span class='ocrx_word' id='word_1_401' title='bbox 2623 3515 2772 3569; x_wconf 91' lang='lat' dir='ltr'><strong>sunt</strong></span> <span class='ocrx_word' id='word_1_402' title='bbox 2821 3506 2956 3569; x_wconf 80' lang='lat' dir='ltr'><strong>haec</strong></span> <span class='ocrx_word' id='word_1_403' title='bbox 3004 3506 3268 3570; x_wconf 89' lang='lat' dir='ltr'><strong>materia</strong></span> <span class='ocrx_word' id='word_1_404' title='bbox 3309 3513 3372 3569; x_wconf 91' lang='lat' dir='ltr'><strong>et</strong></span> <span class='ocrx_word' id='word_1_405' title='bbox 3410 3508 3544 3570; x_wconf 81' lang='lat' dir='ltr'><strong>haec</strong></span> 
     </span>
     <span class='ocr_line' id='line_1_66' title="bbox 2045 3605 3546 3688; baseline 0.001 -21"><span class='ocrx_word' id='word_1_406' title='bbox 2045 3605 2267 3668; x_wconf 85' lang='lat' dir='ltr'><strong>forma.</strong></span> <span class='ocrx_word' id='word_1_407' title='bbox 2305 3605 2480 3678; x_wconf 88' lang='lat' dir='ltr'><strong>Quod</strong></span> <span class='ocrx_word' id='word_1_408' title='bbox 2521 3605 2572 3666; x_wconf 92' lang='lat' dir='ltr'><strong>si</strong></span> <span class='ocrx_word' id='word_1_409' title='bbox 2616 3605 2962 3687; x_wconf 85' lang='lat' dir='ltr'><strong>quaesieriS‚</strong></span> <span class='ocrx_word' id='word_1_410' title='bbox 2999 3624 3114 3687; x_wconf 93' lang='lat' dir='ltr'><strong>per</strong></span> <span class='ocrx_word' id='word_1_411' title='bbox 3146 3605 3300 3688; x_wconf 88' lang='lat' dir='ltr'><strong>quid</strong></span> <span class='ocrx_word' id='word_1_412' title='bbox 3341 3605 3546 3669; x_wconf 87' lang='lat' dir='ltr'><strong>forma</strong></span> 
     </span>
     <span class='ocr_line' id='line_1_67' title="bbox 2045 3703 3544 3786; baseline 0.001 -21"><span class='ocrx_word' id='word_1_413' title='bbox 2045 3711 2139 3765; x_wconf 89' lang='lat' dir='ltr'><strong>est</strong></span> <span class='ocrx_word' id='word_1_414' title='bbox 2172 3704 2343 3782; x_wconf 82' lang='lat' dir='ltr'><strong>haec3</strong></span> <span class='ocrx_word' id='word_1_415' title='bbox 2388 3704 2755 3777; x_wconf 89' lang='lat' dir='ltr'><strong>dicendum,</strong></span> <span class='ocrx_word' id='word_1_416' title='bbox 2791 3704 2959 3785; x_wconf 91' lang='lat' dir='ltr'><strong>quod</strong></span> <span class='ocrx_word' id='word_1_417' title='bbox 2993 3723 3106 3786; x_wconf 90' lang='lat' dir='ltr'><strong>per</strong></span> <span class='ocrx_word' id='word_1_418' title='bbox 3137 3703 3198 3765; x_wconf 94' lang='lat' dir='ltr'><strong>id</strong></span> <span class='ocrx_word' id='word_1_419' title='bbox 3233 3723 3346 3786; x_wconf 90' lang='lat' dir='ltr'><strong>per</strong></span> <span class='ocrx_word' id='word_1_420' title='bbox 3373 3705 3544 3786; x_wconf 92' lang='lat' dir='ltr'><strong>quod</strong></span> 
     </span>
     <span class='ocr_line' id='line_1_68' title="bbox 2043 3801 3545 3866; baseline 0 -3"><span class='ocrx_word' id='word_1_421' title='bbox 2043 3809 2140 3864; x_wconf 90' lang='lat' dir='ltr'><strong>est</strong></span> <span class='ocrx_word' id='word_1_422' title='bbox 2199 3801 2264 3862; x_wconf 92' lang='lat' dir='ltr'><strong>in</strong></span> <span class='ocrx_word' id='word_1_423' title='bbox 2323 3821 2388 3864; x_wconf 89' lang='lat' dir='ltr'><strong>re</strong></span> <span class='ocrx_word' id='word_1_424' title='bbox 2447 3809 2623 3863; x_wconf 88' lang='lat' dir='ltr'><strong>extra</strong></span> <span class='ocrx_word' id='word_1_425' title='bbox 2674 3821 2688 3866; x_wconf 90' lang='lat'>:</span> <span class='ocrx_word' id='word_1_426' title='bbox 2743 3810 2806 3864; x_wconf 91' lang='lat' dir='ltr'><strong>et</strong></span> <span class='ocrx_word' id='word_1_427' title='bbox 2862 3802 2982 3864; x_wconf 90' lang='lat' dir='ltr'><strong>hoc</strong></span> <span class='ocrx_word' id='word_1_428' title='bbox 3039 3802 3392 3864; x_wconf 87' lang='lat' dir='ltr'><strong>extrinsece</strong></span> <span class='ocrx_word' id='word_1_429' title='bbox 3448 3810 3545 3865; x_wconf 81' lang='lat' dir='ltr'><strong>est</strong></span> 
     </span>
     <span class='ocr_line' id='line_1_69' title="bbox 2043 3900 3543 3982; baseline 0.001 -20"><span class='ocrx_word' id='word_1_430' title='bbox 2043 3919 2256 3981; x_wconf 81' lang='lat' dir='ltr'><strong>agenS,</strong></span> <span class='ocrx_word' id='word_1_431' title='bbox 2293 3900 2779 3963; x_wconf 81' lang='lat' dir='ltr'><strong>concomitative</strong></span> <span class='ocrx_word' id='word_1_432' title='bbox 2817 3907 3030 3962; x_wconf 91' lang='lat' dir='ltr'><strong>autem</strong></span> <span class='ocrx_word' id='word_1_433' title='bbox 3077 3900 3358 3973; x_wconf 90' lang='lat' dir='ltr'><strong>materia,</strong></span> <span class='ocrx_word' id='word_1_434' title='bbox 3392 3901 3543 3982; x_wconf 91' lang='lat' dir='ltr'><strong>quia</strong></span> 
     </span>
     <span class='ocr_line' id='line_1_70' title="bbox 2044 3997 3542 4079; baseline 0 -19"><span class='ocrx_word' id='word_1_435' title='bbox 2044 3999 2308 4060; x_wconf 88' lang='lat' dir='ltr'><strong>materia</strong></span> <span class='ocrx_word' id='word_1_436' title='bbox 2347 3999 2778 4061; x_wconf 89' lang='lat' dir='ltr'><strong>communicat</strong></span> <span class='ocrx_word' id='word_1_437' title='bbox 2807 4017 2944 4060; x_wconf 92' lang='lat' dir='ltr'><strong>esse</strong></span> <span class='ocrx_word' id='word_1_438' title='bbox 2977 3997 3195 4060; x_wconf 86' lang='lat' dir='ltr'><strong>formae</strong></span> <span class='ocrx_word' id='word_1_439' title='bbox 3228 4017 3382 4079; x_wconf 91' lang='lat' dir='ltr'><strong>pure</strong></span> <span class='ocrx_word' id='word_1_440' title='bbox 3415 4018 3542 4060; x_wconf 89' lang='lat' dir='ltr'><strong>ma-</strong></span> 
     </span>
     <span class='ocr_line' id='line_1_71' title="bbox 2044 4095 3536 4177; baseline 0.001 -20"><span class='ocrx_word' id='word_1_441' title='bbox 2044 4096 2272 4170; x_wconf 90' lang='lat' dir='ltr'><strong>teriali,</strong></span> <span class='ocrx_word' id='word_1_442' title='bbox 2291 4114 2432 4177; x_wconf 82' lang='lat' dir='ltr'><strong>quae</strong></span> <span class='ocrx_word' id='word_1_443' title='bbox 2461 4095 2700 4176; x_wconf 88' lang='lat' dir='ltr'><strong>absque</strong></span> <span class='ocrx_word' id='word_1_444' title='bbox 2733 4095 2996 4156; x_wconf 89' lang='lat' dir='ltr'><strong>materia</strong></span> <span class='ocrx_word' id='word_1_445' title='bbox 3026 4113 3151 4158; x_wconf 90' lang='lat' dir='ltr'><strong>non</strong></span> <span class='ocrx_word' id='word_1_446' title='bbox 3185 4096 3536 4158; x_wconf 82' lang='lat' dir='ltr'><strong>exsisteret.</strong></span> 
     </span>
    </p>
   </div>
   <div class='ocr_carea' id='block_1_12' title="bbox 432 4193 3540 4278">
    <p class='ocr_par' dir='ltr' id='par_1_12' title="bbox 432 4193 3540 4278">
     <span class='ocr_line' id='line_1_72' title="bbox 432 4193 3540 4278; baseline -0.001 -19"><span class='ocrx_word' id='word_1_447' title='bbox 432 4197 645 4271; x_wconf 89' lang='lat' dir='ltr'><strong>batur,</strong></span> <span class='ocrx_word' id='word_1_448' title='bbox 696 4195 849 4278; x_wconf 89' lang='lat' dir='ltr'><strong>quia</strong></span> <span class='ocrx_word' id='word_1_449' title='bbox 907 4194 1271 4274; x_wconf 88' lang='lat' dir='ltr'><strong>subjectum</strong></span> <span class='ocrx_word' id='word_1_450' title='bbox 1330 4195 1702 4256; x_wconf 88' lang='lat' dir='ltr'><strong>naturaliter</strong></span> <span class='ocrx_word' id='word_1_451' title='bbox 1755 4195 1933 4277; x_wconf 91' lang='lat' dir='ltr'><strong>prius</strong></span> <span class='ocrx_word' id='word_1_452' title='bbox 1963 4199 2013 4260; x_wconf 89' lang='lat' dir='ltr'>D</span> <span class='ocrx_word' id='word_1_453' title='bbox 2044 4196 2217 4257; x_wconf 89' lang='lat' dir='ltr'><strong>Idem</strong></span> <span class='ocrx_word' id='word_1_454' title='bbox 2268 4195 2412 4256; x_wconf 89' lang='lat' dir='ltr'><strong>dico</strong></span> <span class='ocrx_word' id='word_1_455' title='bbox 2460 4195 2538 4256; x_wconf 90' lang='lat' dir='ltr'><strong>de</strong></span> <span class='ocrx_word' id='word_1_456' title='bbox 2587 4195 2872 4267; x_wconf 88' lang='lat' dir='ltr'><strong>materia,</strong></span> <span class='ocrx_word' id='word_1_457' title='bbox 2919 4193 3043 4256; x_wconf 89' lang='lat' dir='ltr'><strong>nisi</strong></span> <span class='ocrx_word' id='word_1_458' title='bbox 3091 4195 3261 4274; x_wconf 90' lang='lat' dir='ltr'><strong>quod</strong></span> <span class='ocrx_word' id='word_1_459' title='bbox 3311 4194 3540 4256; x_wconf 92' lang='lat' dir='ltr'><strong>indivi-</strong></span> 
     </span>
    </p>
   </div>
   <div class='ocr_carea' id='block_1_13' title="bbox 431 4293 1935 4964">
    <p class='ocr_par' dir='ltr' id='par_1_13' title="bbox 431 4293 1935 4964">
     <span class='ocr_line' id='line_1_73' title="bbox 431 4293 1935 4375; baseline -0.003 -17"><span class='ocrx_word' id='word_1_460' title='bbox 431 4304 531 4358; x_wconf 86' lang='lat' dir='ltr'><strong>est</strong></span> <span class='ocrx_word' id='word_1_461' title='bbox 570 4294 900 4357; x_wconf 89' lang='lat' dir='ltr'><strong>accidente</strong></span> <span class='ocrx_word' id='word_1_462' title='bbox 936 4311 949 4354; x_wconf 91' lang='lat'><strong>:</strong></span> <span class='ocrx_word' id='word_1_463' title='bbox 984 4312 1201 4375; x_wconf 71' lang='lat' dir='ltr'><strong>quum⁴</strong></span> <span class='ocrx_word' id='word_1_464' title='bbox 1230 4311 1379 4373; x_wconf 87' lang='lat' dir='ltr'><strong>ergo</strong></span> <span class='ocrx_word' id='word_1_465' title='bbox 1418 4293 1735 4374; x_wconf 87' lang='lat' dir='ltr'><strong>quantitas</strong></span> <span class='ocrx_word' id='word_1_466' title='bbox 1774 4293 1935 4354; x_wconf 89' lang='lat' dir='ltr'><strong>acci-</strong></span> 
     </span>
     <span class='ocr_line' id='line_1_74' title="bbox 432 4390 1932 4473; baseline -0.003 -17"><span class='ocrx_word' id='word_1_467' title='bbox 432 4395 592 4456; x_wconf 89' lang='lat' dir='ltr'><strong>dens</strong></span> <span class='ocrx_word' id='word_1_468' title='bbox 622 4393 703 4455; x_wconf 91' lang='lat' dir='ltr'><strong>sit</strong></span> <span class='ocrx_word' id='word_1_469' title='bbox 734 4391 1009 4473; x_wconf 87' lang='lat' dir='ltr'><strong>subjecti</strong></span> <span class='ocrx_word' id='word_1_470' title='bbox 1042 4391 1381 4466; x_wconf 89' lang='lat' dir='ltr'><strong>individui,</strong></span> <span class='ocrx_word' id='word_1_471' title='bbox 1406 4390 1677 4454; x_wconf 89' lang='lat' dir='ltr'><strong>naturali</strong></span> <span class='ocrx_word' id='word_1_472' title='bbox 1712 4391 1932 4454; x_wconf 90' lang='lat' dir='ltr'><strong>ordine</strong></span> 
     </span>
     <span class='ocr_line' id='line_1_75' title="bbox 432 4490 1935 4572; baseline -0.001 -20"><span class='ocrx_word' id='word_1_473' title='bbox 432 4491 725 4572; x_wconf 89' lang='lat' dir='ltr'><strong>sequitur</strong></span> <span class='ocrx_word' id='word_1_474' title='bbox 775 4490 953 4552; x_wconf 89' lang='lat' dir='ltr'><strong>illud.</strong></span> <span class='ocrx_word' id='word_1_475' title='bbox 998 4491 1258 4564; x_wconf 83' lang='lat' dir='ltr'><strong>RursuS,</strong></span> <span class='ocrx_word' id='word_1_476' title='bbox 1303 4490 1357 4552; x_wconf 90' lang='lat' dir='ltr'><strong>si</strong></span> <span class='ocrx_word' id='word_1_477' title='bbox 1400 4490 1719 4572; x_wconf 86' lang='lat' dir='ltr'><strong>quantitas</strong></span> <span class='ocrx_word' id='word_1_478' title='bbox 1768 4498 1935 4552; x_wconf 89' lang='lat' dir='ltr'><strong>esset</strong></span> 
     </span>
     <span class='ocr_line' id='line_1_76' title="bbox 435 4589 1929 4669; baseline -0.001 -16"><span class='ocrx_word' id='word_1_479' title='bbox 435 4592 515 4653; x_wconf 89' lang='lat' dir='ltr'><strong>de</strong></span> <span class='ocrx_word' id='word_1_480' title='bbox 544 4590 789 4652; x_wconf 87' lang='lat' dir='ltr'><strong>ratione</strong></span> <span class='ocrx_word' id='word_1_481' title='bbox 820 4589 1133 4651; x_wconf 91' lang='lat' dir='ltr'><strong>individui</strong></span> <span class='ocrx_word' id='word_1_482' title='bbox 1175 4589 1240 4650; x_wconf 92' lang='lat' dir='ltr'><strong>in</strong></span> <span class='ocrx_word' id='word_1_483' title='bbox 1278 4608 1510 4669; x_wconf 85' lang='lat' dir='ltr'><strong>genere</strong></span> <span class='ocrx_word' id='word_1_484' title='bbox 1539 4589 1929 4663; x_wconf 85' lang='lat' dir='ltr'><strong>substantiae,</strong></span> 
     </span>
     <span class='ocr_line' id='line_1_77' title="bbox 436 4686 1929 4768; baseline -0.001 -18"><span class='ocrx_word' id='word_1_485' title='bbox 436 4688 842 4750; x_wconf 91' lang='lat' dir='ltr'><strong>individuum</strong></span> <span class='ocrx_word' id='word_1_486' title='bbox 901 4686 1060 4747; x_wconf 90' lang='lat' dir='ltr'><strong>illud</strong></span> <span class='ocrx_word' id='word_1_487' title='bbox 1117 4704 1246 4748; x_wconf 90' lang='lat' dir='ltr'><strong>non</strong></span> <span class='ocrx_word' id='word_1_488' title='bbox 1294 4695 1460 4748; x_wconf 89' lang='lat' dir='ltr'><strong>esset</strong></span> <span class='ocrx_word' id='word_1_489' title='bbox 1510 4705 1621 4748; x_wconf 90' lang='lat' dir='ltr'><strong>ens</strong></span> <span class='ocrx_word' id='word_1_490' title='bbox 1680 4706 1794 4768; x_wconf 92' lang='lat' dir='ltr'><strong>per</strong></span> <span class='ocrx_word' id='word_1_491' title='bbox 1841 4706 1929 4760; x_wconf 90' lang='lat' dir='ltr'><strong>se,</strong></span> 
     </span>
     <span class='ocr_line' id='line_1_78' title="bbox 438 4783 1935 4869; baseline -0.001 -21"><span class='ocrx_word' id='word_1_492' title='bbox 438 4803 643 4869; x_wconf 90' lang='lat' dir='ltr'><strong>neque</strong></span> <span class='ocrx_word' id='word_1_493' title='bbox 693 4804 809 4846; x_wconf 91' lang='lat' dir='ltr'><strong>ens</strong></span> <span class='ocrx_word' id='word_1_494' title='bbox 869 4803 1090 4856; x_wconf 88' lang='lat' dir='ltr'><strong>unum,</strong></span> <span class='ocrx_word' id='word_1_495' title='bbox 1144 4802 1259 4846; x_wconf 89' lang='lat' dir='ltr'><strong>nec</strong></span> <span class='ocrx_word' id='word_1_496' title='bbox 1320 4783 1386 4845; x_wconf 90' lang='lat' dir='ltr'><strong>in</strong></span> <span class='ocrx_word' id='word_1_497' title='bbox 1446 4784 1935 4864; x_wconf 60' lang='lat' dir='ltr'><strong>praedicamento</strong></span> 
     </span>
     <span class='ocr_line' id='line_1_79' title="bbox 436 4882 1935 4964; baseline -0.001 -19"><span class='ocrx_word' id='word_1_498' title='bbox 436 4883 809 4946; x_wconf 83' lang='lat' dir='ltr'><strong>substautiae</strong></span> <span class='ocrx_word' id='word_1_499' title='bbox 843 4901 857 4945; x_wconf 72' lang='grc' dir='ltr'>ε</span> <span class='ocrx_word' id='word_1_500' title='bbox 892 4882 1041 4964; x_wconf 90' lang='lat' dir='ltr'><strong>quia</strong></span> <span class='ocrx_word' id='word_1_501' title='bbox 1086 4882 1152 4944; x_wconf 88' lang='lat' dir='ltr'><strong>in</strong></span> <span class='ocrx_word' id='word_1_502' title='bbox 1196 4900 1311 4944; x_wconf 92' lang='lat' dir='ltr'><strong>suo</strong></span> <span class='ocrx_word' id='word_1_503' title='bbox 1358 4882 1681 4943; x_wconf 88' lang='lat' dir='ltr'><strong>intellectu</strong></span> <span class='ocrx_word' id='word_1_504' title='bbox 1735 4883 1935 4944; x_wconf 89' lang='lat' dir='ltr'><strong>inclu-</strong></span> 
     </span>
    </p>
   </div>
   <div class='ocr_carea' id='block_1_14' title="bbox 118 4980 1937 5063">
    <p class='ocr_par' dir='ltr' id='par_1_14' title="bbox 118 4980 1937 5063">
     <span class='ocr_line' id='line_1_80' title="bbox 118 4980 1937 5063; baseline -0.001 -18"><span class='ocrx_word' id='word_1_505' title='bbox 118 5002 345 5056; x_wconf 54' lang='lat' dir='ltr'><strong>(rfipaoe</strong></span> <span class='ocrx_word' id='word_1_506' title='bbox 360 4999 411 5044; x_wconf 85' lang='lat' dir='ltr'><strong>n.</strong></span> <span class='ocrx_word' id='word_1_507' title='bbox 437 4983 613 5044; x_wconf 89' lang='lat' dir='ltr'><strong>deret</strong></span> <span class='ocrx_word' id='word_1_508' title='bbox 650 4980 968 5043; x_wconf 89' lang='lat' dir='ltr'><strong>accidens.</strong></span> <span class='ocrx_word' id='word_1_509' title='bbox 1003 4980 1175 5042; x_wconf 89' lang='lat' dir='ltr'><strong>Istud</strong></span> <span class='ocrx_word' id='word_1_510' title='bbox 1217 4999 1470 5063; x_wconf 87' lang='lat' dir='ltr'><strong>quoque</strong></span> <span class='ocrx_word' id='word_1_511' title='bbox 1512 4981 1805 5062; x_wconf 90' lang='lat' dir='ltr'><strong>superius</strong></span> <span class='ocrx_word' id='word_1_512' title='bbox 1843 5001 1937 5044; x_wconf 89' lang='lat' dir='ltr'><strong>sa-</strong></span> 
     </span>
    </p>
   </div>
   <div class='ocr_carea' id='block_1_15' title="bbox 441 5077 1938 5258">
    <p class='ocr_par' dir='ltr' id='par_1_15' title="bbox 441 5077 1938 5258">
     <span class='ocr_line' id='line_1_81' title="bbox 441 5077 1154 5158; baseline -0.004 -17"><span class='ocrx_word' id='word_1_513' title='bbox 441 5079 520 5142; x_wconf 91' lang='lat' dir='ltr'><strong>tis</strong></span> <span class='ocrx_word' id='word_1_514' title='bbox 560 5087 657 5141; x_wconf 90' lang='lat' dir='ltr'><strong>est</strong></span> <span class='ocrx_word' id='word_1_515' title='bbox 702 5077 1154 5158; x_wconf 91' lang='lat' dir='ltr'><strong>improbatum.</strong></span> 
     </span>
     <span class='ocr_line' id='line_1_82' title="bbox 518 5175 1938 5258; baseline 0.001 -20"><span class='ocrx_word' id='word_1_516' title='bbox 518 5177 679 5239; x_wconf 91' lang='lat' dir='ltr'><strong>Hinc</strong></span> <span class='ocrx_word' id='word_1_517' title='bbox 728 5175 907 5237; x_wconf 88' lang='lat' dir='ltr'><strong>addit</strong></span> <span class='ocrx_word' id='word_1_518' title='bbox 949 5175 1281 5237; x_wconf 91' lang='lat' dir='ltr'><strong>Durandus</strong></span> <span class='ocrx_word' id='word_1_519' title='bbox 1317 5194 1330 5238; x_wconf 93' lang='lat'><strong>:</strong></span> <span class='ocrx_word' id='word_1_520' title='bbox 1372 5176 1724 5238; x_wconf 90' lang='lat' dir='ltr'><strong>Dicendum</strong></span> <span class='ocrx_word' id='word_1_521' title='bbox 1770 5195 1938 5258; x_wconf 88' lang='lat' dir='ltr'><strong>ergo,</strong></span> 
     </span>
    </p>
   </div>
   <div class='ocr_carea' id='block_1_16' title="bbox 438 5272 1945 5357">
    <p class='ocr_par' dir='ltr' id='par_1_16' title="bbox 438 5272 1945 5357">
     <span class='ocr_line' id='line_1_83' title="bbox 438 5272 1945 5357; baseline 0.001 -21"><span class='ocrx_word' id='word_1_522' title='bbox 438 5275 604 5357; x_wconf 87' lang='lat' dir='ltr'><strong>quod</strong></span> <span class='ocrx_word' id='word_1_523' title='bbox 644 5272 812 5336; x_wconf 89' lang='lat' dir='ltr'><strong>nihil</strong></span> <span class='ocrx_word' id='word_1_524' title='bbox 850 5280 946 5334; x_wconf 89' lang='lat' dir='ltr'><strong>est</strong></span> <span class='ocrx_word' id='word_1_525' title='bbox 990 5272 1381 5355; x_wconf 90' lang='lat' dir='ltr'><strong>principium</strong></span> <span class='ocrx_word' id='word_1_526' title='bbox 1422 5273 1945 5338; x_wconf 82' lang='lat' dir='ltr'><strong>individuationis</strong></span> 
     </span>
    </p>
   </div>
   <div class='ocr_carea' id='block_1_17' title="bbox 2044 4291 3548 5358">
    <p class='ocr_par' dir='ltr' id='par_1_17' title="bbox 2044 4291 3548 5358">
     <span class='ocr_line' id='line_1_84' title="bbox 2044 4291 3540 4374; baseline -0.001 -18"><span class='ocrx_word' id='word_1_527' title='bbox 2044 4293 2260 4356; x_wconf 88' lang='lat' dir='ltr'><strong>duatio</strong></span> <span class='ocrx_word' id='word_1_528' title='bbox 2309 4312 2423 4354; x_wconf 90' lang='lat' dir='ltr'><strong>sua</strong></span> <span class='ocrx_word' id='word_1_529' title='bbox 2472 4291 2616 4374; x_wconf 91' lang='lat' dir='ltr'><strong>plus</strong></span> <span class='ocrx_word' id='word_1_530' title='bbox 2663 4293 2978 4374; x_wconf 88' lang='lat' dir='ltr'><strong>dependet</strong></span> <span class='ocrx_word' id='word_1_531' title='bbox 3015 4311 3052 4353; x_wconf 89' lang='lat' dir='ltr'><strong>a</strong></span> <span class='ocrx_word' id='word_1_532' title='bbox 3096 4291 3301 4354; x_wconf 86' lang='lat' dir='ltr'><strong>forma</strong></span> <span class='ocrx_word' id='word_1_533' title='bbox 3347 4312 3540 4374; x_wconf 91' lang='lat' dir='ltr'><strong>quam</strong></span> 
     </span>
     <span class='ocr_line' id='line_1_85' title="bbox 2046 4391 3543 4472; baseline 0 -18"><span class='ocrx_word' id='word_1_534' title='bbox 2046 4399 2303 4454; x_wconf 89' lang='lat' dir='ltr'><strong>econtra</strong></span> <span class='ocrx_word' id='word_1_535' title='bbox 2355 4408 2368 4452; x_wconf 92' lang='lat'>:</span> <span class='ocrx_word' id='word_1_536' title='bbox 2421 4391 2625 4453; x_wconf 88' lang='lat' dir='ltr'><strong>forma</strong></span> <span class='ocrx_word' id='word_1_537' title='bbox 2674 4391 2912 4472; x_wconf 90' lang='lat' dir='ltr'><strong>quippe</strong></span> <span class='ocrx_word' id='word_1_538' title='bbox 2960 4399 3056 4452; x_wconf 92' lang='lat' dir='ltr'><strong>est</strong></span> <span class='ocrx_word' id='word_1_539' title='bbox 3104 4392 3304 4472; x_wconf 89' lang='lat' dir='ltr'><strong>magis</strong></span> <span class='ocrx_word' id='word_1_540' title='bbox 3353 4411 3543 4454; x_wconf 87' lang='lat' dir='ltr'><strong>causa</strong></span> 
     </span>
     <span class='ocr_line' id='line_1_86' title="bbox 2045 4489 3540 4570; baseline 0.001 -18"><span class='ocrx_word' id='word_1_541' title='bbox 2045 4491 2295 4553; x_wconf 88' lang='lat' dir='ltr'><strong>essendi</strong></span> <span class='ocrx_word' id='word_1_542' title='bbox 2347 4490 2624 4551; x_wconf 72' lang='lat' dir='ltr'><strong>materia&gt;</strong></span> <span class='ocrx_word' id='word_1_543' title='bbox 2673 4508 2862 4570; x_wconf 88' lang='lat' dir='ltr'><strong>quam</strong></span> <span class='ocrx_word' id='word_1_544' title='bbox 2913 4489 3053 4551; x_wconf 91' lang='lat' dir='ltr'><strong>vice</strong></span> <span class='ocrx_word' id='word_1_545' title='bbox 3100 4509 3302 4552; x_wconf 86' lang='lat' dir='ltr'><strong>versa.</strong></span> <span class='ocrx_word' id='word_1_546' title='bbox 3353 4491 3540 4554; x_wconf 90' lang='lat' dir='ltr'><strong>Porro</strong></span> 
     </span>
     <span class='ocr_line' id='line_1_87' title="bbox 2045 4586 3541 4668; baseline 0 -17"><span class='ocrx_word' id='word_1_547' title='bbox 2045 4587 2416 4651; x_wconf 85' lang='lat' dir='ltr'><strong>substantiae</strong></span> <span class='ocrx_word' id='word_1_548' title='bbox 2461 4595 2764 4668; x_wconf 81' lang='lat' dir='ltr'><strong>separatae</strong></span> <span class='ocrx_word' id='word_1_549' title='bbox 2813 4586 2989 4649; x_wconf 90' lang='lat' dir='ltr'><strong>nullo</strong></span> <span class='ocrx_word' id='word_1_550' title='bbox 3030 4588 3156 4650; x_wconf 91' lang='lat' dir='ltr'><strong>alio</strong></span> <span class='ocrx_word' id='word_1_551' title='bbox 3200 4589 3541 4652; x_wconf 89' lang='lat' dir='ltr'><strong>intrinsece</strong></span> 
     </span>
     <span class='ocr_line' id='line_1_88' title="bbox 2047 4684 3539 4767; baseline 0 -19"><span class='ocrx_word' id='word_1_552' title='bbox 2047 4685 2549 4758; x_wconf 58' lang='lat' dir='ltr'><strong>individuantun</strong></span> <span class='ocrx_word' id='word_1_553' title='bbox 2611 4685 2734 4746; x_wconf 90' lang='lat' dir='ltr'><strong>nisi</strong></span> <span class='ocrx_word' id='word_1_554' title='bbox 2797 4703 2864 4746; x_wconf 91' lang='lat' dir='ltr'><strong>se</strong></span> <span class='ocrx_word' id='word_1_555' title='bbox 2928 4684 3104 4765; x_wconf 87' lang='lat' dir='ltr'><strong>ipsis.</strong></span> <span class='ocrx_word' id='word_1_556' title='bbox 3163 4720 3245 4730; x_wconf 89' lang='lat'><strong>—</strong></span> <span class='ocrx_word' id='word_1_557' title='bbox 3301 4687 3539 4767; x_wconf 92' lang='lat' dir='ltr'><strong>Itaque,</strong></span> 
     </span>
     <span class='ocr_line' id='line_1_89' title="bbox 2047 4782 3542 4866; baseline 0.001 -21"><span class='ocrx_word' id='word_1_558' title='bbox 2047 4784 2340 4866; x_wconf 91' lang='lat' dir='ltr'><strong>quamvis</strong></span> <span class='ocrx_word' id='word_1_559' title='bbox 2397 4785 2523 4845; x_wconf 92' lang='lat' dir='ltr'><strong>duo</strong></span> <span class='ocrx_word' id='word_1_560' title='bbox 2574 4782 2901 4845; x_wconf 91' lang='lat' dir='ltr'><strong>individua</strong></span> <span class='ocrx_word' id='word_1_561' title='bbox 2959 4783 3196 4862; x_wconf 91' lang='lat' dir='ltr'><strong>speciei</strong></span> <span class='ocrx_word' id='word_1_562' title='bbox 3253 4783 3542 4863; x_wconf 90' lang='lat' dir='ltr'><strong>ejusdem</strong></span> 
     </span>
     <span class='ocr_line' id='line_1_90' title="bbox 2048 4880 3545 4945; baseline 0.001 -1"><span class='ocrx_word' id='word_1_563' title='bbox 2048 4882 2430 4944; x_wconf 88' lang='lat' dir='ltr'><strong>conveniant</strong></span> <span class='ocrx_word' id='word_1_564' title='bbox 2479 4881 2544 4943; x_wconf 89' lang='lat' dir='ltr'><strong>in</strong></span> <span class='ocrx_word' id='word_1_565' title='bbox 2594 4888 2817 4942; x_wconf 90' lang='lat' dir='ltr'><strong>natura</strong></span> <span class='ocrx_word' id='word_1_566' title='bbox 2871 4880 3182 4942; x_wconf 89' lang='lat' dir='ltr'><strong>abstracte</strong></span> <span class='ocrx_word' id='word_1_567' title='bbox 3231 4881 3545 4945; x_wconf 89' lang='lat' dir='ltr'><strong>absolute-</strong></span> 
     </span>
     <span class='ocr_line' id='line_1_91' title="bbox 2048 4977 3545 5062; baseline 0 -20"><span class='ocrx_word' id='word_1_568' title='bbox 2048 4999 2172 5062; x_wconf 92' lang='lat' dir='ltr'><strong>que</strong></span> <span class='ocrx_word' id='word_1_569' title='bbox 2205 4987 2462 5062; x_wconf 88' lang='lat' dir='ltr'><strong>sumpta</strong></span> <span class='ocrx_word' id='word_1_570' title='bbox 2491 4979 2842 5040; x_wconf 88' lang='lat' dir='ltr'><strong>secundum</strong></span> <span class='ocrx_word' id='word_1_571' title='bbox 2876 4977 3208 5052; x_wconf 91' lang='lat' dir='ltr'><strong>rationem,</strong></span> <span class='ocrx_word' id='word_1_572' title='bbox 3237 4979 3545 5042; x_wconf 84' lang='lat' dir='ltr'><strong>differunt</strong></span> 
     </span>
     <span class='ocr_line' id='line_1_92' title="bbox 2048 5076 3548 5140; baseline 0 0"><span class='ocrx_word' id='word_1_573' title='bbox 2048 5086 2263 5140; x_wconf 90' lang='lat' dir='ltr'><strong>tamen</strong></span> <span class='ocrx_word' id='word_1_574' title='bbox 2314 5078 2380 5140; x_wconf 91' lang='lat' dir='ltr'><strong>in</strong></span> <span class='ocrx_word' id='word_1_575' title='bbox 2427 5096 2503 5139; x_wconf 91' lang='lat' dir='ltr'><strong>ea</strong></span> <span class='ocrx_word' id='word_1_576' title='bbox 2551 5077 2902 5138; x_wconf 89' lang='lat' dir='ltr'><strong>secundum</strong></span> <span class='ocrx_word' id='word_1_577' title='bbox 2964 5076 3198 5138; x_wconf 90' lang='lat' dir='ltr'><strong>realem</strong></span> <span class='ocrx_word' id='word_1_578' title='bbox 3247 5078 3548 5140; x_wconf 83' lang='lat' dir='ltr'><strong>exsisten-</strong></span> 
     </span>
     <span class='ocr_line' id='line_1_93' title="bbox 2050 5172 3547 5257; baseline 0 -20"><span class='ocrx_word' id='word_1_579' title='bbox 2050 5177 2204 5238; x_wconf 85' lang='lat' dir='ltr'><strong>tiam</strong></span> <span class='ocrx_word' id='word_1_580' title='bbox 2248 5183 2521 5257; x_wconf 88' lang='lat' dir='ltr'><strong>sumpta.</strong></span> <span class='ocrx_word' id='word_1_581' title='bbox 2566 5173 2872 5236; x_wconf 92' lang='lat' dir='ltr'><strong>Similiter</strong></span> <span class='ocrx_word' id='word_1_582' title='bbox 2915 5172 3224 5236; x_wconf 84' lang='lat' dir='ltr'><strong>differunt</strong></span> <span class='ocrx_word' id='word_1_583' title='bbox 3265 5175 3330 5237; x_wconf 90' lang='lat' dir='ltr'><strong>iu</strong></span> <span class='ocrx_word' id='word_1_584' title='bbox 3378 5176 3547 5257; x_wconf 88' lang='lat' dir='ltr'><strong>prin-</strong></span> 
     </span>
     <span class='ocr_line' id='line_1_94' title="bbox 2055 5271 3544 5358; baseline 0 -22"><span class='ocrx_word' id='word_1_585' title='bbox 2055 5275 2242 5358; x_wconf 89' lang='lat' dir='ltr'><strong>cipiis</strong></span> <span class='ocrx_word' id='word_1_586' title='bbox 2289 5294 2399 5336; x_wconf 92' lang='lat' dir='ltr'><strong>seu</strong></span> <span class='ocrx_word' id='word_1_587' title='bbox 2444 5272 2734 5355; x_wconf 91' lang='lat' dir='ltr'><strong>partibus</strong></span> <span class='ocrx_word' id='word_1_588' title='bbox 2776 5271 2909 5334; x_wconf 90' lang='lat' dir='ltr'><strong>suis</strong></span> <span class='ocrx_word' id='word_1_589' title='bbox 2953 5272 3398 5336; x_wconf 88' lang='lat' dir='ltr'><strong>essentialibus</strong></span> <span class='ocrx_word' id='word_1_590' title='bbox 3442 5294 3544 5336; x_wconf 81' lang='lat' dir='ltr'><strong>ex-</strong></span> 
     </span>
    </p>
   </div>
  </div>
 </body>
</html>
