4334 6242
864 506 951 552 AN
989 503 1214 552 ANGELI
1256 504 1473 550 GREATI
1516 503 1590 549 m·
1632 501 1955 550 COLLOCATI
1996 502 2273 549 romum·
2315 502 2378 548 IN
2420 501 2600 550 cOELo
2641 503 2922 549 EMPYnEo
3333 457 3448 548 1Ὶὲ

350 685 577 740 certam
616 683 681 739 et
720 661 1055 738 limitatam
1099 675 1519 758 quantitatem
1558 673 1836 746 virtutiS‚
1868 673 1921 736 A
1948 673 2084 736 haec
2130 673 2429 755 loquitur.
2463 674 2913 736 Verumtamen
2959 673 3128 755 quod
3169 673 3236 735 in
3279 673 3450 754 prin-

349 775 398 838 si
429 793 701 857 praesens
730 783 829 838 est
858 775 1019 850 loce,
1046 775 1125 836 de
1158 774 1531 836 necessitate
1562 791 1840 855 praesens

348 882 439 936 est
480 881 651 936 tanto
693 873 854 948 1060,
890 873 1430 956 quemadmodum
1476 891 1705 953 corpus
1750 889 1841 932 re-

350 972 539 1055 quirit
570 973 783 1036 locum
822 972 945 1034 sibi
978 972 1309 1054 aequalem,
1344 971 1558 1034 anima
1585 988 1839 1052 quoque

348 1072 663 1134 rationalis
703 1071 1063 1134 necessario
1100 1077 1197 1133 est
1231 1070 1298 1132 in
1330 1070 1523 1132 totius
1563 1069 1661 1131 sui
1705 1087 1839 1130 601-

348 1171 511 1252 poris
557 1172 868 1245 1060,1166
914 1171 979 1233 111
1024 1169 1164 1250 ejus
1205 1177 1303 1232 est
1346 1175 1654 1251 potestate
1701 1186 1840 1230 esse

347 1270 407 1330 in
456 1269 594 1332 loco
644 1269 873 1349 maiori
921 1277 1031 1331 aut
1074 1269 1304 1331 minori
1350 1285 1363 1330 ε
1408 1267 1577 1329 istud
1628 1267 1839 1347 itaque

346 1367 419 1428 de
459 1368 684 1449 angelo
731 1367 1003 1429 dubium
1044 1375 1163 1440 est,
1197 1385 1313 1428 nec
1361 1384 1486 1428 una
1532 1384 1677 1447 pars
1722 1383 1839 1426 nec

344 1465 535 1527 altera
589 1466 845 1528 videtur
904 1465 1259 1528 necessario
1316 1482 1501 1546 posse
1560 1462 1833 1545 probari.

344 1563 513 1636 Quod
556 1564 731 1626 enim
776 1564 1233 1628 inconveniens
1274 1570 1391 1638 est,
1426 1562 1478 1624 si
1518 1561 1839 1643 quantitas

342 1681 467 1724 suae
504 1661 761 1723 virtutis
806 1680 921 1744 per
959 1680 1150 1743 quam
1195 1680 1474 1744 praesens
1513 1666 1609 1722 est
1646 1659 1836 1721 alicui

344 1759 499 1834 loco,
552 1761 635 1822 sit
682 1760 989 1822 naturalis
1038 1761 1196 1823 ratio
1242 1759 1495 1822 essendi
1545 1758 1611 1820 in
1660 1765 1835 1820 tanto

1950 773 2121 854 cipio
2159 772 2352 835 refert
2390 773 2468 835 de
2505 773 2819 855 positione
2864 772 3221 852 cujusdam,
3254 789 3449 853 quem

1950 870 2073 932 sibi
2114 871 2238 952 ipsi
2268 871 2424 933 dicit
2455 891 2594 934 esse
2633 872 3043 945 contrarium,
3075 871 3330 933 videtur
3356 870 3450 932 di·

1950 977 2125 1030 ctum
2154 970 2233 1031 de
2263 970 2518 1032 Thema.
2555 969 2861 1043 Quocirca
2890 969 3244 1045 sciendum,
3279 969 3450 1050 quod

1951 1067 2165 1149 inepte
2211 1067 2434 1130 recitat
2476 1068 2672 1130 verba
2718 1068 2917 1129 sancti
2961 1067 3267 1130 Doctoris.
3311 1067 3448 1130 Non

1950 1165 2123 1228 enim
2174 1173 2430 1228 sanctus
2473 1167 2702 1229 Doc'tor
2744 1165 2970 1247 probat
3011 1166 3448 1227 exsistentiam

1950 1263 2060 1325 Dei
2094 1265 2159 1326 in
2193 1265 2493 1326 omnibus
2535 1283 2648 1346 per
2677 1264 2797 1325 hoc
2829 1265 2998 1345 quod
3026 1263 3446 1346 Philosophus

1949 1362 2222 1444 septimo
2279 1363 2690 1445 Physicorum
2748 1361 3030 1424 affirmat
3087 1362 3256 1444 quod
3315 1379 3445 1424 mo-

1948 1478 2103 1522 vens
2143 1468 2205 1522 et
2248 1467 2490 1523 motum
2529 1468 2680 1522 sunt
2717 1461 2932 1534 simul,
2966 1461 3076 1524 sed
3114 1461 3448 1522 auctorita—

1950 1565 2078 1620 tem
2132 1558 2309 1620 illam
2365 1578 2481 1641 per
2531 1559 2792 1622 modum
2839 1558 3283 1621 declarationis
3339 1559 3444 1620 ad-

1948 1662 2120 1738 aptat
2163 1658 2242 1718 ad
2285 1658 2747 1720 ostendendum
2798 1658 2965 1738 quod
3017 1674 3206 1719 omne
3252 1675 3445 1738 agens

1947 1762 2196 1836 oportet
2245 1755 2547 1836 conjungi
2607 1755 2666 1817 ei
2726 1755 2793 1816 in
2850 1755 3016 1836 quod
3078 1755 3445 1817 immediate

345 1859 475 1920 loco
518 1876 635 1921 suo
680 1859 889 1934 mode,
933 1859 1469 1940 quemadmodum
1516 1856 1832 1940 quantitas
1870 1855 1918 1917 B
1946 1854 2091 1935 agit,
2137 1862 2201 1916 et
2249 1873 2362 1916 sua
2411 1853 2643 1916 virtute
2694 1853 2852 1915 illud
2902 1853 3286 1934 contingere.
3341 1853 3444 1916 Sic

345 1957 620 2038 corporis
654 1965 749 2019 est
780 1957 1085 2020 naturalis
1126 1956 1285 2019 ratio
1314 1956 1565 2019 essendi
1608 1955 1673 2017 in
1703 1964 1835 2018 tan-

344 2063 405 2117 to
446 2056 584 2118 loco
632 2056 821 2119 modo
868 2059 1027 2118 31102
1064 2055 1175 2117 Vel
1225 2055 1278 2117 si
1328 2061 1620 2136 ponatur,
1664 2054 1834 2136 quod

346 2155 657 2238 quantitas
704 2154 961 2216 virtutis
1012 2154 1297 2236 ipsorum
1344 2152 1572 2214 habeat
1621 2151 1832 2214 locum

344 2253 737 2334 adaequatum
782 2270 910 2335 quo
958 2251 1259 2332 maj0rem
1307 2268 1435 2313 non
1485 2249 1685 2332 possit
1726 2250 1833 2311 ha-

346 2349 509 2424 bere,
548 2370 749 2434 quum
794 2359 1005 2412 tamen
1049 2351 1187 2433 ipsa
1228 2349 1434 2411 subsit
1476 2348 1683 2429 angeli
1726 2365 1833 2410 vo-

345 2448 583 2521 luntati,
620 2456 691 2510 ut
723 2448 923 2530 possit
950 2465 1075 2510 non
1106 2465 1359 2529 semper
1390 2446 1623 2509 habere
1660 2445 1832 2507 hunc

344 2546 568 2620 locum,
620 2547 733 2609 sed
792 2545 1099 2626 majorem
1153 2544 1256 2608 vel
1310 2545 1649 2618 minorem,
1704 2562 1831 2606 non

340 2646 620 2726 sequitur
660 2644 1133 2708 inconveniens.
1168 2679 1249 2690 -
1276 2643 1354 2705 Ε1
1392 2642 1685 2726 quamvis
1722 2661 1831 2704 an-

337 2743 508 2823 gelus
558 2751 769 2826 potest
811 2763 949 2806 esse
991 2743 1127 2806 sine
1173 2743 1310 2805 1060
1353 2759 1655 2824 corporeo
1699 2760 1832 2804 cor-

342 2843 665 2924 poralique
705 2849 1015 2916 creatura,
1045 2849 1325 2903 attamen
1367 2841 1431 2903 in
1473 2840 1698 2922 angelo
1740 2846 1836 2903 est

344 2939 587 3019 passiva
628 2940 931 3022 potentia,
965 2958 1093 3021 qua
1132 2947 1347 3021 posset
1384 2959 1521 3002 esse
1564 2940 1630 3001 in
1673 2939 1829 3001 1060.

1946 1953 2245 2034 equidem
2275 1951 2484 2033 arguit
2513 1951 2718 2034 prima
2749 1959 2923 2032 parte
2955 1951 3254 2026 Summae,
3279 1971 3444 2034 quae-

1946 2053 2149 2114 stione
2199 2059 2418 2114 octava
2462 2070 2474 2114 :
2519 2050 2777 2133 Oportet
2823 2069 3013 2113 omne
3061 2069 3252 2131 agens
3295 2069 3440 2112 con-

1944 2149 2126 2230 jungi
2176 2151 2234 2211 ei
2287 2151 2351 2211 in
2401 2149 2570 2231 quod
2618 2149 2748 2228 agit-
2787 2149 3175 2222 immediate,
3217 2156 3281 2211 et
3329 2167 3444 2210 sua

1945 2247 2182 2309 virtute
2209 2247 2576 2328 contingere
2603 2247 2779 2308 illud.
2796 2247 2970 2310 Unde
2996 2247 3268 2329 septimo
3290 2247 3446 2329 Phy-

1946 2346 2226 2408 sicorum
2260 2345 2585 2427 probatur,
2616 2345 2785 2426 quod
2817 2362 3078 2407 movens
3109 2352 3171 2406 et
3199 2353 3444 2408 motum

1948 2451 2196 2526 oportet
2227 2463 2365 2506 6336
2405 2443 2618 2506 31111111.
2660 2443 2867 2516 Quum
2905 2450 3118 2506 autem
3159 2444 3324 2505 Deus
3364 2444 3449 2506 sit

1949 2543 2163 2624 ipsum
2213 2561 2351 2605 esse
2404 2561 2517 2624 per
2563 2560 2744 2604 suam
2796 2542 3158 2617 essentiam,
3200 2549 3450 2623 oportet

1948 2641 2118 2723 quod
2158 2659 2297 2704 esse
2339 2649 2622 2704 creatum
2665 2642 2748 2703 sit
2781 2640 3077 2723 proprius
3116 2640 3256 2721 ejus
3295 2640 3448 2703 effe-

1949 2746 2087 2802 ctus
2114 2747 2215 2802 :et
2247 2739 2334 2801 ita
2364 2739 2428 2800 in
2457 2739 2756 2801 omnibus
2787 2747 2904 2812 est,
2923 2747 3224 2821 tanquam
3258 2758 3448 2802 causa

1947 2838 2088 2919 ejus
2135 2839 2304 2920 quod
2350 2845 2446 2900 est
2491 2838 2788 2900 intimum
2842 2838 3052 2900 rebuS.
3097 2839 3240 2902 Haec
3287 2838 3447 2901 ratio

1947 2937 2180 2998 efficax
2220 2944 2337 3010 est,
2371 2956 2490 2999 nec
2531 2944 2627 2998 est
2666 2937 2729 2998 111
2770 2955 2844 2999 ea
2886 2936 3157 3011 fallacia,
3191 2955 3449 3020 praeser-

343 3037 483 3109 Quae
528 3039 814 3119 potentia
849 3038 952 3100 vel
999 3037 1303 3100 fundatur
1352 3038 1717 3100 immediate
1767 3037 1833 3098 in
1874 3037 1917 3101 C
1948 3037 2063 3098 tim
2106 3056 2307 3118 quum
2349 3037 2514 3099 Deus
2556 3036 2638 3099 sit
2676 3054 2790 3098 sua
2819 3035 3024 3098 virtus
3059 3055 3073 3099 ε
3108 3037 3278 3118 quod
3318 3053 3445 3098 11011

343 3134 474 3214 ejus
504 3135 860 3198 substantia
888 3155 1014 3218 qua
1041 3144 1256 3217 posset
1282 3155 1420 3198 esse
1452 3137 1517 3198 in
1548 3134 1707 3209 1060,
1731 3135 1832 3197 vel

347 3232 407 3293 in
454 3233 593 3315 ipsa
642 3243 712 3296 ut
758 3242 856 3296 est
905 3234 1173 3297 limitata
1220 3241 1443 3299 natura
1488 3241 1631 3296 actu
1674 3233 1835 3295 exsi-

346 3337 533 3405 stens,
566 3332 667 3394 vel
710 3332 777 3394 in
816 3332 1031 3415 aliquo
1070 3332 1240 3413 quod
1283 3332 1366 3394 sit
1404 3332 1833 3394 extrinsecum

344 3431 582 3510 angelo,
614 3430 931 3513 quidquid
971 3431 1051 3492 sit
1095 3430 1270 3492 illud.
1306 3430 1452 3492 Ideo
1490 3448 1615 3492 non
1652 3448 1834 3512 opor-

346 3535 427 3590 tet
455 3547 741 3612 quaerere
770 3527 1049 3610 aliquam
1082 3528 1494 3592 intrinsecam
1526 3529 1835 3591 rationem

340 3628 585 3690 essendi
628 3627 929 3709 angelum
970 3627 1327 3690 necessario
1372 3627 1439 3688 in
1481 3627 1641 3701 1060,
1685 3629 1836 3711 quia

342 3727 399 3788 in
428 3744 503 3789 eo
536 3744 665 3789 non
695 3734 829 3806 est;
871 3727 980 3788 sed
1009 3733 1260 3788 tantum
1296 3735 1389 3789 est
1420 3727 1485 3788 in
1526 3727 1665 3808 ipso
1698 3745 1837 3808 pas-

342 3826 468 3888 siva
511 3832 815 3908 potestas,
847 3845 974 3906 qua
1015 3832 1225 3907 potest
1268 3843 1407 3888 esse
1457 3825 1521 3886 in
1567 3824 1726 3899 loco,
1760 3842 1835 3887 eo

343 3924 503 4004 quod
534 3923 660 3986 sibi
704 3940 830 3985 non
872 3930 1200 4005 repugnet.
1236 3958 1317 3968 —
1345 3924 1553 3985 Potest
1582 3940 1835 4006 quoque

344 4021 623 4094 concedi,
656 4020 828 4102 quod
870 4019 1249 4102 superficies
1298 4020 1508 4101 aliqua
1554 4021 1835 4102 corporis

345 4119 621 4182 continet
665 4119 965 4200 angelum
1019 4137 1033 4180 ε
1085 4137 1213 4181 11011
1264 4126 1475 4180 tamen
1525 4119 1833 4200 sequitur,

1950 3135 2248 3197 convenit
2286 3135 2531 3216 angelo,
2567 3135 2804 3197 idcirco
2843 3153 2961 3196 nec
3000 3134 3213 3197 simile
3243 3141 3338 3196 est
3367 3135 3446 3196 de

1950 3231 2106 3314 ipso.

2028 3332 2295 3413 Insuper
2332 3331 2560 3413 quaerit
2599 3330 2842 3406 ScotuS‚
2876 3338 3090 3393 utrum
3141 3351 3304 3393 unus
3343 3351 3450 3393 an-

1948 3431 2129 3512 gelus
2170 3431 2370 3512 possit
2409 3428 2600 3491 simul
2641 3449 2779 3492 esse
2819 3430 2885 3492 111
2929 3430 3222 3512 pluribus
3267 3430 3443 3498 10613.

1950 3529 2309 3610 Respondet
2343 3527 2666 3608 :Angelus
2710 3529 2786 3590 de
2830 3528 2998 3591 facto
3045 3547 3171 3592 non
3223 3537 3318 3591 est
3366 3529 3448 3592 si-

1952 3628 2086 3690 mul
2133 3627 2200 3689 in
2245 3626 2494 3690 duobus
2540 3634 2648 3688 aut
2692 3628 2985 3709 pluribus
3030 3627 3209 3704 10613,
3243 3636 3314 3690 111
3354 3647 3448 3690 as-

1950 3726 2103 3788 serit
2132 3726 2578 3789 Damascenus.
2614 3726 2702 3788 De
2736 3726 3159 3808 possibilitate
3191 3744 3446 3809 quoque

1950 3824 2318 3906 angelorum
2354 3823 2896 3897 naturali,videtur
2921 3824 3248 3906 probabile
3274 3826 3445 3907 quod

1950 3941 2077 3985 11011
2129 3930 2396 4005 possunt
2445 3921 2639 3984 simul
2690 3922 2755 3984 in
2804 3921 3050 3983 duobus
3099 3923 3444 3986 consistere

1951 4022 2106 4084 locis
2154 4039 2425 4104 quorum
2487 4028 2754 4102 uterque
2803 4019 2886 4082 sit
2932 4019 3024 4081 eis
3081 4021 3446 4102 adaequatus

1952 4120 2304 4182 secundum
2365 4129 2720 4182 extremum
2785 4137 2898 4181 seu
2959 4117 3257 4180 ultimum
3316 4139 3448 4183 suae

345 4219 505 4303 quod
554 4217 934 4300 superficies
984 4217 1093 4279 illa
1136 4217 1218 4280 sit
1259 4235 1451 4298 agens
1494 4235 1606 4279 seu
1651 4216 1841 4279 influ-
1868 4221 1916 4282 D
1951 4218 2268 4299 potentiae.
2304 4217 2424 4279 Sed
2472 4225 2684 4279 utrum
2730 4217 2794 4279 in
2837 4215 3085 4279 duobus
3129 4216 3284 4278 locis
3323 4217 3449 4280 dis-

344 4335 448 4379 ens
506 4325 617 4379 aut
666 4317 999 4380 continens
1054 4323 1349 4398 respectu
1407 4315 1636 4396 angeli,
1688 4334 1840 4396 quo-

346 4416 507 4478 niam
568 4415 962 4477 continentia
1018 4415 1140 4477 loci
1195 4422 1291 4475 est
1337 4413 1598 4476 alterius
1654 4415 1839 4476 ratio-

344 4515 434 4578 nis
462 4535 501 4576 a
530 4514 925 4577 continentia
962 4513 1185 4576 formae
1217 4531 1330 4574 seu
1371 4513 1627 4594 speciei.
1662 4513 1834 4577 Nihil

341 4613 504 4675 enim
540 4612 717 4675 aliud
757 4620 855 4674 est
884 4613 1004 4675 hoc
1046 4613 1111 4673 in
1151 4611 1376 4692 angelo
1414 4610 1539 4672 nisi
1580 4619 1835 4674 conten-

340 4719 466 4773 tum
496 4731 637 4774 esse
672 4711 839 4773 intra
868 4712 1029 4773 hanc
1062 4708 1472 4792 superficiem
1506 4710 1832 4772 continen-

338 4817 479 4885 tem,
513 4819 577 4873 et
609 4810 773 4872 nihil
813 4809 953 4891 ejus
992 4828 1129 4872 6336
1169 4816 1346 4870 extra
1387 4827 1529 4870 eam
1564 4825 1577 4869 :
1611 4816 1674 4869 et
1710 4809 1832 4872 hoc

338 4929 552 4974 verum
592 4916 691 4972 est
731 4909 797 4971 in
847 4926 1251 4991 quocumque
1297 4906 1629 4970 definitive
1672 4907 1833 4969 exsi-

336 5017 531 5072 stente
562 5010 631 5072 in
664 5007 1136 5089 loce,quoniam
1171 5006 1334 5069 nihil
1364 5006 1503 5087 ejus
1534 5014 1627 5067 est
1658 5013 1833 5068 extra

340 5107 539 5170 locum
585 5106 1026 5170 definientem.
1060 5140 1141 5150 —
1169 5105 1313 5168 Haec
1356 5105 1599 5166 ScotuS.

412 5209 591 5272 Circa
639 5205 829 5286 cujus
876 5204 1046 5266 dicta
1094 5223 1221 5268 non
1270 5210 1517 5285 oportet
1566 5202 1671 5264 bic
1720 5202 1835 5264 im-

344 5307 589 5383 morari,
633 5305 789 5387 quia
838 5320 965 5368 non
1012 5301 1315 5365 assertive
1359 5301 1468 5363 sed
1511 5301 1835 5383 opinative

1950 4314 2271 4377 continuis
2301 4314 2562 4396 angelus
2604 4316 2804 4397 possit
2832 4335 2992 4390 esse,
3025 4333 3300 4397 quorum
3332 4334 3449 4378 nec

1949 4434 2115 4475 unus
2182 4432 2299 4475 nec
2355 4413 2514 4474 alter
2574 4412 2698 4474 sibi
2764 4414 2848 4474 sit
2902 4415 3291 4497 adaequatus,
3353 4421 3450 4476 est

1947 4512 2240 4585 dubium,
2273 4531 2391 4573 nec
2430 4511 2684 4572 videtur
2722 4512 3075 4574 necessaria
3111 4513 3272 4575 ratio
3306 4530 3441 4595 pre,

1948 4629 2065 4672 nec
2116 4617 2350 4672 contra.
2391 4609 2580 4672 Porro
2628 4609 2798 4690 quod
2847 4608 2915 4669 in
2965 4609 3212 4672 duobus
3262 4610 3438 4686 10613,

1946 4710 2080 4772 sive
2109 4709 2454 4790 adaequatis
2493 4707 2627 4770 sive
2669 4725 2795 4769 11011
2834 4707 3198 4787 adaequatis,
3232 4708 3438 4771 valeat

1944 4807 2138 4869 simul
2167 4825 2304 4869 esse
2336 4824 2448 4886 per
2477 4805 2759 4867 divinam
2791 4804 3161 4886 potentiam,
3190 4813 3436 4868 certum

1945 4911 2099 4986 puto
2134 4925 2146 4967 :
2182 4904 2333 4985 quia
2372 4921 2498 4964 non
2540 4902 2850 4984 implicat,
2884 4903 3049 4965 sicut
3086 4903 3151 4964 in
3188 4913 3433 4985 quarto,

1944 5003 2009 5065 in
2043 5001 2305 5064 materia
2335 5000 2412 5062 de
2443 5001 2858 5074 Eucharistia‚
2881 5000 3271 5083 probabitur.
3291 5002 3436 5066 Haec

1944 5103 2186 5164 Scotus.
2241 5134 2320 5144 —
2367 5099 2602 5161 Verum
2659 5099 2848 5181 paulo
2905 5107 3071 5175 ante,
3125 5106 3187 5162 et
3243 5120 3436 5183 supra

1943 5201 2248 5284 primum,
2298 5196 2706 5261 distinctione
2761 5198 3083 5260 tricesima
3137 5200 3429 5281 septima,

3531 2069 3614 2108 art.
3643 2068 3682 2111 ¹.

3505 5261 3612 5301 tom.
3638 5255 3724 5309 XX.

1946 5299 2318 5363 introductae
2367 5303 2516 5360 sunt
2553 5295 2742 5360 variae
2785 5296 3059 5359 rationes
3102 5296 3430 5364 doctorum
3460 5321 3726 5379 1115111311.
