4334 6242
121 4528 338 4583 Hamaxia

131 4599 183 4637 ¹3.

1035 519 1237 567 (mum
1277 517 1502 565 ANGEL!
1543 516 1726 563 PnAvt
1767 516 1904 562 SINT
1944 515 2262 563 OBSTINATI
2305 514 2367 561 IN
2408 513 2611 572 VHIIS,
2651 512 2779 559 mc.

3342 490 3463 559 379

354 690 549 753 nibus
591 696 688 753 est
729 707 922 761 mors,
957 691 1077 753 hoc
1121 691 1188 753 in
1230 690 1472 770 angelis
1515 696 1612 751 est
1653 708 1854 751 casua.
1889 685 1942 749 A
1975 703 2083 749 mo
2134 688 2305 771 quod
2354 686 2422 749 in
2474 706 2541 749 se
2593 694 2689 749 est
2736 686 2981 763 fecerit,
3026 688 3193 751 Deus
3242 687 3463 770 utique

113 808 324 858 retexta.
355 790 562 870 Atque
593 796 665 850 ut
706 788 1002 851 Salomon
1041 788 1248 851 fassus
1285 795 1382 851 est
1415 805 1429 849 ε
1463 787 1861 869 Ubicumque
1969 804 2112 847 eam
2157 786 2469 849 infundet.

357 887 662 949 ceciderit
693 888 961 967 lignum,
988 886 1076 948 ibi
1108 888 1249 961 erit,
1273 887 1408 949 sive
1438 887 1516 949 ad
1547 892 1858 958 austrum,

357 986 492 1047 sive
547 986 625 1048 ad
680 978 1069 1068 aquilonem.
1120 986 1250 1047 Hoc
1298 992 1511 1047 tamen
1563 1003 1714 1046 sane
1766 992 1863 1046 est

359 1085 872 1167 intelligendum,
918 1091 1106 1166 prout
1155 1083 1322 1147 infra
1371 1084 1604 1146 clarius
1652 1084 1862 1165 expri-

359 1189 586 1245 metur.
646 1183 722 1245 Et
780 1184 859 1247 de
917 1183 1289 1263 hujusmodi
1349 1183 1484 1245 fine
1543 1182 1859 1256 ultimam,

359 1299 484 1343 non
515 1282 594 1343 de
627 1298 1035 1363 quocumque
1064 1280 1199 1343 fine
1229 1280 1682 1353 subalternam,
1708 1299 1864 1361 prae-

356 1378 469 1443 fati
519 1380 810 1441 doctores
860 1380 1231 1461 loquuntur,
1265 1387 1328 1441 et.
1376 1378 1454 1440 de
1503 1378 1862 1441 adhaesione

359 1477 723 1539 invariabili
773 1479 852 1539 ad
897 1478 1266 1557 hujusmodi
1319 1476 1536 1539 finem.
1570 1476 1863 1539 Adhaesio

354 1584 564 1637 autem
594 1575 990 1637 invariabilis
1024 1576 1548 1657 interruptionem
1582 1593 1709 1637 non
1740 1594 1868 1636 sus-

357 1675 533 1757 cipit.
572 1674 692 1737 Sed
725 1682 944 1737 contra
974 1674 1094 1736 hoc
1124 1674 1459 1737 Durandus
1501 1674 1617 1737 iste
1649 1674 1863 1754 inepte

355 1774 650 1845 assumit,
683 1772 954 1835 dicendo
988 1790 1002 1833 ε
1035 1772 1086 1834 Α
1130 1772 1456 1834 voluntate
1504 1772 1862 1835 adhaerente

2049 986 2354 1047 Praeterea
2403 985 2626 1047 Scotus
2677 986 2767 1047 sic
2813 985 3061 1067 quaerit,
3095 992 3310 1047 utrum
3358 1003 3467 1046 an-

1969 1084 2149 1163 gelus
2196 1084 2400 1145 malus
2445 1084 2803 1146 necessario
2842 1084 2998 1146 velit
3043 1084 3223 1147 male.
3263 1083 3338 1145 Et
3374 1102 3469 1145 re-

1972 1183 2238 1264 spondet
2275 1200 2289 1243 :
2322 1182 2435 1243 Hic
2476 1182 2737 1263 ponitur
2774 1183 3011 1264 duplex
3052 1202 3241 1244 causa
3270 1182 3468 1244 conti-

1972 1280 2295 1342 nuationis
2328 1281 2585 1343 malitiae
2617 1282 2681 1342 in
2717 1281 2960 1362 angelis
2998 1281 3202 1343 maliS.
3238 1280 3465 1355 Prima,

1973 1379 2275 1460 quoniam
2308 1378 2571 1459 angelus
2600 1378 3023 1461 apprehendit
3055 1378 3471 1440 immobiliter

1972 1476 2110 1540 sine
2149 1477 2479 1555 discursu3
2512 1477 2704 1539 homo
2738 1484 2951 1539 autem
2994 1476 3317 1539 mobiliter
3344 1477 3471 1538 dis-

1973 1575 2308 1649 currendo,
2342 1582 2487 1647 etc.,
2524 1582 2594 1635 ut
2622 1593 2815 1657 supra
2852 1575 2914 1635 in
2948 1575 3203 1637 Thoma.
3240 1574 3471 1637 Secun-

1972 1673 2070 1747 da,
2119 1682 2358 1755 quanto
2408 1673 2700 1735 voluntas
2748 1681 2843 1735 est
2894 1672 3253 1755 perfectior,
3296 1680 3471 1735 tanto

1973 1771 2319 1852 perfectius
2359 1790 2426 1833 se
2467 1771 2799 1852 conjungit
2838 1771 3110 1845 volibili,
3144 1779 3215 1834 ut
3252 1771 3472 1833 volun-

359 1879 531 1933 recto
562 1870 705 1944 fini,
739 1878 948 1951 potest
985 1870 1328 1951 procedere
1368 1887 1529 1951 opus
1567 1888 1859 1951 pravum,
1899 1870 1946 1932 B
1975 1878 2066 1933 tas
2105 1877 2415 1952 separata,
2459 1870 2811 1950 praesertim
2851 1870 3157 1950 angelica,
3196 1889 3337 1951 quae
3376 1877 3473 1931 est

358 1978 476 2031 etc.
529 1968 849 2031 Debuerat
906 1968 1147 2050 quippe
1209 1968 1301 2029 sic
1361 1968 1786 2050 assumpsisse
1845 1985 1859 2030 z

358 2070 405 2130 Α
446 2067 774 2130 voluntate
814 2066 1279 2128 invariabiliter
1316 2066 1698 2139 adhaeren'te,
1739 2074 1858 2127 etc.

362 2166 510 2239 Quae
560 2165 858 2227 voluntas
907 2164 1121 2226 omnia
1175 2183 1290 2225 sua
1342 2163 1624 2226 finaliter
1672 2164 1865 2227 refert

359 2266 432 2326 ad
495 2262 868 2344 hujusmodi
929 2262 1130 2324 finem
1193 2282 1382 2324 suum
1441 2262 1859 2344 praecipuum.

361 2362 436 2424 Et
497 2370 718 2425 contra
790 2361 912 2423 hoc
979 2377 1106 2422 non
1170 2360 1524 2443 procedunt
1583 2360 1708 2423 illae
1772 2361 1864 2422 in-

361 2461 624 2522 stantiae.

437 2560 707 2639 Insuper
735 2557 893 2619 dicit
923 2556 1257 2619 Durandus
1291 2572 1305 2617 :
1335 2556 1620 2618 Bonitate
1650 2556 1867 2637 gratiae

361 2657 567 2720 omnis
610 2655 896 2738 operatio
935 2654 1297 2717 daemonum
1339 2662 1530 2729 caret,
1564 2655 1864 2736 quoniam

363 2756 623 2837 gratiam
657 2751 1239 2835 irrecuperabiliter
1263 2752 1628 2814 amiserunt.
1645 2753 1870 2825 Quum-

363 2872 484 2935 que
519 2852 760 2914 malum
801 2869 926 2914 non
959 2851 1040 2912 sit
1082 2849 1206 2911 nisi
1239 2850 1512 2931 privatio
1554 2849 1728 2925 boni,
1765 2870 1872 2933 po-

365 2959 484 3014 test
512 2950 664 3025 dici,
686 2951 857 3031 quod
888 2966 1110 3011 omnes
1140 2954 1319 3009 actus
1352 2949 1714 3010 daemonum
1748 2950 1869 3012 isto

1971 1969 2235 2030 omnino
2278 1967 2557 2050 perfecte
2599 1967 2819 2030 libera.
2854 1967 3329 2030 Nostraautem
3364 1985 3471 2030 vo-

1973 2068 2183 2129 luntas
2216 2065 2467 2147 corpori
2508 2066 2841 2146 corruptili
2875 2067 3075 2139 unita,
3113 2066 3471 2128 libertatem

1971 2164 2162 2226 habet
2221 2164 2601 2226 diminutam
2632 2182 2649 2243 ;
2708 2172 2995 2246 separata
3050 2182 3222 2238 vero,
3284 2163 3475 2226 habet

1973 2262 2302 2343 majorem.
2338 2263 2561 2325 Nostra
2600 2280 2854 2344 quoque
2892 2263 3186 2325 voluntas
3225 2281 3472 2343 separa-

1973 2369 2056 2435 ta,
2089 2361 2192 2423 vel
2232 2360 2545 2423 exsistens
2580 2361 2645 2422 in
2678 2377 2941 2441 corpore
2972 2360 3470 2442 incorruptibili,

1975 2458 2392 2521 immobiliter
2440 2477 2507 2519 se
2552 2458 2766 2540 jungit
2813 2458 3085 2539 objecto,
3136 2458 3225 2521 ita
3272 2466 3343 2520 ut
3391 2458 3472 2521 ab

1977 2557 2087 2619 illo
2118 2556 2363 2618 resilire
2394 2574 2520 2618 non
2552 2556 2779 2630 valeat,
2810 2556 2993 2636 juxta
3022 2556 3179 2619 illud
3215 2557 3470 2620 Prover-

1976 2654 2230 2717 biorum
2257 2654 2538 2737 :Impius
2570 2674 2770 2736 quum
2803 2655 2869 2716 in
2904 2654 3291 2735 profundum
3328 2673 3472 2737 pec·
3498 2678 3763 2729 Pronum,

1977 2760 2261 2815 catorum
2307 2751 2576 2827 venerit,
2610 2753 2979 2815 contemnit.
3015 2752 3274 2826 Quando
3321 2770 3471 2834 ergo
3500 2744 3541 2784 ³·

1976 2850 2270 2912 voluntas
2301 2849 2581 2931 perfecte
2612 2859 2708 2912 est
2740 2850 2963 2924 libera,
2996 2850 3305 2913 electione
3336 2870 3473 2933 per-

1977 2947 2144 3010 fecta
2184 2948 2602 3029 praecedente,
2633 2947 2987 3011 efficaciter
3023 2949 3223 3009 currit
3263 2949 3327 3010 in
3367 2968 3475 3013 vo-

366 3050 551 3113 modo
594 3056 744 3110 sunt
795 3048 968 3121 mali,
1019 3054 1228 3109 tamen
1283 3046 1633 3129 improprie
1669 3065 1682 3109 :
1718 3048 1869 3129 quia
1906 3046 2188 3117 Clitum,
2232 3046 2525 3126 ponendo
2575 3046 2641 3107 in
2690 3064 2767 3108 eo
2804 3046 3044 3125 finem3
3086 3046 3477 3128 veniensque

365 3167 560 3229 quum
605 3146 844 3208 malum
879 3146 961 3207 sit
1002 3144 1279 3207 carentia
1320 3144 1732 3226 perfectionis
1763 3148 1868 3209 de-

365 3246 532 3321 bitae,
553 3245 755 3327 gratia
784 3254 1000 3307 autem
1031 3261 1158 3305 non
1191 3250 1287 3305 est
1318 3243 1625 3325 perfectio
1655 3244 1870 3307 debita

365 3345 570 3407 inesse
622 3350 948 3417 creaturae,
985 3342 1224 3423 alioqui
1274 3342 1474 3422 gratia
1525 3360 1648 3404 non
1700 3352 1867 3406 esset

364 3444 596 3523 gratia3
632 3441 774 3503 ideo
813 3440 954 3521 ejus
996 3440 1276 3502 carentia
1314 3439 1463 3501 facit
1507 3447 1718 3502 actum
1761 3441 1866 3503 de-

367 3541 746 3612 fectuosum,
791 3539 903 3601 sed
949 3557 1076 3601 non
1121 3538 1379 3619 proprie
1423 3538 1683 3600 malum.

442 3639 624 3701 Circa
680 3656 822 3719 quae
879 3629 1074 3698 verba
1130 3636 1411 3698 Durandi
1470 3636 1634 3707 dico,
1699 3638 1865 3719 quod

365 3736 574 3799 omnis
605 3735 814 3808 hom0,
843 3734 1194 3817 praesertim
1227 3733 1439 3796 fidelis
1469 3735 1698 3798 adultae
1728 3744 1869 3798 aeta-

365 3835 466 3907 tis,
487 3840 741 3895 tenetur
769 3851 907 3894 esse
939 3832 1007 3892 in
1039 3831 1298 3893 caritate
1331 3839 1395 3893 et
1423 3832 1646 3913 gratia,
1667 3851 1864 3913 quum

365 3932 647 4013 primum
719 3929 1405 4011 generalissimumque
1474 3937 1865 4010 praeceptum

367 4030 466 4101 sit,
526 4030 727 4093 Deum
797 4035 925 4089 toto
987 4029 1176 4089 corde
1241 4027 1504 4107 diligere
1569 4044 1584 4088 τ
1647 4028 1867 4109 sicque

365 4127 564 4207 gratia
592 4135 843 4207 gratum
885 4124 1146 4199 facienS,
1179 4132 1275 4186 est
1316 4124 1624 4205 perfectio
1655 4124 1870 4188 debita

1977 3147 2056 3207 ad
2105 3144 2505 3207 obstaculum
2559 3116 2940 3225 synderesis,
2974 3162 3101 3207 non
3151 3144 3240 3206 ibi
3286 3145 3475 3220 sistit,

1978 3243 2088 3305 sed
2132 3243 2598 3305 contemnendo
2646 3242 2946 3324 impingit
2989 3260 3003 3304 ε
3048 3243 3177 3305 imo
3221 3243 3289 3305 in
3336 3262 3477 3307 eam

1978 3342 2361 3411 retunditur,
2395 3350 2467 3401 ut
2513 3352 2579 3402 se
2629 3340 2948 3402 retrahere
2990 3360 3109 3403 nec
3158 3331 3313 3404 velit
3360 3362 3479 3405 nec
3524 3386 3527 3389 -

1979 3439 2181 3520 possit
2227 3438 2428 3516 velle3
2468 3438 2645 3499 velut
2693 3437 2746 3499 si
2794 3437 3036 3500 ferrum
3089 3438 3480 3521 impingatur

1977 3537 2128 3609 ossi,
2184 3535 2563 3609 retunditur,
2616 3553 2733 3596 nec
2789 3535 3022 3598 retrahi
3078 3545 3306 3619 potest,
3360 3556 3477 3600 nec

1977 3636 2197 3696 eadem
2240 3634 2474 3695 virtute
2515 3652 2641 3715 qua
2680 3633 3069 3708 immittitur,
3104 3654 3311 3716 neque
3348 3655 3476 3699 ma-

1973 3731 2118 3811 jori.
2153 3732 2406 3793 —Istis
2443 3730 2750 3811 objicitur
2784 3749 2798 3793 ε
2834 3732 2895 3794 Si
2928 3732 3221 3794 voluntas
3260 3733 3478 3795 huma-

1979 3848 2060 3890 na
2087 3847 2165 3890 ex
2197 3848 2263 3891 se
2297 3828 2503 3890 redire
2544 3836 2758 3910 posset
2786 3829 2864 3891 ad
2900 3828 3240 3908 justitiam,
3276 3831 3477 3895 multo

1980 3926 2180 4006 magis
2226 3926 2520 3988 voluntas
2578 3927 2866 4006 angelica
2918 3944 2932 3988 :
2982 3945 3131 4008 ergo
3184 3928 3477 3991 voluntas

1977 4023 2263 4104 angelica
2312 4042 2430 4086 nec
2480 4034 2739 4107 propter
2789 4025 3301 4089 immobilitatem
3347 4046 3478 4091 suae

1979 4122 2313 4202 cognitivae
2367 4123 2687 4203 potentiae,
2738 4142 2855 4185 nec
2915 4131 3175 4205 propter
3221 4124 3477 4206 plenam

367 4224 572 4287 inesse
632 4232 938 4285 creaturae
985 4241 1063 4283 ex
1113 4229 1289 4303 parte
1342 4224 1666 4303 praecepti,
1720 4224 1870 4304 quia
1899 4230 1947 4292 Ι)
1979 4220 2338 4282 libertate-m
2369 4220 2533 4300 ejus,
2567 4239 2643 4282 ex
2683 4220 2803 4283 hoc
2833 4222 3000 4303 quod
3033 4229 3129 4283 est
3166 4232 3474 4303 separata,

365 4322 683 4403 obligatur
712 4322 790 4384 ad
830 4338 1010 4399 eam3
1042 4340 1118 4382 ex
1152 4328 1326 4401 parte
1362 4339 1617 4402 quoque
1649 4322 1868 4402 praeci-

367 4420 624 4501 pientiS,
662 4420 730 4481 in
774 4426 1084 4501 quantum
1129 4418 1294 4480 Deus
1338 4418 1607 4500 requirit
1649 4437 1787 4481 eam
1833 4440 1870 4481 a

367 4526 674 4589 creatura,
709 4516 893 4579 illum
931 4515 1256 4598 expellens
1297 4534 1488 4596 quem
1533 4534 1660 4577 non
1698 4516 1870 4578 inve-

368 4616 530 4677 nerit
579 4634 654 4678 ea
703 4623 774 4677 ut
820 4622 996 4677 veste
1043 4614 1316 4695 nuptiali
1365 4614 1682 4675 indutum.
1731 4614 1866 4677 Non

367 4722 579 4776 autem
624 4720 718 4776 est
763 4712 978 4775 debita
1026 4718 1351 4785 creaturae,
1383 4712 1565 4793 quasi
1614 4712 1752 4793 ipsa
1790 4715 1866 4776 de

368 4811 685 4892 condigno
714 4829 854 4873 eam
886 4817 1342 4892 promereatur,
1375 4810 1477 4871 vel
1509 4811 1691 4891 quasi
1728 4810 1867 4891 ejus

367 4909 669 4991 operibus
702 4908 1027 4981 debeatur,
1053 4908 1371 4989 loquendo
1402 4908 1480 4970 de
1509 4909 1710 4989 gratia
1745 4911 1869 4992 pri-

369 5028 488 5081 ma,
524 5027 668 5089 quae
716 5008 794 5068 de-
843 5006 1159 5087 condigno
1205 5008 1551 5087 promereri
1596 5026 1720 5069 non
1765 5027 1868 5070 va-

251 5133 272 5162 e
303 5136 342 5175 u,
370 5106 471 5179 let,
526 5113 718 5187 prout
769 5106 846 5166 ad
905 5104 1214 5185 Ephesios
1274 5105 1455 5166 docet
1505 5106 1860 5186 Apostolus.

367 5206 555 5268 Porro
600 5205 765 5266 Deus
807 5221 969 5275 eam,
1005 5203 1171 5264 sicut
1209 5211 1271 5264 et
1309 5204 1634 5265 caritatem
1675 5222 1748 5265 ac
1789 5204 1865 5265 fi-

369 5304 534 5379 dem,
597 5302 864 5386 requirit
915 5301 994 5365 ah
1053 5302 1312 5365 homine
1371 5319 1384 5365 :
1437 5303 1588 5386 quia
1647 5302 1698 5365 si
1756 5303 1865 5367 ho-

1977 4325 2073 4379 est
2112 4316 2533 4398 impossibilis
2571 4318 2648 4379 ad
2678 4317 2994 4398 justitiam
3037 4320 3476 4407 reverti‘post-

1977 4437 2169 4499 quam
2217 4418 2521 4499 peccavit.
2558 4417 2667 4479 Vel
2714 4417 2807 4479 sic
2853 4436 2867 4479 :
2908 4417 3137 4481 Anima
3180 4438 3471 4501 peccam,

1979 4516 2044 4578 in
2078 4516 2335 4579 instanti
2367 4517 2787 4599 separationis
2822 4527 2918 4580 est
2955 4518 3292 4593 obstinata,
3326 4522 3477 4602 quia

1977 4622 2074 4677 est
2123 4615 2189 4676 in
2238 4616 2546 4695 termin03
2589 4625 2650 4678 et
2699 4634 2825 4678 non
2872 4636 2985 4699 per
3022 4626 3235 4681 actum
3280 4639 3471 4701 quem

1977 4721 2130 4775 tunc
2170 4714 2367 4787 elicit,
2402 4716 2705 4796 quoniam
2742 4714 2805 4776 in
2846 4716 3068 4779 eodem
3112 4717 3371 4780 instanti
3408 4719 3474 4781 in

1977 4831 2104 4893 quo
2135 4821 2483 4893 separatur,
2508 4820 2710 4874 totum
2742 4816 3165 4896 compositum
3198 4836 3478 4879 corrum-

1977 4910 2172 4991 pitur,
2216 4918 2277 4971 et.
2320 4911 2383 4972 in
2423 4910 2534 4972 illo
2580 4929 2706 4973 non
2753 4911 3088 4993 intelligit3
3121 4932 3239 4976 nec
3282 4916 3473 4977 etiam

1977 5028 2092 5089 per
2128 5016 2341 5070 actum
2388 5010 2851 5089 praecedentem
2896 5010 3054 5072 illud
3100 5012 3341 5075 instans
3380 5023 3477 5077 est

1974 5106 2311 5180 obstinata,
2346 5107 2497 5187 quia
2540 5115 2690 5169 tunc
2734 5107 2854 5169 fuit
2894 5109 3143 5171 viatrix.
3178 5111 3288 5173 Vel
3329 5112 3421 5174 sic
3456 5130 3471 5174 ε

1975 5206 2036 5268 Si
2070 5205 2363 5269 voluntas
2403 5205 2681 5267 hominis
2722 5214 2981 5287 propter
3012 5208 3129 5270 hoc
3168 5212 3337 5290 quod
3369 5212 3475 5273 ha-

1976 5303 2083 5366 bet
2112 5304 2687 5389 apprehensionem
2720 5304 3138 5381 immobilem,
3170 5308 3373 5374 reddit
3404 5328 3471 5379 se
