4334 6242
134 3091 168 3130 p.
191 3082 256 3120 ³38
271 3080 328 3123 θ’.

1056 532 1256 580 UTRUM
1301 531 1524 579 ANGELI
1569 530 1731 579 SUAM
1773 532 2223 580 BEA'rchmNma
2266 532 2636 591 MERcEmNT,
2680 533 2806 579 ETC.

3373 512 3493 577 339

377 702 578 764 citum
639 710 974 785 peccat-um
1032 699 1113 762 ab
1172 700 1398 782 angelo
1459 700 1645 773 malO,
1707 706 1878 762 ante·
1912 699 1964 761 A
2073 700 2195 763 Sed
2239 709 2493 783 quantae,
2537 702 2663 764 sint
2708 701 2843 764 istae
2889 720 3101 773 morai,
3136 700 3293 762 dicit-
3326 719 3493 761 unus

373 819 566 882 quam
609 820 725 883 per
760 801 970 883 ipsum
1008 808 1174 861 esset
1205 798 1356 862 boni
1389 799 1653 862 tentatio
1689 818 1702 861 :
1739 798 1880 859 ideo

373 898 441 959 in
492 899 772 961 secunda
821 915 998 960 mora
1044 898 1305 960 fuerunt
1353 897 1571 959 multae
1618 896 1880 959 morulae

371 1017 490 1061 seu
521 999 726 1081 culpae
769 1018 806 1061 a
854 999 1036 1061 malis
1077 998 1326 1061 elicitae.

455 1097 575 1160 Sed
607 1098 684 1160 de
716 1096 925 1180 prima
956 1116 1152 1171 mora,
1187 1097 1254 1159 in
1285 1116 1413 1178 qua
1442 1095 1704 1159 fuerunt
1739 1094 1878 1157 uni-

369 1195 633 1271 formeS,
668 1204 877 1280 potest
907 1194 1324 1279 probabiliter
1353 1194 1680 1270 sustineri,
1708 1194 1878 1276 quod

371 1295 439 1357 in
500 1294 711 1377 primo
768 1294 1028 1359 instanti
1091 1293 1352 1357 fuerunt
1401 1293 1756 1357 uniformes
1811 1292 1876 1354 in

369 1400 540 1455 statu
581 1401 845 1467 naturae,
879 1392 1070 1455 creati
1104 1392 1241 1455 sine
1270 1392 1509 1474 gratia3
1553 1399 1772 1473 postea
1811 1390 1875 1453 in

369 1491 654 1553 secundo
681 1491 940 1554 instanti
968 1498 1148 1553 erant
1174 1491 1526 1553 uniformes
1555 1489 1620 1551 in
1645 1488 1874 1571 gratia3

367 1589 600 1652 deinde
643 1590 706 1651 in
750 1590 938 1653 tertio
980 1589 1240 1651 instanti
1281 1589 1422 1662 vite,
1468 1588 1617 1651 mali
1665 1588 1876 1649 multi-

368 1688 627 1769 pliciter
655 1688 1131 1762 demeruerunt,
1157 1694 1220 1749 et
1251 1688 1399 1749 boni
1433 1686 1876 1768 multipliciter

367 1794 778 1865 meruerunt;
819 1794 884 1849 et
923 1786 986 1848 in
1030 1794 1256 1868 quarto
1308 1786 1567 1847 instanti
1617 1786 1876 1848 fuerunt

1991 798 2231 872 doctor,
2274 800 2442 882 quod
2494 809 2643 861 sunt
2688 800 2987 861 instantia
3035 799 3294 861 discreti
3336 805 3493 860 tem-

1989 895 2185 979 poris.
2239 897 2359 959 Sed
2418 897 2573 959 alibi
2635 897 2878 959 dictum
2928 905 3045 970 est,
3098 897 3265 979 quod
3318 896 3495 959 nulla

1989 1001 2084 1056 est
2123 996 2469 1059 necessitas
2508 996 2788 1079 ponendi
2828 1003 3083 1077 tempus
3122 995 3489 1059 discretum.

1989 1128 2067 1139 —
2096 1092 2241 1155 Haec
2281 1094 2524 1157 scotus,

2070 1191 2160 1253 Ex
2192 1191 2291 1255 his
2323 1200 2567 1256 constat
2598 1193 2931 1255 diversitas
2964 1192 3340 1277 opinionum
3374 1195 3493 1258 cir·

1990 1308 2063 1352 ca
2106 1290 2264 1366 haec,
2298 1300 2361 1353 et
2401 1292 2569 1374 quod
2612 1292 2843 1355 veritas
2885 1292 3115 1356 horum
3157 1292 3321 1356 infra
3366 1311 3495 1357 cer-

1989 1388 2329 1453 titudinem
2374 1390 2561 1453 nobis
2604 1391 2707 1465 sit,
2742 1408 2859 1454 nec
2900 1390 3141 1474 aliquid
3186 1390 3291 1455 hic
3332 1410 3495 1456 asse-

1989 1489 2261 1550 rendum
2308 1490 2577 1552 incaute.
2611 1490 3064 1553 Verumtamen
3116 1492 3339 1554 modus
3386 1491 3493 1555 ille

1991 1594 2350 1668 praetactus,
2396 1588 2691 1650 videlicet
2734 1589 2903 1670 quod
2956 1589 3228 1651 fuissent
3271 1609 3492 1653 omnes

1991 1685 2200 1767 primo
2246 1686 2437 1749 cre-ati
2491 1688 2554 1749 in
2607 1686 3004 1750 naturalibus
3048 1706 3229 1769 pure,
3263 1689 3492 1752 deinde

1989 1784 2055 1845 in
2101 1786 2384 1848 secundo
2429 1786 2689 1849 instanti
2734 1803 2957 1849 omnes
3003 1788 3273 1867 gratiam
3322 1806 3491 1851 rece-

365 1886 432 1947 in
465 1885 763 1947 termino.
789 1885 964 1957 Quod
999 1884 1376 1947 rationabile
1407 1903 1544 1946 esse
1573 1894 1870 1967 apparet:
1911 1886 1958 1948 B
1990 1883 2255 1965 pissent,
2310 1884 2752 1966 improbabilis
2804 1894 3155 1967 reputatur.
3205 1886 3268 1949 Si
3318 1886 3490 1948 enim

362 1983 460 2045 sic
505 2003 786 2066 namque
826 1983 1071 2066 experti
1115 1990 1296 2046 erant
1343 1983 1420 2045 de
1461 1985 1633 2046 omni
1680 1992 1869 2059 statu,

363 2086 557 2162 atque
605 2081 912 2163 maJorem
958 2080 1280 2143 habebant
1321 2080 1720 2143 occasionem
1767 2082 1876 2143 eli-

367 2177 582 2241 ciendi
611 2180 926 2243 intensius
960 2178 1358 2241 meritorium
1391 2186 1603 2241 actum
1635 2187 1869 2262 postea,

368 2295 573 2358 quum
635 2277 827 2340 simul
885 2278 1154 2359 gratiam
1216 2277 1558 2351 habebant,
1619 2297 1695 2340 ex
1755 2278 1872 2340 hoc

364 2375 535 2456 quod
573 2382 756 2437 erant
786 2376 1029 2458 experti
1065 2376 1236 2457 quod
1268 2395 1343 2437 ex
1375 2376 1772 2438 naturalibus
1806 2377 1870 2439 in

363 2473 581 2554 primo
633 2472 892 2535 instanti
940 2473 1059 2537 hoc
1111 2492 1237 2537 non
1294 2482 1600 2557 poterant.
1633 2510 1714 2520 ——-
1759 2475 1871 2537 Vel

361 2569 494 2632 dici
543 2579 772 2653 potest,
813 2573 982 2653 quod
1029 2572 1094 2636 in
1135 2573 1348 2655 primo
1388 2573 1646 2635 instanti
1691 2582 1872 2636 erant

365 2668 726 2731 uniformes
766 2670 961 2731 creati
1003 2670 1068 2732 in
1113 2672 1336 2752 gratia,
1380 2680 1442 2733 et
1485 2671 1550 2734 in
1591 2673 1872 2735 secundo

365 2766 633 2829 instanti
685 2767 834 2829 boni
888 2777 1379 2849 promeruerunt
1435 2777 1499 2831 et
1558 2771 1710 2833 mali
1769 2772 1872 2833 de-

362 2872 736 2927 meruerunt
770 2873 916 2927 ante
947 2866 1292 2928 terminum
1322 2884 1336 2929 ε
1371 2868 1674 2949 quoniam
1705 2870 1870 2931 Deus

361 2982 492 3025 uon
525 2964 831 3025 discrevit
859 2982 966 3027 eos
1006 2972 1346 3046 antequam
1391 2965 1663 3029 fuisse-nt
1707 2968 1873 3029 inter

1987 1980 2194 2062 angeli
2240 1983 2495 2064 reprobi
2540 1983 2747 2045 adhuc
2793 1982 2857 2046 in
2903 1984 3301 2046 naturalibus
3344 2002 3491 2045 con-

1987 2078 2307 2153 sistenteS,
2350 2080 2773 2162 profecissent
2811 2100 2923 2144 seu
2966 2082 3375 2165 pertigissent
3413 2083 3490 2144 ad

1985 2176 2251 2256 gratiam
2298 2196 2365 2239 sc
2403 2178 2802 2260 disponendo
2832 2181 2908 2242 ad
2940 2200 3099 2254 eam,
3133 2179 3361 2243 fortius
3393 2181 3493 2262 (ut

1985 2276 2277 2356 apparet)
2314 2277 2581 2357 gratiam
2628 2276 2761 2357 jam
2811 2278 3014 2341 sortiti
3066 2298 3139 2341 ac
3188 2299 3303 2361 per
3350 2297 3491 2342 eam

1986 2373 2286 2447 roborati,
2341 2374 2763 2455 profecissent
2821 2395 2894 2438 ac
2955 2377 3363 2457 pertigissent
3412 2379 3491 2441 ad

1982 2471 2271 2552 gloriam.
2318 2472 2461 2535 Haec
2508 2492 2760 2555 quoque
2810 2474 3093 2555 opinatio
3141 2476 3493 2539 multifaria

1984 2570 2152 2632 Scoti
2188 2589 2316 2633 non
2349 2580 2654 2633 consonat
2684 2572 3085 2635 documentis
3115 2574 3486 2650 dicentium,

1983 2670 2152 2750 quod
2190 2669 2397 2751 angeli
2435 2670 2709 2732 totaliter
2738 2678 2797 2732 et
2833 2670 3323 2735 inavertibiliter
3353 2674 3490 2736 sive

1982 2767 2266 2830 finaliter
2308 2787 2375 2830 se
2421 2777 2800 2831 convertunt
2846 2777 2955 2831 aut
2996 2778 3309 2833 avertunt.

2062 2866 2252 2928 Porro
2289 2866 2601 2929 Henricus
2639 2867 3015 2940 Quodlibeto
3046 2876 3287 2944 octavo,
3320 2888 3355 2931 a
3386 2889 3493 2952 po-

1984 2964 2213 3026 sitione
2264 2965 2374 3026 illa
2421 2966 2676 3028 Thomae
2732 2965 2917 3046 longe
2966 2966 3301 3030 discedens
3359 2987 3373 3030 ε
3426 2969 3491 3031 Si

360 3080 433 3123 se
464 3062 744 3123 discreti.
769 3062 898 3125 Nec
928 3064 1099 3126 valet
1127 3065 1296 3145 quod
1331 3065 1662 3128 dicebatur
1691 3086 1873 3148 supe·
1909 3064 1952 3127 C
1986 3063 2151 3143 quiS,
2195 3063 2303 3136 ait,
2346 3083 2473 3126 non
2523 3063 2873 3145 distinguat
2918 3063 3082 3127 inter
3130 3073 3343 3129 actum
3386 3084 3492 3129 vo-

359 3158 515 3232 rius,
533 3160 702 3241 quod
734 3160 788 3221 si
819 3160 1143 3223 stetissent
1176 3162 1241 3224 in
1276 3164 1558 3224 secundo
1590 3162 1868 3237 instanti,

359 3257 684 3320 debebant
729 3258 1189 3322 beatitudinem
1241 3262 1584 3343 recepisse,
1628 3272 1692 3325 et
1730 3263 1872 3325 ideo

359 3355 515 3418 boni
576 3363 731 3419 tunc
798 3355 1059 3420 fuerunt
1118 3358 1184 3420 in
1245 3360 1538 3422 termino.
1601 3360 1872 3442 Longior

355 3456 538 3516 enim
586 3455 710 3516 fuit
753 3455 858 3517 via
907 3455 1166 3518 illorum
1211 3476 1401 3538 quam
1457 3477 1633 3520 mora
1681 3460 1870 3523 unius

358 3553 659 3616 instantis
697 3572 710 3618 :
747 3554 879 3617 imo
925 3553 1087 3617 forte
1132 3574 1246 3637 per
1290 3556 1416 3618 duo
1457 3565 1567 3618 aut
1609 3557 1729 3618 tria
1779 3558 1871 3621 in-

353 3651 594 3715 stantia
623 3653 954 3735 sequentia
983 3652 1218 3715 habere
1250 3653 1710 3717 beatitudinem
1743 3674 1869 3718 non

351 3751 696 3815 debebant.
731 3788 814 3798 —
843 3753 905 3816 Si
935 3760 1152 3815 autem
1182 3754 1493 3829 dicamus,
1527 3755 1697 3837 quod
1735 3763 1868 3818 tan-

351 3860 490 3914 tum
525 3852 591 3913 in
627 3850 841 3934 primo
870 3851 1129 3915 instanti
1163 3860 1344 3915 erant
1375 3854 1440 3915 in
1471 3853 1868 3916 naturalibus

351 3950 736 4025 uniformeS,
763 3951 849 4013 ita
880 3951 1048 4033 quod
1082 3971 1409 4034 nunquam
1442 3952 1703 4014 fuerunt
1733 3953 1869 4015 uni-

352 4046 592 4112 formes
627 4048 692 4111 in
730 4048 953 4130 gratia,
986 4056 1139 4112 tunc
1171 4050 1508 4112 dicendum
1543 4058 1660 4126 est,
1693 4052 1861 4133 quod

353 4146 422 4210 iu
478 4147 766 4211 secundo
825 4147 1086 4211 instanti
1146 4148 1414 4210 dabatur
1471 4149 1670 4231 gratia
1732 4168 1860 4212 non

1986 3159 2248 3223 luntatis
2298 3162 2654 3223 naturalem
2697 3170 2760 3223 et
2804 3161 3317 3239 deliberativum,
3362 3184 3490 3228 non

1982 3258 2397 3341 adspiciendo
2444 3260 2521 3321 ad
2570 3267 2785 3321 actum
2835 3260 3034 3321 alium
3085 3280 3276 3343 quam
3336 3263 3493 3326 deli-

1985 3355 2366 3429 berativum,
2420 3356 2631 3419 dicere
2690 3364 2920 3440 potest,
2974 3358 3143 3440 quod
3203 3367 3492 3422 creatura

1984 3453 2433 3516 intellectualis
2466 3462 2669 3536 potest
2700 3455 2981 3537 primum
3014 3463 3225 3518 actum
3259 3458 3490 3521 habere

1985 3552 2245 3614 malum.
2300 3552 2475 3615 Unde
2534 3552 2840 3627 dicenteS,
2895 3555 3063 3636 quod
3114 3555 3489 3621 deliberatio

1984 3658 2225 3714 naturae
2284 3649 2734 3713 intellectualis
2791 3651 2939 3715 ficri
2989 3653 3195 3717 valeat
3249 3654 3484 3731 subit0,

1980 3749 2133 3831 quia
2182 3748 2481 3831 intelligit
2530 3749 2667 3812 sine
2716 3750 3033 3824 discursu,
3085 3753 3295 3817 dicere
3348 3774 3489 3838 pos-

1979 3854 2128 3909 sunt
2177 3847 2346 3929 quod
2406 3847 2471 3909 in
2534 3847 2744 3930 primo
2804 3848 3064 3911 instanti
3123 3851 3290 3915 actio
3342 3853 3483 3935 ejus

1977 3946 2186 4027 prima
2213 3964 2351 4007 esse
2385 3946 2618 4028 poterit
2650 3946 2833 4009 mala.
2857 3982 2939 3993 —-
2970 3946 3150 4011 Circa
3179 3950 3313 4014 haec
3347 3972 3483 4016 ver-

1975 4044 2055 4107 ba
2104 4044 2356 4107 Henrici
2418 4045 2582 4121 dic0,
2635 4047 2805 4129 quod
2865 4048 3160 4129 quamvis
3209 4049 3481 4115 Thomas

1974 4144 2130 4207 dicit
2160 4144 2457 4227 angelum
2490 4145 2556 4207 in
2589 4145 2847 4209 instanti
2881 4165 3069 4231 posse
3099 4148 3473 4227 deliberare,

353 4244 748 4329 ponentibus
783 4244 1034 4309 obicem
1070 4265 1085 4311 ε
1119 4265 1261 4329 quae
1292 4246 1520 4309 fuisset
1549 4248 1692 4311 data
1731 4268 1858 4311 ma·
1891 4248 1940 4311 D
1973 4243 2103 4307 imo
2141 4250 2205 4306 et
2235 4243 2300 4307 in
2342 4244 2442 4307 sui
2481 4245 2740 4308 exordio
2781 4245 2847 4308 in
2888 4247 3101 4330 primo
3139 4268 3270 4313 suae
3306 4268 3477 4313 crea-

353 4344 456 4418 lis,
499 4344 628 4407 nisi
667 4342 919 4407 obicem
963 4345 1345 4427 posuissent.
1389 4346 1860 4430 Potueruntque

351 4440 606 4505 obicem
660 4460 896 4524 ponere
945 4449 1238 4526 respectu
1286 4444 1502 4525 gratiae
1552 4445 1861 4529 recipien-

351 4539 470 4615 dae,
525 4541 824 4622 quamvis
880 4559 1005 4603 non
1066 4550 1360 4623 respectu
1413 4544 1657 4624 praemii
1705 4544 1860 4607 reci-

349 4638 574 4721 piendi
626 4639 693 4700 in
744 4639 1001 4702 instanti
1052 4640 1118 4701 in
1162 4659 1290 4721 quo
1333 4641 1556 4703 debuit
1605 4643 1854 4725 recipi:

349 4737 658 4819 quoniam
710 4745 858 4799 tunc
907 4755 1034 4799 non
1078 4746 1216 4800 erat
1258 4740 1575 4820 recipie-ns
1624 4740 1687 4801 in
1733 4742 1855 4816 via,

349 4834 464 4896 sed
525 4834 591 4896 in
643 4834 936 4896 termino.
990 4834 1296 4916 Tuncque
1355 4836 1478 4917 ipsi
1537 4836 1860 4900 demerue-

349 4939 523 5006 runt,
554 4950 628 4994 ac
661 4931 814 4993 boni
858 4942 1366 5013 promeruerunt,
1401 4953 1620 4997 omnes
1651 4935 1858 4998 adhuc

349 5030 416 5091 in
457 5037 624 5091 statu
660 5028 780 5092 viae
809 5030 1225 5109 exsistentes3
1267 5040 1455 5114 atque
1489 5032 1552 5094 in
1587 5034 1860 5097 termino

349 5124 504 5190 boni
548 5134 732 5189 erant
777 5126 965 5201 beati,
1003 5129 1154 5191 mali
1199 5148 1348 5192 vero
1390 5130 1687 5193 obstinati
1725 5151 1738 5195 :
1776 5131 1862 5193 ita

352 5225 525 5307 quod
587 5244 715 5288 non
767 5226 978 5300 cred0‚
1031 5228 1201 5309 quod
1251 5228 1511 5291 omnino
1562 5248 1744 5311 pares
1794 5231 1860 5292 in

352 5325 480 5400 via,
516 5323 792 5387 fuissent
835 5325 1120 5407 dispares
1166 5326 1230 5387 in
1277 5329 1567 5389 termin0.

1969 4343 2162 4407 tionis
2223 4343 2484 4407 instanti
2543 4343 2951 4420 deliberasse,
3008 4354 3287 4411 attamen
3347 4368 3473 4413 non

1970 4442 2266 4506 concedit
2312 4443 2595 4525 primum
2656 4442 2859 4526 ipsius
2915 4450 3129 4509 actum
3188 4447 3474 4530 potuisse

1969 4542 2275 4606 exsistere
2325 4542 2564 4606 malum
2615 4542 2698 4605 ob
2740 4562 2995 4605 causam
3049 4564 3241 4628 supra
3289 4547 3473 4609 indu-

1970 4649 2175 4719 ctam3
2217 4659 2336 4703 nec
2376 4660 2453 4702 ex
2490 4640 2677 4703 dictis
2708 4641 2962 4705 Thomae
2999 4643 3118 4705 hoc
3158 4643 3469 4727 sequitur,

1970 4740 2081 4820 qui
2142 4739 2346 4801 nihilo
2407 4740 2624 4802 minus
2688 4740 2852 4801 inter
2913 4747 3125 4803 actum
3184 4742 3473 4806 volunta-

1972 4837 2053 4899 tis
2093 4838 2449 4900 naturalem
2490 4846 2553 4900 et
2588 4836 3075 4901 deliberativum
3116 4840 3472 4922 distinguit,

1972 4934 2267 5016 quamvis
2296 4935 2479 4997 aliter
2510 4955 2701 5017 quam
2732 4936 3067 5012 HenricuS,
3090 4948 3279 5020 prout
3312 4939 3478 5001 infra

1973 5033 2176 5113 magis
2220 5033 2482 5114 patebit.

2053 5132 2321 5212 Insuper
2366 5130 2503 5193 loco
2547 5132 2945 5213 praeallegato
2995 5132 3217 5195 scribit
3258 5134 3481 5197 Henri·

1975 5250 2108 5303 cuS,
2172 5220 2593 5291 deliberatum
2660 5239 2927 5307 motum,
2991 5231 3298 5295 affectum
3364 5254 3477 5297 seu

1975 5337 2185 5390 actum
2216 5328 2553 5391 voluntatis
2583 5330 2884 5411 angelicae
2916 5329 3345 5396 deliberativae
3377 5352 3480 5397 ne·

3546 920 3591 962 p.
3616 910 3691 951 180
3702 908 3763 951 B'.

3539 2892 3692 2943 qumi„
3719 2892 3784 2934 io.

3528 4568 3571 4611 p.
3596 4556 3674 4599 239
3687 4548 3737 4600 D.
