4334 6242
907 481 1028 549 396

1579 500 1643 547 m
1683 500 1906 546 LIBRUM
1945 498 1990 544 Π
2031 495 2515 545 83ΝΤΕΝΤῘΑ11οΠ.
2558 512 2640 525 ··-
2679 496 2833 541 msT.
2870 496 2996 559 vn3
3040 496 3263 552 QUAEST.
3304 496 3351 542 11

911 692 1081 735 nunc
1122 672 1208 735 ita
1246 681 1362 745 est,
1398 671 1649 754 quando
1681 670 1972 733 voluntas
2012 668 2285 731 debilior
2320 666 2405 728 fa·
2435 663 2486 727 A
2516 690 2659 752 quae
2689 671 2923 733 cadunt
2951 670 3071 731 sub
3100 668 3430 743 electione,
3449 686 3724 751 quorum
3756 666 4009 749 proprie

911 778 1032 845 cta,
1073 771 1410 834 difficilius
1461 778 1632 833 tenet
1679 789 1746 833 se
1796 769 1862 831 in
1912 777 2097 831 rectae
2143 767 2403 829 rationis

909 870 1289 933 sententia¹.

990 968 1340 1030 Dicendum
1401 974 1496 1029 est
1546 966 1737 1048 igitur
1783 965 2092 1039 absolute,
2143 972 2207 1026 et
2256 982 2407 1026 sana

909 1066 1042 1129 fide
1073 1073 1275 1129 stante
1306 1065 1488 1127 aliter
1518 1065 1642 1127 dici
1685 1083 1812 1128 non
1851 1065 2039 1135 valet,
2074 1063 2242 1144 quod
2274 1080 2407 1124 om-

909 1164 1011 1226 nis
1061 1163 1453 1226 deordinatio
1513 1182 1627 1244 per
1683 1180 1963 1223 errorem
2015 1162 2078 1222 in
2137 1160 2403 1233 ratione,

907 1262 1196 1345 procedit
1224 1262 1561 1324 causaliter
1591 1282 1666 1324 ex
1697 1260 2168 1323 deordinatione
2200 1258 2411 1321 volun-

908 1361 1054 1423 tatis
1086 1380 1196 1442 per
1228 1379 1485 1442 pravam
1517 1359 1944 1433 affectionem,
1959 1378 2082 1421 non
2113 1376 2411 1422 econver-

909 1477 1000 1533 so,
1035 1459 1158 1521 nisi
1201 1458 1702 1533 occasionaliter,
1739 1458 1803 1520 in
1841 1465 2150 1539 quantum
2194 1456 2406 1537 cogni-

907 1557 998 1619 tio
1041 1564 1134 1619 est
1181 1557 1417 1639 praevia
1463 1557 1540 1619 ad
1585 1558 1997 1619 voluntatem.
2047 1555 2183 1617 Non
2232 1554 2405 1616 enim

909 1655 1265 1717 inordinate
1336 1656 1635 1737 cupimus
1705 1675 1846 1738 quae
1914 1673 2027 1735 per
2095 1652 2405 1734 cognitio-

909 1773 1058 1816 nem
1108 1773 1234 1816 non
1286 1754 1594 1835 capimus.
1648 1753 1889 1815 Idcirco
1944 1762 2011 1814 ut
2061 1752 2217 1814 dicit
2266 1751 2404 1813 Phi-

2516 777 2609 832 est
2652 769 2925 832 liberum
2965 768 3323 831 arbitrium.
3360 767 3600 829 Electio
3636 774 3851 829 autem
3886 784 4007 829 non

2517 876 2613 929 est
2660 869 2737 929 de
2786 868 2941 939 fine,
2990 868 3097 929 sed
3148 867 3226 929 de
3281 865 3507 928 mediis
3555 866 3634 927 ad
3683 865 3906 938 illum;
3950 874 4013 926 et

2517 968 2651 1031 haec
2682 986 2809 1029 non
2842 967 3164 1047 eliguntur
3192 964 3314 1027 nisi
3346 966 3697 1027 secundum
3728 964 4009 1045 regulam

2519 1066 2670 1128 finis
2720 1085 2863 1147 quae
2910 1073 3004 1127 est
3053 1064 3119 1126 in
3170 1064 3606 1126 aestimatione.
3652 1064 3799 1125 Ideo
3846 1062 4015 1124 circa

2520 1163 2718 1227 finem
2750 1182 2876 1225 non
2910 1170 3117 1244 potest
3148 1162 3439 1225 voluntas
3470 1163 3783 1224 contrarie
3814 1182 3885 1223 se
3914 1162 4019 1222 ha-

2455 1264 2460 1269 “
2518 1262 2691 1335 bere,
2725 1280 2925 1343 quum
2976 1278 3165 1322 nemo
3214 1268 3426 1340 posset
3473 1258 3777 1321 affectare
3828 1260 4019 1321 mise-

2518 1361 2677 1422 riam
2710 1378 2918 1440 neque
2952 1359 3191 1420 malum
3224 1366 3290 1419 ut
3321 1358 3465 1429 tale,
3486 1358 3615 1420 imo
3648 1356 4022 1419 naturaliter

2518 1458 2760 1539 appetit
2809 1458 3047 1519 bonum
3108 1465 3297 1537 atque
3356 1455 3817 1518 beatitudinem
3875 1472 3890 1516 :
3944 1456 4021 1517 ad

2519 1577 2711 1639 quam
2741 1566 2951 1619 tamen
2983 1556 3437 1637 assequendam
3467 1555 3703 1617 diversi
3734 1556 4023 1618 diversas

2517 1656 2763 1737 eligunt
2792 1656 2948 1728 viaS‚
2983 1655 3334 1717 secundum
3367 1655 3535 1736 quod
3572 1672 3686 1735 per
3716 1654 3825 1715 illa
3856 1654 4022 1716 16511-

2519 1763 2694 1817 mant
2724 1774 2791 1817 se
2823 1773 3007 1835 posse
3037 1753 3498 1816 beatitudinem
3530 1752 4023 1835 consequi.Hinc

910 1853 1211 1935 losophus
1256 1854 1534 1915 secundo
1575 1852 1965 1925 Ethicorum,
2005 1858 2253 1933 oportet
2291 1868 2405 1911 nos
2440 1850 2485 1911 B
2518 1860 2723 1935 potest
2767 1872 2905 1915 esse
2947 1870 3123 1914 error
3162 1852 3228 1913 in
3268 1851 3578 1913 electione
3616 1868 3836 1913 eorum
3880 1871 4023 1932 quae

909 1951 1142 2013 habere
1191 1950 1360 2012 circa
1404 1951 1825 2024 delectabilia,
1859 1950 2025 2012 sicut
2069 1967 2253 2011 senes
2302 1948 2407 2009 ha-

910 2048 1142 2112 bebant
1191 2069 1259 2111 56
1308 2048 1478 2111 circa
1524 2049 1848 2121 Helenam,
1895 2047 2179 2110 dicentes
2226 2064 2241 2108 1
2290 2048 2404 2107 Fu-

906 2166 1006 2228 ge,
1048 2148 1218 2229 fuge,
1265 2167 1342 2209 ne
1393 2148 1532 2228 ejus
1581 2146 2057 2229 pulchritudine
2110 2144 2400 2226 capiariS.

909 2246 1139 2327 Sicque
1191 2246 1386 2308 libere
1439 2246 1670 2327 poterit
1715 2263 1899 2325 agere
1947 2246 2138 2306 homo
2190 2250 2406 2305 contra

910 2352 1156 2407 certum
1199 2344 1514 2425 judicium
1561 2343 1842 2415 rationis,
1887 2350 1954 2404 ut
1999 2343 2187 2403 tertio
2234 2342 2404 2403 Ethi-

909 2462 1124 2505 corum
1165 2462 1462 2525 expresse
1503 2449 1766 2504 testatur
1799 2440 2221 2521 Philosophus
2256 2459 2269 2502 :
2303 2439 2405 2501 vi-

909 2543 1142 2603 dent-ur
1176 2540 1531 2622 (inquiens)
1569 2558 1695 2603 non
1743 2540 1933 2611 idem,
1971 2538 2204 2618 eligere
2248 2538 2407 2619 opti-

913 2659 1030 2713 ma,
1049 2646 1112 2701 et
1141 2639 1419 2721 opinari3
1448 2638 1556 2699 sed
1587 2636 1834 2719 opinari
1867 2636 2125 2717 quidem
2161 2635 2404 2707 111611115,

912 2744 1171 2819 propter
1225 2736 1534 2798 malitiam
1591 2753 1740 2797 vero
1792 2734 2026 2815 eligere
2082 2754 2223 2815 quae
2278 2752 2401 2795 non

912 2842 1177 2917 oportet.
1236 2835 1300 2897 Si
1361 2842 1572 2895 autem
1638 2833 1851 2914 pra‘sit
1910 2832 2207 2894 electioni
2271 2831 2407 2913 opi·

912 2934 1020 2996 nio
1061 2942 1170 2995 aut
1212 2939 1533 3014 sequatur,
1577 2931 1738 2993 nihil
1785 2930 2020 2993 differt.
2057 2966 2138 2975 -
2179 2930 2407 3012 Opinio

2518 1960 2665 2015 sunt
2714 1952 2792 2014 ad
2841 1951 3060 2013 finem.
3110 1950 3287 2012 Unde
3332 1951 3502 2030 apud
3553 1950 3695 2011 illos
3742 1966 4022 2032 quorum

2516 2058 2611 2113 est
2662 2049 3105 2112 indeficienter
3155 2057 3325 2111 recta
3378 2048 3713 2111 aestimatio
3759 2049 3837 2110 de
3890 2048 4023 2109 fine

2514 2157 2580 2211 et
2622 2148 2965 2210 universali
3010 2155 3071 2209 et
3120 2147 3508 2229 particulari,
3542 2153 3612 2208 ut
3657 2147 3826 2228 apud
3876 2148 4025 2209 Bea-

2517 2256 2635 2320 tos,
2671 2246 3070 2327 impossibile
3100 2254 3194 2308 est
3234 2264 3373 2308 esse
3402 2245 3793 2307 voluntatem
3824 2246 4025 2307 alicu-

2514 2346 2619 2427 jus
2678 2364 2899 2407 eorum
2950 2364 3091 2425 quae
3136 2364 3173 2405 a
3220 2344 3353 2406 fine
3404 2344 3797 2406 deordinant.
3852 2344 4027 2406 Atta-

2520 2464 2665 2505 men
2705 2451 2971 2524 possunt
3011 2443 3174 2505 velle
3218 2444 3338 2505 hoc
3379 2450 3488 2503 aut
3528 2442 3708 2515 illud,
3742 2459 4023 2524 quorum

2516 2550 2815 2603 neutrum
2847 2562 2883 2603 a
2913 2541 3045 2602 fine
3077 2540 3405 2602 deordinat
3440 2558 3453 2601 :
3488 2540 3709 2621 sicque
3739 2541 4027 2602 salvatur

2518 2640 2583 2701 in
2633 2640 2725 2701 eis
2774 2639 3128 2719 proprietas
3185 2636 3507 2700 rationalis
3567 2638 3903 2718 potestatis
3954 2656 4027 2701 ac

2518 2737 2850 2809 libertatiS,
2890 2737 2954 2798 in
2995 2744 3304 2818 quantum
3344 2744 3612 2817 possunt
3650 2736 3771 2798 hoc
3812 2734 4027 2798 facere

2517 2844 2578 2897 et
2612 2854 2738 2897 non
2770 2834 2997 2909 facere,
3032 2835 3325 2916 quamvis
3356 2852 3484 2896 non
3522 2834 3765 2915 possint
3804 2834 3875 2896 in
3908 2836 4029 2896 ista

2517 2934 2829 3017 opposita,
2849 2934 3087 2995 bonum
3118 2940 3183 2995 et
3214 2933 3474 2995 malum.
3490 2933 4031 3015 Denique,quam-

910 3040 1124 3093 autem
1173 3030 1446 3094 Socratis
1496 3028 1637 3102 fuit,
1687 3029 1990 3090 scientem
2043 3046 2170 3089 non
2221 3046 2407 3109 posse
2439 3028 2482 3092 C
2518 3034 2616 3096 vis
2648 3033 2850 3096 libero
2878 3031 3143 3094 arbitrio
3180 3050 3257 3093 ex
3288 3050 3403 3093 sua
3442 3039 3666 3093 natura
3704 3040 4031 3113 competat

911 3148 1050 3192 esse
1111 3128 1642 3201 incontinentem,
1703 3146 1819 3188 nec
1882 3126 2160 3208 aliquem
2221 3144 2406 3208 posse

911 3247 1096 3309 agere
1151 3226 1213 3288 id
1271 3226 1440 3309 quod
1495 3225 1614 3287 scit
1669 3244 1807 3287 esse
1863 3224 2121 3285 malum.
2182 3225 2410 3287 Contra

915 3345 1106 3409 quem
1162 3326 1346 3387 docet
1398 3323 1816 3405 Philosophus
1876 3322 2148 3404 qualiter
2201 3322 2409 3384 sciens

913 3444 1188 3506 vereque
1227 3422 1524 3505 judicans
1569 3422 1633 3483 in
1679 3421 2044 3494 universali,
2092 3428 2300 3503 potest
2343 3420 2407 3481 in

916 3522 1282 3605 particulari
1341 3520 1550 3602 decipi
1611 3520 1901 3601 passione
1957 3528 2020 3581 et
2075 3520 2269 3581 vinci.
2328 3554 2411 3563 —

2519 3132 2809 3213 quaedam
2854 3130 3196 3203 mobilitas,
3230 3147 3355 3191 non
3400 3135 3613 3192 tamen
3659 3138 3756 3192 est
3806 3130 4029 3193 incon-

2518 3228 2781 3290 veniens
2823 3227 2991 3309 quod
3032 3246 3145 3308 per
3182 3226 3449 3307 gratiam
3490 3226 3775 3288 elevetur
3802 3226 3885 3288 ad
3926 3246 4029 3288 su-

2520 3326 2882 3390 blimiorem
2914 3325 3392 3407 proprietatem,
3417 3324 3503 3387 ita
3531 3325 3701 3406 quod
3734 3324 4031 3387 immobi-

2522 3425 2737 3487 litetur
2788 3425 2851 3485 in
2902 3424 3070 3486 bono
3118 3431 3179 3484 et
3230 3422 3459 3485 ultimo
3504 3422 3660 3496 fine,
3709 3442 3913 3505 quum
3966 3430 4029 3485 et

2522 3522 2782 3604 praefato
2811 3522 2998 3584 modo
3031 3529 3389 3602 perseveret
3422 3520 3487 3582 in
3518 3538 3594 3583 eo
3623 3520 4027 3583 libertaS.Sic

917 3622 1060 3684 Haec
1101 3620 1430 3683 Henricus.

990 3720 1078 3781 De
1107 3720 1224 3781 hac
1257 3718 1520 3781 materia
1549 3717 1844 3799 superius
1876 3716 2235 3779 introducta
2265 3723 2412 3777 sunt

917 3817 1130 3898 aliqua
1162 3818 1224 3879 in
1257 3817 1356 3879 his
1387 3838 1529 3899 quae
1566 3817 1644 3880 de
1677 3834 1824 3877 casu
1863 3815 2233 3895 angelorum
2278 3832 2414 3896 pro-

920 3916 1042 3979 lata
1086 3923 1254 3989 sunt,
1289 3913 1396 3976 ubi
1449 3921 1774 3977 ostensum
1826 3920 1922 3975 est
1969 3912 2240 3993 qualiter
2287 3912 2416 3973 cul-

2522 3638 2777 3703 quoque
2818 3628 2977 3681 teste
3016 3618 3337 3701 Apostolo,
3374 3619 3636 3680 mortale
3680 3636 3917 3700 corpus
3964 3626 4028 3679 et
4090 3636 4281 3679 icem„

2522 3718 2715 3780 homo
2754 3716 3077 3799 passibilis
3117 3717 3339 3778 induet
3382 3716 3925 3779 immortalitatem
3966 3725 4030 3777 et.
4058 3702 4121 3741 ⁵³·

2524 3814 3104 3897 impassibilitatem
3139 3814 3437 3877 finaliter.
3462 3850 3543 3860 —
3570 3814 3889 3897 AmpliuS,
3924 3834 4031 3877 vo-

2525 3912 2735 3975 luntas
2774 3914 3107 3975 Beatorum
3148 3931 3274 3974 non
3316 3912 3407 3974 sic
3447 3912 3909 3975 determinatur
3952 3913 4031 3974 ad

917 4034 1065 4098 pam
1113 4014 1457 4077 voluntatis
1501 4032 1718 4075 eorum
1773 4012 2094 4094 praecessit
2144 4012 2416 4073 inconsi-
2527 4032 2750 4086 unum,
2785 4012 2942 4093 quin
2975 4011 3174 4093 possit
3212 4010 3333 4073 hoc
3371 4010 3581 4073 facere
3610 4018 3671 4072 et
3702 4029 3831 4074 non
3863 4011 4034 4073 face-

919 4114 1158 4175 deratio
1205 4112 1420 4194 aliqua
1463 4111 1824 4174 intellectus
1860 4128 1873 4172 :
1910 4130 2050 4191 quae
2091 4118 2302 4171 tamen
2350 4111 2415 4171 in
2528 4128 2616 4181 re,
2650 4128 2762 4170 seu
2804 4108 2923 4170 hoc
2963 4115 3073 4169 aut
3109 4107 3267 4169 illud
3308 4126 3629 4189 peragere,
3663 4108 3786 4169 nisi
3828 4109 3897 4170 in
3936 4128 4037 4171 ac-

919 4231 985 4273 se
1035 4219 1098 4273 et
1155 4211 1504 4272 secundum
1566 4228 1632 4271 se
1692 4226 1818 4270 11011
1880 4208 2004 4269 fuit
2062 4208 2415 4269 secundum
2446 4208 2494 4270 D
2528 4208 2699 4269 tibus
2750 4206 3287 4287 conjungentibus
3331 4206 3470 4268 fini.
3508 4206 3634 4268 Nec
3686 4206 3832 4269 inde
3884 4226 4035 4270 eon—

920 4309 1350 4391 praeallegatos
1380 4308 1740 4390 culpabilis.
1776 4306 1945 4368 Infra
1984 4325 2239 4388 quoque
2271 4306 2416 4368 inde
2527 4290 2817 4386 sequitur
2862 4304 3032 4385 quod
3084 4303 3285 4385 possit
3341 4322 3603 4384 peccare
3658 4321 3672 4365 τ
3724 4306 4033 4385 quoniam

918 4417 1212 4490 tangetur
1255 4408 1319 4468 in
1363 4408 1463 4469 his
1507 4427 1648 4489 quae
1688 4407 1765 4467 de
1817 4406 2168 4487 primorum
2220 4414 2417 4467 trans·
2527 4422 2711 4485 posse
2758 4420 3020 4484 peccare
3063 4408 3159 4463 est
3209 4401 3621 4483 impotentiae,
3655 4401 4036 4465 defectuosi-

918 4506 1243 4587 grcssione
1304 4515 1638 4586 parentum
1699 4504 2011 4577 dicentur,
2074 4523 2189 4585 per
2248 4504 2417 4585 quod
2528 4501 2672 4563 tatis
2714 4508 2903 4582 atque
2963 4500 3371 4579 miseriae3et
3409 4508 3648 4581 quanto
3693 4499 3839 4581 plus
3882 4500 4033 4581 quis

920 4605 1174 4667 Henrici
1220 4604 1489 4667 solvitur
1529 4612 1996 4685 argumentum.
2528 4606 2733 4681 potest
2763 4598 2931 4679 quod
2966 4598 3088 4659 sibi
3121 4615 3249 4659 non
3278 4597 3534 4679 expedit
3576 4616 3783 4679 neque
3817 4598 4030 4660 lauda-

2528 4697 2655 4759 bile
2718 4704 2835 4768 est,
2897 4703 3071 4758 tanto
3136 4695 3425 4757 miserior
3489 4695 4030 4778 impotentiorque

2530 4794 2853 4876 probatur,
2890 4801 2957 4855 ut
3006 4801 3066 4855 et
3110 4793 3448 4855 Anselmus
3497 4793 3750 4855 fatetur.
3784 4794 4029 4856 Postre·
4054 4850 4099 4894 Ε
4146 4850 4267 4891 rm:

2532 4912 2657 4967 m0,
2706 4912 2891 4975 posse
2941 4892 3314 4973 transgredi,
3358 4898 3420 4954 et
3470 4911 3597 4956 non
3644 4893 4023 4973 transgredi,
4060 4864 4185 4956 1⁰5⁶*
4268 4876 4279 4895 ⁸

627 3728 693 3783 Cf.
703 3730 825 3783 11305
834 3728 890 3780 B',

627 3795 696 3835 311
714 3791 760 3841 C,
782 3794 865 3834 cte.

1001 4804 1093 4865 Ad
1144 4801 1395 4883 objecta
1453 4800 1817 4872 dicendum,
1871 4800 2038 4881 quod
2095 4799 2419 4862 rationalis

923 4900 1206 4985 potentia
1247 4907 1342 4961 est
1386 4898 1822 4981 oppositorum
1871 4906 2181 4979 quantum
2224 4897 2301 4958 ad
2346 4916 2419 4957 ea

1013 5175 1030 5211 ¹
1070 5170 1231 5229 Quod
1268 5168 1314 5219 si
1352 5168 1432 5219 sic
1469 5182 1636 5232 posse
1673 5181 1836 5231 agere
1871 5170 2003 5217 tunc
2039 5168 2146 5217 fuit
2178 5165 2485 5217 voluntatis
2520 5164 2781 5215 humanm
2816 5167 3051 5219 naturae.
3084 5168 3139 5213 et
3178 5178 3325 5214 nunc
3361 5166 3464 5223 est,
3496 5164 3627 5214 11661
3664 5164 3899 5214 debilior
3932 5179 4029 5214 vo·-

927 5242 1117 5294 luntas
1153 5257 1299 5292 nune
1332 5242 1405 5290 sit
1435 5242 1488 5289 in
1521 5240 1700 5295 nobis,
1737 5246 1796 5289 ut
1829 5240 2111 5289 difficilius
2143 5254 2203 5288 se
2237 5242 2425 5288 teneat
2454 5237 2508 5286 in
2540 5236 2817 5285 sententia
2848 5236 3080 5287 rationis
3110 5239 3294 5295 rectw,
3326 5236 3592 5299 passione
3626 5236 4023 5292 contrariante‚

930 5330 1096 5381 quam
1132 5320 1284 5376 111116,
1321 5313 1544 5379 quando
1581 5312 1732 5364 nulla
1765 5312 1958 5378 passio
1993 5312 2101 5362 fuit
2135 5311 2189 5361 in
2225 5310 2448 5362 homine
2486 5313 2614 5359 ante
2652 5311 2965 5373 peccatum.
3002 5308 3347 5371 (Henricus.)
