4334 6242
747 498 835 545 AN
875 499 1117 547 MUNDUS
1158 500 1239 547 AB
1281 502 1533 549 AETERNO
1574 501 1649 548 ET
1692 502 1829 549 SINE
1870 503 2020 550 oum
2060 503 2401 551 mmmm
2445 504 2630 551 mmo
2673 504 2766 550 su·
2807 504 3074 551 cnmws
3383 484 3462 551 73

360 666 533 731 libro
591 670 669 732 de
720 670 893 735 Coelo
948 679 1006 733 et
1070 673 1309 736 mundo
1366 673 1635 736 habetur
1687 692 1700 737 ε
1753 675 1867 736 Per
1896 675 1947 738 A
1977 676 2043 738 in
2093 684 2400 758 quantum
2452 676 2571 737 tale
2618 694 2832 756 agenS‚
2883 683 3034 757 puta
3084 695 3198 757 per
3243 674 3464 738 volun-

360 766 541 829 hunc
582 788 926 831 numerum
953 770 1136 851 (puta
1174 771 1551 852 ternarium)
1578 771 1869 834 adhibui-

362 884 511 927 mus
556 885 672 930 nos
713 868 885 949 ipsos
928 867 1341 949 magnificare
1384 869 1587 932 Deum
1634 878 1868 932 creato-

362 966 925 1037 rem‚eminentem
958 968 1448 1049 proprietatibus
1477 988 1697 1031 eorum
1728 988 1867 1051 quae

362 1071 579 1127 creata
629 1072 799 1127 sunt.
854 1066 1027 1129 Unde
1078 1066 1393 1148 accipitur
1439 1066 1607 1149 quod
1663 1067 1866 1149 philo-

362 1163 551 1245 sophi
604 1171 1036 1245 pervenerunt
1084 1164 1163 1226 ad
1213 1164 1638 1246 cognitionem
1686 1165 1866 1228 Crea-

362 1260 521 1323 toris
570 1262 640 1322 in
687 1268 997 1343 quantum
1044 1270 1288 1325 creator
1336 1270 1450 1325 est.
1497 1263 1641 1325 Haec
1687 1263 1869 1326 Alex-

360 1359 581 1421 ander.

444 1557 741 1640 Amplius
782 1559 1115 1623 Durandus
1155 1561 1233 1623 de
1274 1562 1332 1624 S.
1368 1561 1658 1623 Portiano
1697 1561 1867 1624 circa

360 1656 501 1719 haic
551 1657 753 1719 multa
792 1658 1037 1720 inducit
1072 1675 1086 1720 :
1121 1659 1509 1731 Creaturam,
1543 1659 1861 1741 inquienS‚

363 1774 623 1836 semper
675 1755 896 1829 fuisse,
932 1756 1017 1818 ita
1066 1758 1236 1839 quod
1286 1776 1414 1820 non
1463 1756 1685 1819 habuit
1734 1777 1863 1820 suae

1977 782 2188 837 tatem.
2224 773 2506 835 Primum
2547 791 2672 836 non
2715 782 2922 855 potest
2951 774 3100 848 dici,
3133 772 3285 855 quia
3318 780 3468 836 sunt

1978 874 2178 936 multa
2226 873 2474 953 agentia
2521 890 2794 954 quorum
2838 872 3108 935 effectus
3155 880 3304 934 sunt
3347 880 3468 933 sta-·

1979 973 2091 1034 tim
2152 990 2298 1033 cum
2357 971 2472 1045 eiS,
2524 978 2595 1032 ut
2650 971 2820 1033 calor
2872 990 2981 1033 seu
3047 970 3260 1033 lumen
3322 990 3469 1033 cum

1978 1070 2145 1151 igne,
2178 1077 2240 1131 et
2289 1070 2381 1132 sol
2434 1069 2656 1132 eodem
2705 1070 2960 1132 instanti
3005 1088 3132 1151 quo
3181 1068 3472 1132 conditus

1975 1177 2071 1231 est
2101 1168 2623 1249 hemisphaerium
2663 1167 3068 1231 illuminavit.
3103 1168 3232 1231 Nec
3269 1174 3363 1230 est
3394 1168 3472 1230 de

1976 1267 2218 1329 ratione
2271 1266 2514 1347 agentis
2565 1285 2680 1349 per
2727 1266 3140 1341 voluntatem,
3195 1267 3319 1329 nisi
3370 1285 3474 1330 vo-

1977 1365 2186 1427 luntas
2217 1365 2300 1426 sit
2329 1365 2406 1425 de
2439 1382 2604 1427 novo
2643 1364 2972 1439 accedenS,
3008 1366 3096 1427 ita
3124 1372 3192 1427 ut
3233 1366 3310 1428 de
3343 1384 3470 1428 non

1975 1464 2227 1527 volente
2267 1463 2382 1526 fiat
2419 1465 2660 1537 volem,
2693 1472 2804 1526 aut
2836 1464 3128 1527 voluntas
3166 1464 3472 1527 delibera-

1976 1563 2214 1625 tionem
2264 1563 2346 1625 sit
2394 1582 2666 1644 sequens
2715 1582 2728 1625 :
2778 1581 3050 1645 quorum
3101 1563 3350 1625 nullum
3402 1563 3482 1651 in⁹

1974 1661 2101 1723 Deo
2131 1668 2246 1723 est.
2281 1662 2460 1735 Item,
2495 1662 2786 1724 voluntas
2819 1661 3036 1723 divina
3073 1679 3198 1724 non
3235 1661 3469 1724 minuit

1973 1760 2113 1840 ejus
2168 1760 2516 1841 potentiam
2571 1777 2584 1821 :
2639 1760 2748 1822 sed
2807 1778 3029 1822 omnes
3086 1761 3465 1835 concedunt,

360 1853 719 1915 durationis
766 1853 1045 1928 initium,
1080 1857 1189 1917 sed
1234 1876 1363 1919 suae
1400 1856 1681 1918 entitatis
1720 1875 1863 1917 cau·
1900 1860 1947 1922 B
1976 1860 2145 1940 quod
2195 1859 2246 1921 si
2299 1860 2463 1921 Deus
2516 1867 2728 1941 ageret
2779 1859 3154 1922 necessitate
3203 1868 3465 1933 naturae,

360 1970 501 2013 sam
532 1960 725 2034 atque
768 1952 1183 2035 principium,
1216 1954 1431 2036 negari
1474 1972 1600 2016 non
1634 1961 1860 2035 potest,

362 2050 490 2111 nisi
542 2050 643 2113 vel
695 2059 957 2133 propter
999 2052 1319 2114 defectum
1367 2052 1599 2116 divinae
1649 2061 1865 2135 poten-

362 2150 488 2221 tiae,
522 2150 693 2231 quod
738 2168 929 2212 nemo
970 2149 1289 2228 affirmat3
1322 2151 1422 2212 vel
1466 2159 1727 2233 propter
1774 2172 1866 2214 re-

360 2246 779 2329 pugnantiam
808 2255 1111 2310 creaturae
1131 2264 1145 2309 ε
1165 2248 1331 2328 quod
1361 2248 1487 2311 dici
1519 2236 1645 2311 non
1678 2250 1861 2326 valet,

356 2345 666 2426 quoniam
700 2346 1111 2428 repugnantia
1140 2346 1249 2409 illa
1278 2355 1443 2409 esset
1471 2355 1581 2409 aut
1612 2358 1865 2430 propter

357 2443 689 2505 defectum
722 2444 990 2524 passivae
1028 2444 1327 2526 poten'tiae
1356 2444 1436 2507 ab
1466 2453 1723 2520 aetern0,
1755 2455 1865 2511 aut

356 2562 441 2603 ex
474 2542 897 2623 repugnantia
926 2541 1386 2605 intellectuum.
1422 2544 1703 2607 Primum
1736 2545 1861 2606 dici

355 2659 490 2703 non
524 2646 732 2722 potest
766 2657 780 2701 :
813 2658 962 2702 nam
1002 2640 1137 2722 pari
1179 2641 1419 2703 ratione
1458 2641 1618 2704 nihil
1663 2644 1864 2705 omni-

354 2756 447 2801 no
490 2746 705 2820 posset
748 2737 949 2800 creari
988 2757 1106 2800 nec
1145 2738 1225 2800 ab
1264 2747 1499 2803 aeterno
1538 2760 1743 2823 neque
1784 2742 1861 2804 de

352 2855 549 2911 novo,
584 2856 786 2918 quum
817 2836 1056 2899 creatio
1084 2835 1243 2899 nihil
1275 2848 1591 2920 supponat
1621 2858 1698 2902 ex
1728 2860 1863 2922 par·

348 2943 417 2996 te
457 2934 657 3013 facti3
698 2954 816 2997 nec
864 2934 1217 2997 secundum
1270 2944 1478 3017 potest
1518 2938 1669 3011 dici,
1710 2939 1861 3019 quia

350 3032 927 3095 contradictionem
972 3051 1099 3095 non
1142 3033 1449 3115 implicat.

438 3131 585 3193 Tria
614 3148 765 3213 ergo
796 3130 1121 3213 probanda
1152 3138 1339 3193 sunt:
1366 3133 1670 3213 primum,
1690 3134 1859 3214 quod

352 3246 487 3293 non
556 3237 869 3311 repugnat
936 3235 1241 3291 creaturae
1310 3232 1707 3311 permanenti
1779 3232 1859 3293 ab

353 3336 596 3392 aeterno
633 3348 775 3391 esse
816 3329 1227 3410 productam3
1270 3329 1645 3403 secundum,
1689 3332 1857 3411 quod

354 3426 562 3488 motui
610 3434 675 3488 et
716 3425 892 3488 omni
937 3426 1027 3487 rei
1078 3426 1455 3489 successiva}
1506 3436 1855 3509 repugnet3

351 3524 643 3595 tertium,
695 3525 865 3606 quod
914 3525 1059 3587 dato
1109 3526 1277 3606 quod
1330 3526 1447 3588 iste
1502 3534 1711 3589 motus
1758 3528 1857 3590 vel

351 3630 648 3685 creatura
696 3622 817 3685 sub
866 3630 1044 3684 motu
1093 3641 1219 3685 non
1270 3626 1548 3705 potuerit
1592 3645 1729 3688 esse
1777 3626 1858 3688 ab

350 3728 615 3793 aeterno,
654 3728 863 3782 tamen
913 3739 1040 3784 non
1089 3730 1183 3783 est
1236 3722 1383 3784 dare
1436 3723 1717 3805 primum
1769 3725 1858 3787 in-

350 3828 529 3883 stans
571 3827 721 3881 ante
762 3819 932 3901 quod
972 3838 1099 3883 non
1141 3820 1349 3901 potuit
1391 3840 1529 3883 esse
1572 3831 1858 3885 creatura

350 3914 475 3977 sub
522 3922 721 3978 motu.

436 4014 721 4076 Primum
775 4024 1037 4096 apparet
1088 4015 1447 4097 tripliciter,
1502 4018 1853 4080 secundum

352 4112 477 4173 tria
525 4132 671 4195 quae
729 4120 877 4174 sunt
934 4113 1011 4175 de
1070 4114 1311 4176 ratione
1371 4123 1691 4179 creaturae.
1746 4117 1855 4179 Est

1974 1976 2074 2019 res
2106 1956 2379 2020 fuissent
2408 1957 2488 2020 ab
2527 1966 2780 2021 aeterno.
2818 1958 2980 2039 Ergo
3019 1976 3142 2021 non
3179 1956 3469 2045 obstante

1974 2056 2145 2138 quod
2199 2057 2328 2137 agit
2381 2075 2494 2137 per
2539 2057 2957 2130 voluntatem,
3009 2064 3310 2119 creaturae
3362 2074 3470 2137 po-

1974 2162 2235 2216 tuerunt
2278 2174 2415 2217 esse
2459 2154 2540 2217 ab
2583 2163 2837 2217 aeterno.
2871 2190 2949 2202 —
2979 2155 3106 2217 Nec
3153 2162 3248 2217 est
3289 2173 3473 2236 repu-

1973 2254 2232 2335 gnantia
2289 2272 2365 2315 ex
2425 2261 2601 2336 parte
2661 2254 3118 2335 productioniS,
3179 2254 3471 2335 quamvis

1974 2353 2094 2415 hoc
2144 2353 2345 2433 magis
2393 2360 2694 2436 appareat
2739 2370 2754 2413 ε
2801 2371 2948 2413 nam
2999 2352 3132 2415 sive
3184 2359 3472 2413 creatura

1974 2451 2223 2513 dicatur
2264 2452 2570 2533 producta
2611 2450 2675 2512 in
2719 2450 3001 2524 instanti,
3035 2450 3170 2513 sive
3211 2450 3276 2511 in
3315 2458 3471 2512 tem-

1976 2566 2147 2629 pore,
2184 2550 2363 2630 sequi
2408 2550 2662 2611 videtur
2703 2548 2872 2630 quod
2915 2548 2996 2609 sit
3035 2548 3114 2609 de
3157 2566 3338 2611 novo.
3374 2548 3466 2611 Ad

1973 2647 2141 2728 quod
2175 2646 2654 2721 removendum,
2687 2646 3119 2728 distinguendi
3159 2654 3307 2709 sunt
3338 2665 3469 2710 mo-

1972 2745 2036 2806 di
2086 2743 2308 2818 fiendi,
2355 2744 2466 2825 qui
2512 2744 2575 2805 in
2627 2744 2927 2806 universo
2975 2752 3125 2807 sunt
3172 2753 3461 2827 quatuor.

1970 2843 2266 2917 Quaedam
2297 2861 2572 2923 namque
2602 2842 2770 2904 fiunt
2803 2862 2916 2924 per
2945 2851 3190 2906 motum
3220 2843 3464 2905 solum:

1972 2948 2041 3001 ut
2080 2960 2245 3022 aqua
2285 2960 2399 3022 per
2439 2950 2684 3003 motum
2729 2940 3160 3004 calefactionis
3203 2940 3280 3004 rit
3319 2942 3467 3004 oali-

1896 3038 1939 3101 C
1970 3039 2066 3101 da.
2103 3039 2243 3101 Alia
2282 3038 2449 3101 fiunt
2489 3058 2602 3121 per
2638 3041 3054 3103 mutationem
3095 3049 3466 3122 sequentem

1973 3146 2217 3199 motum
2249 3157 2326 3200 ex
2352 3138 2750 3212 necessitate,
2776 3140 3314 3220 quemadmodum
3346 3139 3470 3202 for-

1974 3254 2075 3297 ma
2130 3234 2566 3297 substantialis
2627 3255 2740 3317 per
2800 3237 3100 3317 praeviam
3153 3237 3468 3300 alteratio—

1971 3352 2138 3395 nem.
2189 3333 2505 3407 Quaedam,
2557 3353 2669 3415 per
2718 3334 3134 3397 mutationem
3183 3356 3325 3417 quae
3373 3355 3468 3398 se-

1970 3430 2192 3512 quitur
2223 3438 2490 3505 motum,
2523 3432 2632 3493 sed
2673 3450 2801 3495 non
2841 3450 2956 3514 per
2987 3440 3230 3495 motum
3260 3452 3468 3514 neque

1970 3550 2046 3591 ex
2095 3530 2469 3592 necessitate
2523 3548 2538 3592 ε
2591 3531 2758 3593 sicut
2817 3531 3214 3594 illuminatur
3267 3533 3468 3595 hemi-

1970 3626 2316 3709 sphaerium
2369 3634 2656 3691 nostrum
2701 3648 2738 3691 a
2781 3628 2914 3691 sole
2949 3645 2963 3690 :
2997 3648 3186 3710 quam
3235 3630 3468 3693 illumi-

1971 3726 2292 3788 nationem
2326 3726 2625 3807 praecedit
2657 3735 2866 3789 motus
2897 3727 3047 3790 solis
3081 3728 3319 3803 localiS,
3354 3748 3469 3810 per

1972 3842 2163 3904 quem
2214 3822 2499 3886 efficitur
2546 3824 2730 3887 nobis
2782 3844 3096 3906 praesens3
3143 3826 3208 3889 in
3259 3829 3467 3908 primo

1968 3929 2183 3983 autem
2225 3922 2486 3985 instanti
2527 3923 2782 4004 quando
2823 3923 3025 3985 sactus
3064 3932 3158 3987 est
3194 3926 3309 4000 sol,
3344 3926 3468 3989 fuit

1968 4038 2076 4081 aer
2108 4020 2506 4083 illuminatus
2538 4021 2778 4103 absque
2811 4023 3048 4104 praevio
3077 4023 3229 4086 solis
3265 4033 3460 4087 motu.

1967 4117 2220 4193 Quarto,
2254 4118 2468 4199 aliqua
2519 4118 2686 4181 fiunt
2734 4138 2860 4182 non
2910 4140 3020 4202 per
3065 4130 3306 4183 motum
3358 4130 3468 4184 aut

350 4211 530 4273 enim
578 4218 867 4273 creatura
906 4230 1019 4273 ens
1059 4213 1441 4293 productum
1480 4213 1561 4275 ab
1598 4214 1741 4277 alio.
1777 4216 1853 4277 Et
1884 4218 1935 4279 D
1968 4217 2407 4290 mutationem,
2429 4218 2539 4280 sed
2570 4217 2930 4299 simplicem
2963 4220 3462 4284 emanationem:

350 4308 597 4371 ratione
648 4327 778 4390 qua
822 4318 1109 4371 creatura
1152 4318 1248 4372 est
1295 4330 1430 4384 ens,
1470 4330 1593 4374 non
1646 4321 1852 4395 potest

350 4408 411 4469 ei
454 4424 809 4489 repugnare
854 4425 991 4468 esse
1032 4406 1111 4469 ab
1156 4416 1391 4471 aeterno
1426 4409 1711 4492 :alioqui
1757 4430 1849 4473 re-

348 4512 665 4587 pugnaret
696 4504 846 4578 Deo,
866 4505 969 4567 cui
1000 4506 1329 4587 potissime
1360 4508 1663 4589 competit
1692 4528 1843 4571 esse.

348 4603 413 4667 Si
464 4603 661 4683 igitur
704 4611 1007 4666 creaturae
1055 4612 1386 4686 repugnet,
1422 4606 1540 4668 hoc
1584 4607 1705 4669 erit
1746 4609 1844 4671 vel

345 4720 429 4762 ex
462 4709 639 4782 parte
680 4719 887 4763 causae
917 4702 1347 4782 producentiS,
1381 4704 1533 4785 quia
1570 4704 1650 4766 ab
1684 4706 1845 4785 alio;

346 4799 453 4861 vel
498 4798 743 4861 ratione
786 4799 1243 4880 productioniS‚
1276 4802 1425 4881 quia
1468 4821 1580 4864 ens
1621 4806 1850 4884 produ-

346 4906 565 4975 ctum3
594 4897 696 4959 vel
741 4897 981 4960 ratione
1020 4898 1278 4960 termini
1320 4920 1359 4958 a
1398 4921 1547 4979 qam,
1581 4903 1731 4983 quia
1769 4904 1847 4966 de

344 4994 573 5057 nihilo.
596 5030 676 5039 —
696 4995 873 5068 Quod
902 5003 1115 5058 autem
1147 5014 1273 5058 non
1305 4997 1387 5058 sit
1416 5017 1675 5063 necesse
1706 5020 1849 5064 cau-

344 5113 485 5156 sam
530 5101 823 5173 agentem
872 5093 1203 5155 duratione
1251 5096 1608 5175 praecedere
1658 5119 1844 5161 suum

344 5190 679 5265 eflectum,
712 5197 885 5273 patet
918 5208 933 5252 t
968 5190 1119 5273 quia
1150 5191 1269 5254 hoc
1299 5203 1467 5255 esset
1496 5195 1573 5257 de
1606 5198 1845 5260 ratione

342 5288 592 5369 agentis
622 5289 689 5350 in
718 5295 1030 5370 quantum
1062 5299 1157 5352 est
1186 5310 1377 5371 agens
1406 5292 1716 5371 absolute,
1739 5305 1848 5358 aut

1965 4314 2505 4395 quemadmodum
2555 4335 2696 4397 quae
2747 4324 3062 4390 creantur,
3114 4318 3180 4380 in
3231 4319 3465 4400 quibus

1965 4412 2111 4474 fieri
2154 4420 2220 4474 et
2261 4412 2500 4475 factum
2547 4434 2686 4477 esse
2726 4423 2875 4477 sunt
2913 4416 3128 4491 simul,
3161 4418 3254 4480 sic
3295 4421 3464 4501 quod

1965 4530 2264 4574 mensura
2313 4513 2650 4575 creationis
2695 4522 2792 4575 est
2842 4535 3020 4575 nunc
3065 4524 3259 4592 stam,
3293 4521 3462 4600 quod

1964 4610 2347 4674 coexsistere
2396 4620 2602 4692 potest
2651 4612 2945 4694 pluribus
2995 4633 3166 4676 nunc
3219 4624 3460 4699 tempo-

1961 4710 2067 4772 ris.
2132 4709 2259 4771 Nec
2321 4711 2751 4772 necessarium
2812 4719 2908 4773 est
2966 4712 3220 4794 aliquod
3285 4735 3457 4778 nunc

1960 4807 2265 4889 temporis
2296 4808 2397 4869 cui
2441 4808 2648 4889 primo
2687 4810 3045 4883 coexsistat,
3078 4830 3277 4892 quum
3317 4813 3456 4874 nul-

1960 4905 2058 4966 lus
2108 4914 2316 4967 motus
2365 4906 2746 4969 creationem
2795 4908 3126 4989 praecedat.
3171 4910 3273 4972 Sic
3324 4929 3451 4974 non

1957 5011 2053 5066 est
2111 5004 2541 5067 necessarium
2601 5005 2748 5067 dare
2795 5025 2833 5068 a
2880 5015 3057 5088 parte
3111 5016 3252 5089 post
3298 5010 3449 5072 ulti-

1960 5122 2135 5164 mum
2172 5121 2340 5164 nunc
2379 5104 2684 5185 temporis
2723 5104 2826 5166 cui
2866 5094 3115 5168 duratio
3149 5114 3450 5171 creaturae

1959 5201 2186 5263 ultimo
2217 5202 2571 5264 coexsistat.
2603 5203 2690 5264 Ex
2722 5203 2823 5265 his
2855 5205 2939 5266 ita
2970 5205 3256 5285 arguitur
3286 5224 3300 5268 :
3333 5208 3449 5271 Ac-

1960 5298 2047 5360 tio
2077 5318 2219 5379 quoe-
2251 5316 2376 5361 non
2408 5308 2502 5362 est
2532 5301 2911 5376 successiva,
2935 5303 3046 5365 sed
3078 5304 3309 5378 subita,
3332 5324 3448 5368 nec
