4334 6242
914 511 998 559 ΑΝ
1040 511 1275 560 ensem
1319 510 1576 569 namu,
1622 509 1758 556 sim·
1800 509 1842 556 A
1884 509 2002 556 nno
2044 509 2383 555 lunantur.
2424 509 2683 566 canan,
2724 509 2851 556 mc.
3354 495 3433 558 63

334 679 588 752 litatem,
603 683 903 763 produxit
934 682 1212 745 animam
1244 682 1431 764 primi
1464 681 1832 763 coeli‚quam
1861 680 1914 743 A
1943 680 2277 761 speciebus
2308 680 2431 742 sibi
2465 681 2813 743 concreatis
2835 698 2848 743 ε
2870 681 3089 763 sicque
3120 681 3257 762 ipsa
3286 699 3432 742 cum

333 777 486 839 dixit
524 778 798 842 formam
831 781 974 842 coeli
1013 780 1204 842 illius.
1238 780 1308 842 In
1339 787 1650 863 quantum
1683 797 1830 841 vero

333 875 644 939 intellexit
695 898 876 940 suam
925 879 1476 961 potentialitatem,
1522 878 1830 960 processit

332 974 410 1036 ab
451 995 526 1036 ea
567 995 802 1058 corpus
847 977 1018 1040 illius
1061 977 1252 1040 orbis.

412 1074 644 1136 Verum
707 1075 826 1137 ista
874 1076 1093 1158 opinio
1139 1084 1342 1138 exstat
1389 1094 1670 1150 erronea,
1725 1093 1831 1157 po-

336 1179 578 1253 testque
641 1173 962 1254 reprobari
1023 1193 1099 1236 ex
1159 1175 1260 1236 his
1317 1194 1458 1257 quae
1516 1174 1829 1236 concessit

331 1269 479 1330 alibi
530 1271 874 1334 Avicenna.
929 1273 1227 1335 Concedit
1287 1273 1584 1354 equidem
1645 1272 1830 1334 tertio

335 1367 772 1450 Metaphysieae
802 1390 954 1444 suat,
980 1370 1262 1452 capitulo
1293 1372 1574 1434 secundo
1601 1389 1674 1432 ac
1706 1378 1827 1432 ter-

333 1466 437 1538 tio,
469 1467 639 1548 quod
671 1487 810 1531 esse
841 1477 900 1530 et
933 1469 1207 1532 essentia
1238 1470 1491 1532 realiter
1519 1468 1828 1531 differunt

333 1563 394 1624 in
427 1565 865 1646 intelligentia.
902 1566 1190 1630 Essentia
1219 1575 1434 1630 autem
1471 1568 1826 1648 intelligen—

335 1663 430 1724 tiae
463 1681 590 1726 non
634 1664 841 1746 potuit
871 1666 1204 1747 proprium
1243 1685 1382 1728 esse
1424 1667 1772 1748 producere
1809 1684 1823 1728 :

329 1779 472 1842 ergo
513 1781 548 1824 a
596 1764 724 1825 Deo
771 1762 1032 1826 sue-runt
1075 1765 1258 1846 plura
1303 1765 1689 1839 immediate,
1733 1766 1825 1828 vi-

1943 778 2353 840 multitudine
2392 779 2740 841 formarum
2787 779 3039 840 illarum
3080 787 3176 841 est
3214 779 3437 841 imme-

1939 877 2108 939 diate
2151 897 2189 938 a
2232 878 2377 939 De0.
2412 913 2493 922 —
2520 878 2834 958 AmpliuS,
2879 897 3079 959 quum
3126 876 3439 940 universae

1940 974 2363 1056 perfectiones
2414 976 2477 1036 in
2530 976 2777 1037 cunctis
2836 994 3049 1038 rerum
3096 975 3439 1056 generibus

1941 1073 2335 1154 reperibiles‚
2368 1074 2905 1136 excellentissime
2935 1082 2996 1136 et
3030 1093 3177 1136 cum
3220 1073 3438 1136 intini-

1942 1182 2002 1234 ta
2039 1173 2388 1235 eminentia
2428 1174 2553 1235 sint
2586 1174 2651 1235 in
2692 1173 2841 1248 Dec,
2875 1181 2937 1236 et
2968 1181 3271 1236 creaturae
3311 1174 3440 1236 sint

1939 1272 2227 1352 quaedam
2263 1272 2777 1355 participationes
2810 1271 3272 1354 perfectionum
3306 1272 3439 1334 illa-

1938 1388 2103 1441 rum,
2139 1370 2505 1432 immediate
2552 1371 2882 1432 imitabilis
2930 1379 3027 1433 est
3066 1392 3103 1433 a
3147 1371 3434 1432 multitu-

1936 1468 2084 1529 dine
2117 1477 2545 1530 creaturarum
2588 1469 2940 1531 secundum
2972 1469 3253 1532 diversas
3296 1489 3433 1551 par-

1941 1566 2339 1648 ticipationes
2399 1566 2864 1648 perfectionum
2926 1567 3199 1629 illarum.
3259 1568 3432 1630 Unde

1939 1683 2063 1726 non
2110 1666 2317 1727 solum
2368 1675 2711 1747 potuerunt
2754 1665 2833 1728 ab
2877 1685 2952 1729 eo
2994 1667 3209 1749 aliqua
3252 1667 3435 1748 plura

1940 1763 2305 1826 immediate
2348 1783 2623 1838 manare,
2659 1766 2768 1828 sed
2804 1766 2998 1827 etiam
3040 1766 3253 1828 omnia
3291 1785 3433 1847 quae

329 1859 554 1922 delicet
611 1881 750 1924 esse
805 1869 997 1944 atque
1056 1864 1332 1925 essentia
1391 1864 1822 1944 intelligentia*
1865 1864 1911 1926 B
1941 1870 2087 1924 sunt
2129 1862 2194 1924 in
2238 1863 2578 1944 generibus
2621 1865 2866 1925 entium
2910 1864 2989 1926 ab
3034 1864 3173 1945 ipso
3216 1863 3434 1927 imme-

333 1958 566 2038 primae.
604 1995 678 2005 --
710 1960 1035 2034 Praeterea,
1069 1961 1135 2022 in
1165 1971 1385 2024 octava
1415 1962 1661 2044 sphaera
1695 1981 1820 2024 ma-

328 2074 444 2136 gna
473 2067 566 2118 est
603 2058 945 2121 multitudo
975 2068 1164 2141 atque
1195 2061 1528 2122 diversitas
1565 2069 1824 2143 propter

328 2154 756 2218 diversitatem
800 2157 1404 2240 multitudinemque
1443 2159 1770 2222 stellarum
1806 2179 1820 2222 :

329 2261 386 2314 et
425 2255 476 2315 si
519 2255 692 2317 orbis
736 2255 862 2329 ille,
899 2258 1254 2318 secundum
1283 2257 1694 2330 Avicennam,
1729 2264 1824 2318 est

329 2353 590 2432 primuS,
622 2361 717 2414 est
761 2354 844 2415 ab
887 2354 1305 2436 intelligentia
1351 2355 1592 2437 prima3
1635 2355 1687 2417 si
1732 2375 1824 2418 se-

325 2450 589 2525 cundm,
623 2459 718 2512 est
747 2472 784 2513 a
813 2453 1110 2514 secunda.
1145 2452 1269 2515 Aut
1299 2473 1448 2534 ergo
1489 2454 1552 2515 in
1595 2453 1823 2515 intelli-

323 2549 531 2628 gentia
561 2550 868 2612 creatrice
897 2550 1072 2612 orbis
1103 2551 1276 2612 illius
1309 2551 1428 2613 suit
1463 2559 1632 2614 tanta
1663 2552 1823 2614 mul-

325 2647 522 2710 titudo
565 2649 994 2710 intentionum
1039 2649 1543 2731 intelligibilium
1586 2658 1821 2732 quanta

324 2745 387 2806 in
416 2746 570 2808 orbe
609 2746 720 2808 illo
758 2747 1100 2810 multitudo
1129 2755 1225 2809 est
1257 2767 1492 2822 rerum,
1526 2748 1624 2810 vel
1667 2767 1812 2812 non.

1941 1961 2106 2022 diate
2136 1960 2485 2034 fluxerunt,
2520 1960 2812 2042 quamvis
2845 1961 3135 2042 quaedam
3176 1961 3432 2023 illorum

1941 2058 2306 2120 immediate
2356 2066 2417 2120 et
2466 2059 2737 2120 mediate
2795 2059 3008 2120 simul.
3061 2059 3213 2121 Dico
3261 2077 3431 2140 ergo,

1936 2157 2104 2237 quod
2154 2174 2376 2218 omnes
2426 2165 2728 2219 creaturae
2784 2165 2935 2219 sunt
2984 2158 3349 2220 immediate
3398 2177 3435 2220 a

1936 2254 2084 2327 Dec,
2139 2256 2249 2316 sed
2299 2256 2582 2337 quaedam
2634 2255 2999 2318 immediate
3049 2263 3319 2330 tantum,
3364 2263 3433 2317 ut

1934 2372 2155 2416 omnes
2186 2355 2391 2434 angeli
2430 2354 2895 2436 rationalesque
2925 2355 3173 2428 animae,
3209 2363 3271 2417 et
3300 2374 3434 2418 cor-

1933 2452 2176 2534 poralia
2205 2454 2415 2534 primo
2452 2454 2777 2534 producta,
2814 2453 3245 2515 institutiones
3277 2471 3429 2535 quo·

1931 2569 2055 2632 que
2117 2559 2178 2613 et
2248 2552 2413 2633 leges
2477 2551 2793 2613 naturales
2855 2571 3067 2613 rerum
3131 2551 3429 2633 primitus

1933 2651 2423 2729 productarum;
2476 2651 2764 2732 quaedam
2826 2669 2976 2713 vero
3037 2651 3308 2712 mediate
3365 2659 3428 2712 et

1931 2746 2317 2822 immediate,
2364 2757 2431 2810 ut
2475 2767 2548 2810 ea
2596 2769 2737 2830 quae
2786 2757 2935 2810 sunt
2982 2749 3064 2810 ab
3113 2749 3251 2831 ipso
3301 2769 3426 2811 me-

1929 2845 2251 2908 diantibus
2289 2847 2498 2909 causis
2540 2847 2859 2922 secundiS,
2892 2847 3059 2908 sicut
3097 2855 3421 2910 ostensum
3484 2863 3554 2922 cs.
3577 2865 3717 2918 axx.

327 2845 386 2905 si
431 2863 584 2919 non,
633 2853 786 2907 tunc
835 2864 962 2908 non
1013 2853 1108 2907 est
1157 2865 1380 2908 verum
1430 2847 1597 2929 quod
1651 2865 1818 2910 nono
3452 2943 3481 2983 p
3517 2930 3639 2973 6¹03

323 2944 758 3026 Metaphysicae
789 2945 943 3006 dicit
981 2962 995 3006 ε
1029 2945 1089 3006 Si
1122 2964 1200 3006 ex
1235 2945 1652 3026 intelligentia
1684 2965 1819 3028 pro-
1927 2951 2022 3004 est
2065 2944 2272 3024 primo
2318 2944 2497 3007 libro.
2543 2981 2622 2990 -
2664 2945 2808 3007 Haec
2849 2945 3219 3008 Richardus.

321 3042 491 3104 venit
539 3062 678 3105 esse
739 3043 1191 3117 multitudiniS‚
1244 3045 1364 3106 hoc
1413 3052 1508 3106 est
1558 3054 1816 3127 propter
1853 3043 1896 3106 C
2006 3041 2272 3123 Insuper
2310 3043 2387 3105 de
2426 3043 2525 3105 his
2564 3042 2788 3106 scribit
2818 3043 3113 3106 Albertus
3148 3063 3161 3106 ε
3196 3045 3423 3118 Quem-

325 3141 1244 3204 multitudinemintentionum
1276 3144 1714 3206 exsistentium
1747 3145 1812 3207 in
1926 3139 2268 3202 admodum
2331 3149 2507 3204 sexto
2565 3142 2937 3205 Ethicorum
2992 3143 3082 3204 ait
3138 3143 3421 3207 Philoso-

323 3240 555 3302 eadem.
610 3240 688 3301 Et
738 3249 1060 3322 praeterea,
1113 3241 1165 3302 si
1221 3241 1421 3321 major
1473 3242 1815 3306 multitudo
1929 3238 2114 3318 phu&
2148 3239 2401 3320 sapiens
2440 3247 2535 3301 ssSt
2572 3240 2683 3321 qui
2723 3259 2799 3302 ex
2840 3242 3081 3304 ratione
3126 3241 3277 3304 sinis
3317 3243 3422 3305 de-

325 3357 396 3398 ex
429 3339 671 3400 minore
715 3346 923 3420 potest
951 3339 1127 3414 oriri,
1162 3339 1298 3421 pari
1339 3341 1580 3403 ratione
1614 3362 1816 3424 pauca

327 3436 660 3500 multitudo
705 3438 1071 3499 immediate
1116 3447 1322 3520 potest
1363 3439 1514 3501 oriri
1557 3459 1633 3502 ex
1679 3441 1817 3502 uni-

325 3539 440 3596 tate
486 3552 501 3595 :
545 3534 767 3616 sicque
810 3554 847 3596 a
892 3536 1100 3616 primo
1151 3537 1470 3618 principio
1516 3547 1816 3620 poterunt

325 3631 528 3713 aliqua
565 3632 752 3714 plura
793 3633 1156 3696 immediate
1197 3636 1556 3716 procedere.
1598 3637 1660 3699 Si
1705 3657 1812 3699 au-

327 3737 442 3790 tem
493 3729 560 3791 in
616 3729 1053 3812 intelligentia,
1097 3751 1285 3794 causa
1326 3742 1562 3797 octavae
1612 3736 1812 3817 sphae-

327 3846 421 3901 rae,
458 3837 630 3889 tanta
659 3837 755 3890 est
787 3827 1130 3892 multitudo
1161 3831 1587 3893 intentionum
1619 3853 1814 3915 quan·

328 3931 380 3986 ta
407 3934 499 3988 est
533 3925 596 3987 in
641 3926 888 4007 sphaera
928 3926 1036 3988 illa
1078 3928 1421 3991 multitudo
1451 3949 1663 3992 rerum
1699 3951 1810 3994 seu

325 4023 636 4102 siderum3
667 4043 904 4105 queem,
938 4045 974 4087 a
1013 4044 1142 4107 quo
1181 4035 1276 4088 est
1319 4027 1426 4089 illa
1471 4029 1812 4092 multitudo

327 4119 382 4180 in
427 4121 854 4201 intelligentia
906 4123 1288 4186 immediate.
1333 4125 1396 4186 Si
1444 4144 1481 4186 a
1526 4126 1673 4200 Dec,
1715 4147 1810 4189 er-

1927 3344 2232 3399 monstrat
2257 3338 2564 3400 rationem
2594 3339 2805 3420 operis
2837 3340 2901 3401 in
2933 3339 3212 3421 quolibet
3234 3359 3425 3422 opere

1925 3453 2062 3508 suo,
2107 3443 2167 3496 et
2216 3435 2366 3498 facit
2409 3455 2482 3497 ac
2531 3437 2779 3498 ordinat
2830 3457 2902 3499 ea
2942 3458 3083 3520 quae
3133 3446 3302 3514 sunt,
3346 3440 3424 3502 ad

1928 3533 2098 3595 illius
2128 3534 2340 3616 operis
2383 3533 2601 3596 finem.
2637 3534 2971 3617 Quumque
3006 3536 3245 3599 bonurn
3288 3539 3425 3600 uni-

1924 3633 2090 3695 versi
2140 3632 2441 3695 consistat
2493 3633 2555 3694 in
2605 3633 2733 3696 Deo
2784 3641 3081 3716 tanquam
3143 3635 3209 3697 in
3257 3637 3418 3699 duce

1923 3729 2261 3803 exercitus,
2279 3738 2465 3810 prout
2497 3731 2835 3792 undecimo
2864 3731 3303 3815 Metaphysicae
3332 3734 3419 3794 di-

1925 3829 2110 3902 citur,
2143 3848 2245 3890 ars
2286 3828 2350 3889 in
2381 3829 2508 3890 Deo
2538 3829 3082 3909 comprehendens
3112 3839 3173 3891 et
3204 3831 3417 3914 dispo-

1923 3947 2080 3989 nens
2112 3927 2387 4009 qualiter
2418 3926 2653 3989 bonum
2689 3926 2969 3988 universi
3002 3928 3419 4010 participetur

1921 4026 2000 4087 ab
2045 4024 2367 4099 omnibus,
2411 4025 2560 4087 licet
2604 4025 2666 4086 in
2713 4025 2840 4086 Deo
2890 4025 2972 4086 sit
3013 4044 3158 4099 una,
3204 4034 3413 4090 tamen

1925 4124 2122 4186 multa
2173 4125 2463 4196 includit,
2505 4131 2565 4184 et
2610 4123 2871 4204 respicit
2916 4124 3414 4206 unumquodque

325 4237 394 4297 go
429 4220 614 4301 plura
653 4239 690 4281 a
728 4221 858 4282 Deo
903 4221 1268 4283 immediate
1315 4233 1760 4304 processerunt
1792 4243 1805 4287 ε
1840 4227 1888 4288 D
1919 4223 2261 4286 secundum
2290 4221 2639 4301 analogiam
2672 4230 2734 4282 et
2766 4221 3199 4283 habitudinem
3230 4242 3414 4304 quam

325 4319 478 4398 quod
519 4318 847 4380 Avicenna
896 4319 1164 4400 negavit.
1211 4321 1272 4383 Si
1319 4342 1355 4383 a
1400 4341 1466 4384 se
1513 4323 1669 4403 ipsa,
1703 4333 1811 4387 aut

325 4433 458 4495 ergo
496 4435 534 4477 a
571 4436 642 4478 se
686 4417 826 4498 ipsa
871 4418 1187 4480 mediante
1229 4419 1352 4481 alia
1404 4421 1808 4484 multitudine

327 4513 414 4574 isti
463 4515 715 4596 aequali,
756 4523 866 4577 aut
912 4534 1058 4579 non.
1104 4517 1167 4579 Si
1213 4535 1361 4592 non,
1405 4527 1555 4580 tunc
1609 4520 1810 4600 major

326 4612 652 4676 multitudo
703 4615 1069 4677 immediate
1119 4616 1392 4677 oriretur
1433 4636 1470 4678 a
1519 4617 1750 4680 minori
1790 4637 1804 4682 :

323 4719 378 4772 ct
412 4711 500 4772 sic
541 4713 722 4792 argui
764 4720 971 4793 potest
1012 4721 1081 4775 ut
1121 4713 1317 4795 prius,
1351 4715 1520 4795 quod
1564 4716 1808 4779 scilicet

325 4808 504 4870 simili
546 4810 788 4872 ratione
830 4829 1024 4892 parva
1064 4811 1406 4874 multitudo
1443 4812 1806 4877 immediate

327 4915 522 4986 posset
551 4906 631 4969 ab
673 4926 801 4970 uno
844 4909 1202 4990 procedere.
1239 4910 1453 4990 ltaque
1483 4911 1807 4974 Avicenna

324 5007 662 5068 ostenditur
718 5007 843 5068 sibi
905 5007 1026 5089 ipsi
1085 5009 1556 5082 contradixisse,
1618 5019 1808 5091 atque

327 5103 704 5182 phantastice
761 5123 902 5166 esse
963 5106 1230 5167 locutus
1273 5141 1354 5150 ——-
1401 5107 1687 5190 Insuper,
1743 5109 1808 5170 in

331 5199 479 5263 libro
517 5203 595 5265 de
639 5203 858 5266 Causis
904 5202 1192 5277 habetur,
1236 5205 1406 5286 quod
1455 5205 1811 5288 intelligen-

333 5297 410 5360 tia
439 5309 528 5362 est
558 5301 749 5384 plena
787 5300 1032 5375 formiS,
1068 5302 1131 5363 id
1166 5311 1261 5364 est
1292 5303 1808 5385 intelligibilibus

1922 4322 2109 4384 habet
2139 4320 2217 4382 ad
2258 4319 2495 4382 bonum
2533 4326 2595 4381 et
2625 4319 2914 4382 ordinem
2956 4321 3257 4394 universi,
3292 4323 3411 4384 sic-

1921 4429 1989 4483 ut
2027 4440 2127 4481 ars
2172 4417 2583 4480 domisicandi
2637 4419 2964 4480 concernit
3012 4420 3224 4482 omnia
3270 4441 3411 4502 quae

1919 4519 2331 4600 requiruntur
2376 4517 2452 4578 ad
2500 4517 2759 4579 domum
2804 4524 2993 4598 atque
3034 4519 3111 4579 ad
3154 4519 3293 4598 ejus
3336 4519 3413 4581 fi-

1919 4636 2066 4680 nem
2101 4615 2456 4677 necessaria
2495 4623 2660 4676 sunt.
2697 4616 2769 4677 Et
2802 4616 3103 4698 quoniam
3136 4615 3406 4691 bonitaS‚

1916 4712 2371 4797 omnipotentia
2400 4721 2464 4775 et
2492 4713 2803 4795 sapientia
2832 4713 2939 4774 Dei
2973 4714 3407 4794 repraesentari

1918 4833 2042 4876 non
2093 4813 2297 4895 quivit
2360 4812 2635 4895 perfecte
2688 4812 2747 4873 in
2802 4831 2928 4873 uno
2975 4818 3119 4872 ente
3178 4819 3407 4886 creato,

1917 4913 2024 4974 sed
2060 4913 2270 4994 potius
2304 4912 2368 4973 in
2400 4921 2530 4974 toto
2561 4911 2855 4973 universo
2884 4929 2957 4971 ac
2986 4909 3206 4972 ordine
3235 4910 3409 4990 ejus3

1919 5012 2060 5074 ideo
2091 5012 2387 5073 universa
2422 5010 2740 5092 produxit,
2773 5017 2835 5071 et
2865 5008 3049 5091 plura
3084 5009 3411 5072 immedia-

1920 5117 1978 5170 te
2011 5109 2267 5171 creavit.
2302 5145 2381 5153 —
2414 5109 2557 5170 ldeo
2586 5116 2749 5170 stare
2786 5125 2911 5168 non
2953 5114 3161 5187 potest
3195 5107 3413 5188 opinio

1916 5207 2275 5269 Avicennae.
2310 5208 2443 5269 Imo
2482 5206 2832 5268 secundum
2875 5224 3014 5266 eam
3060 5204 3413 5284 intelligen-

1921 5305 2012 5367 tia
2057 5304 2299 5386 aliquid
2350 5313 2580 5387 posset,
2625 5303 2919 5366 videlicet
2964 5301 3148 5384 plura
3194 5301 3411 5364 imme-
