4334 6242
567 4491 628 4537 Dc
648 4487 788 4535 Divin.

524 4571 641 4602 nom.
663 4570 703 4600 C.
720 4569 760 4598 u.

824 445 944 510 254

1502 465 1567 511 m
1608 465 1829 512 mamm
1870 465 1914 510 11
1956 462 2438 511 SENTENTIARUM.
2481 481 2563 492 ··-
2603 463 2755 510 ms'r.
2803 467 2910 528 1113
2953 464 3177 522 QUAEST.
3221 465 3260 512 V

826 653 968 697 eam
1018 651 1203 716 posse
1248 651 1501 696 movere
1546 633 1671 696 nisi
1714 633 1772 696 ci
1816 633 2058 714 aliquid
2108 631 2328 714 impri-
2355 631 2408 696 A
2439 631 2567 694 cies
2626 632 2690 694 in
2750 631 3076 696 intellectu
3125 634 3435 697 exsistens
3483 635 3744 697 omnino
3789 635 3950 698 ahs-

830 734 1083 808 mendo‚
1118 734 1287 814 quod
1332 750 1459 795 non
1500 733 1755 794 videtur
1798 731 2120 814 possibile.

906 833 1142 894 Verum
1183 832 1260 894 de
1302 831 1401 893 his
1446 849 1571 894 non
1615 831 1817 893 audeo
1860 830 2194 892 assertorie
2229 830 2328 910 ju-

829 931 1062 1006 dicare,
1095 950 1293 1012 quum
1326 937 1570 992 certum
1602 930 1684 991 sit
1716 947 1829 992 nos
1858 949 1896 991 a
1926 929 2135 1010 plena,
2160 927 2329 990 clara

828 1035 891 1092 et
923 1035 1092 1091 certa
1122 1029 1347 1091 notitia
1378 1027 1806 1109 angelicarum
1840 1026 2322 1108 proprietatum,

828 1127 1063 1190 virium
1122 1134 1185 1189 et
1232 1127 1695 1208 operationum,
1746 1133 1875 1186 tam
1938 1124 2324 1186 naturalium

826 1245 1018 1308 quam
1064 1226 1505 1307 gratuitarum,
1542 1225 1954 1286 vehementer
1995 1221 2270 1284 deficere
2306 1241 2320 1285 ε

825 1325 1065 1406 quippe
1104 1324 1214 1406 qui
1250 1343 1287 1385 a
1316 1322 1718 1385 sensibilium
1760 1322 2119 1403 cognitione
2158 1328 2322 1395 eate-

824 1441 945 1485 nus
990 1421 1355 1502 caligamus.

905 1520 1181 1582 Evidens
1212 1538 1466 1602 quoque
1498 1519 1689 1601 hujus
1721 1527 1816 1582 est
1846 1519 2122 1600 signum,
2152 1518 2321 1600 quod

823 1619 1113 1682 doctores
1174 1620 1250 1681 de
1310 1619 1410 1682 his
1469 1627 1597 1682 tam
1656 1619 2079 1682 diversimode
2134 1619 2325 1680 senti-

825 1726 959 1780 unt.
994 1718 1149 1780 Nam
1182 1726 1243 1780 et
1270 1718 1699 1780 Bonaventura
1730 1718 1898 1780 circa
1936 1717 2069 1780 haec
2100 1716 2324 1778 recitat

2435 730 2626 792 trahit
2655 750 2692 792 a
2723 733 3005 804 materia,
3040 732 3216 794 nullo
3257 733 3443 796 modo
3483 741 3578 794 est
3609 733 3674 795 in
3705 734 3942 796 eodem

2437 828 2762 890 intellectu
2811 847 3046 911 ponere
3095 829 3332 892 formas
3384 849 3497 892 seu
3548 832 3790 914 species
3842 831 3948 893 di·

2434 945 2648 989 versas
2705 927 2839 990 solo
2895 946 3164 990 numero
3220 928 3608 992 differentes.
3655 930 3720 992 Si
3776 947 3944 1010 ergo

2436 1025 2796 1088 intellectus
2843 1027 3167 1108 angelicus
3217 1027 3407 1089 habet
3453 1027 3741 1090 omnium
3789 1027 3946 1090 uni-

2435 1124 2776 1186 versalium
2809 1125 3053 1206 species
3085 1125 3354 1198 innataS,
3387 1126 3631 1188 nullam
3659 1126 3944 1190 ulterius

2433 1221 2662 1303 recipit
2705 1223 3008 1304 speciem,
3041 1224 3150 1284 sed
3197 1223 3594 1286 sufficienter
3635 1243 3747 1307 per
3783 1225 3942 1288 illas

2433 1319 2648 1382 omnia
2691 1321 2915 1383 noscit.

2515 1418 2986 1500 consequenter
3025 1421 3274 1484 tertiam
3317 1421 3496 1504 ponit
3533 1421 3936 1506 opinionem,

2433 1535 2574 1599 quae
2613 1519 3058 1600 complectitur
3101 1520 3167 1582 in
3207 1539 3273 1582 se
3312 1521 3692 1603 positionem
3731 1541 3938 1604 quam

2433 1616 2721 1697 sequitur
2779 1617 3070 1692 ThomaS,
3121 1627 3184 1680 et
3243 1638 3434 1680 unam
3491 1638 3710 1682 earum
3767 1641 3938 1702 quas

2433 1715 2654 1775 recitat.
2683 1715 2900 1776 Petrus
2935 1736 2948 1778 ε
2986 1716 3164 1790 Hinc,
3198 1716 3427 1797 inquit,
3461 1725 3556 1778 est
3594 1719 3777 1780 tertia
3817 1737 3940 1800 po-

823 1817 1283 1899 praeinductam
1316 1818 1793 1898 responsionem
1825 1816 2087 1890 Alberti,
2124 1816 2226 1877 cui
2259 1822 2320 1877 et
2357 1815 2405 1878 B
2435 1812 2602 1887 sitio,
2635 1813 2803 1895 quod
2844 1815 3105 1894 angelus
3145 1814 3359 1877 omnia
3399 1817 3603 1878 noscit
3639 1836 3750 1899 per
3787 1837 3942 1899 spe-

824 1915 1095 1978 Thomas
1128 1916 1496 1994 concordat3
1527 1934 1601 1977 ac
1634 1914 1950 1996 improbat
1978 1932 2116 1975 eam
2148 1931 2162 1974 ε
2199 1912 2323 1974 Dif—

820 2014 1018 2089 ficile,
1068 2016 1385 2097 inquienS,
1432 2023 1529 2076 est
1579 2015 1817 2085 videre,
1865 2012 2137 2094 qualiter
2183 2031 2322 2093 spe-

825 2113 957 2175 cies
990 2120 1223 2194 queant
1254 2113 1319 2174 in
1350 2112 1574 2192 angelo
1607 2109 2037 2192 multiplicari.
2063 2109 2318 2190 Species

821 2212 996 2273 enim
1048 2211 1238 2273 unius
1281 2211 1372 2272 rei
1422 2228 1548 2273 non
1596 2217 1855 2290 generat
1898 2208 2177 2290 speciem
2227 2207 2316 2268 rei

819 2311 1084 2374 omnino
1133 2309 1492 2375 differentis
1535 2328 1570 2370 a
1614 2328 1703 2383 se,
1747 2327 1863 2370 nec
1912 2309 2132 2370 eadem
2183 2326 2319 2388 spe-

822 2410 950 2472 cies
1010 2409 1395 2490 multiplicat
1444 2426 1511 2470 sc
1570 2407 1637 2468 in
1692 2407 1907 2468 anima
1963 2406 2316 2468 secundum

820 2527 1184 2582 numerum,
1218 2526 1417 2589 quum
1458 2507 1525 2568 in
1566 2524 1693 2567 una
1722 2505 1804 2567 sit
1830 2505 2065 2578 anima,
2099 2522 2318 2585 quem-

818 2606 1162 2668 admodum
1194 2612 1257 2667 et
1289 2605 1478 2666 unius
1512 2603 1747 2684 objecti
1789 2622 1916 2664 una
1945 2609 2040 2664 est
2069 2602 2315 2684 species

820 2705 885 2766 in
932 2721 1059 2766 uno
1101 2703 1360 2786 speculo
1404 2701 1697 2765 indivis0.

902 2802 1140 2864 Deinde
1189 2801 1569 2883 positionem
1619 2819 1695 2862 ex
1744 2799 2053 2862 Richardo
2105 2817 2317 2860 narra-

820 2908 949 2962 tam
994 2898 1187 2961 refert
1231 2905 1293 2960 et
1335 2897 1631 2980 reprobat-
1664 2916 1678 2960 ε
1711 2897 1855 2959 lloec
1898 2897 2174 2977 (dicens)
2212 2915 2319 2978 po-

2431 1913 2560 1974 cies
2601 1913 2869 1988 innatas,
2903 1932 3028 1976 non
3071 1915 3222 1997 quia
3259 1934 3386 1977 non
3427 1916 3626 1996 possit
3653 1917 3731 1978 de
3761 1933 3940 1979 novo

2431 2011 2714 2093 recipere
2755 2013 3022 2094 specieS‚
3057 2013 3206 2095 quia
3244 2014 3298 2076 si
3329 2015 3494 2076 Deus
3533 2032 3760 2076 novam
3791 2033 3938 2078 cre·

2431 2117 2564 2171 aret
2605 2118 2918 2184 naturam,
2951 2112 3214 2193 angelus
3256 2119 3365 2174 aut
3406 2111 3582 2174 illam
3627 2114 3930 2186 nesciret,

2430 2217 2538 2270 aut
2569 2209 2646 2270 de
2687 2227 2851 2272 novo
2890 2211 3170 2292 speciem
3211 2211 3351 2290 ejus
3390 2211 3700 2293 reciperet
3733 2230 3748 2273 :
3783 2212 3936 2275 ideo

2432 2307 2565 2370 haec
2615 2326 2742 2370 non
2795 2315 2892 2369 est
2939 2309 3119 2383 ratio,
3171 2309 3280 2370 sed
3339 2310 3481 2384 hoc,
3533 2311 3702 2392 quod
3759 2310 3934 2372 Deus

2429 2406 2740 2486 gloriosus
2780 2415 2842 2468 et
2880 2406 3252 2469 benedictus
3303 2408 3696 2471 intellectum
3739 2427 3936 2490 ange-

2431 2505 2626 2566 licum
2671 2505 3041 2587 possibilem
3087 2513 3180 2568 tot
3223 2506 3558 2588 speciebus
3609 2507 3928 2589 implevit,

2431 2603 2598 2685 quod
2639 2622 2755 2684 per
2792 2623 2896 2666 eas
2939 2612 3142 2685 potest
3173 2622 3550 2684 cognoscere
3590 2606 3806 2668 omnia
3843 2605 3932 2667 si·

2431 2719 2509 2762 ne
2543 2718 2703 2763 nova
2733 2702 3277 2783 receptione.ldeo
3300 2703 3534 2765 dicitur
3565 2703 3932 2766 intellectus

2428 2799 2752 2879 angelicus
2781 2819 2920 2861 esse
2953 2800 3015 2861 in
3047 2808 3192 2862 actu
3223 2809 3515 2882 respectu
3549 2820 3928 2872 rerum‚non

2429 2897 2579 2978 quia
2613 2916 2680 2959 56
2716 2897 2854 2979 ipso
2885 2898 2967 2959 sit
2999 2898 3064 2959 in
3103 2906 3269 2973 actu,
3305 2898 3405 2961 vel
3444 2900 3594 2981 quia
3632 2901 3715 2961 sit
3743 2908 3930 2962 actus

819 2999 967 3061 sitio
997 2998 1249 3059 videtur
1280 2996 1605 3058 includere
1636 2997 1762 3058 duo
1791 2996 2103 3078 opposita,
2138 3003 2314 3077 puta,
2350 2994 2394 3058 C
2426 3014 2648 3077 puruS,
2681 2996 2790 3058 sed
2832 2997 2980 3077 quia
3027 3015 3139 3078 per
3178 2997 3423 3077 species
3469 2997 3676 3060 factus
3717 3005 3813 3060 est
3859 2998 3930 3060 in

818 3097 986 3178 quod
1017 3097 1279 3177 angelus
1308 3095 1537 3158 habeat
1562 3095 1807 3178 species
1840 3093 2313 3166 universalium,

818 3203 1081 3277 postque
1112 3194 1417 3276 suscipiat
1441 3193 1687 3275 specics
1718 3192 2157 3272 singularium.
2174 3193 2319 3273 Spe-

819 3295 948 3356 cies
992 3293 1231 3375 quippe
1274 3291 1693 3372 singularium
1736 3291 2024 3370 ejusdem
2075 3297 2314 3353 naturae

819 3390 1139 3473 specificae
1186 3407 1313 3451 non
1370 3389 1494 3450 nisi
1552 3406 1822 3450 numero
1870 3387 2201 3462 differunt,
2252 3394 2315 3449 et

820 3487 1217 3570 impossibile
1275 3495 1371 3549 est
1421 3487 1774 3548 accidentia
1829 3485 2121 3565 ejusdem
2179 3505 2316 3567 spe-

818 3588 938 3650 ciei
972 3587 1037 3648 in
1067 3587 1288 3649 eodem
1330 3584 1619 3666 subJecto
1650 3603 1788 3646 esse
1818 3584 2069 3646 diversa
2098 3602 2317 3645 nume·

818 3703 908 3748 r0.
944 3685 1168 3748 Nullus
1212 3684 1405 3765 igitur
1444 3683 1804 3746 intellectus
1846 3689 2051 3764 potest
2082 3682 2316 3746 habere

819 3785 976 3846 duas
1022 3782 1457 3862 intelligibiles
1499 3781 1743 3863 species
1788 3780 2067 3842 hominis
2110 3797 2124 3843 ε
2167 3799 2317 3862 ergo

818 3883 873 3946 si
913 3881 1105 3944 habet
1143 3899 1335 3942 unam
1378 3880 1680 3953 innatam,
1714 3897 1841 3942 non
1881 3886 2089 3960 potest
2125 3877 2317 3941 aliam

821 3980 1112 4063 ejusdem
1161 3978 1397 4062 speciei
1443 3978 1748 4060 recipere,
1796 3979 1963 4039 sicut
2010 3995 2127 4062 nec
2178 3978 2318 4042 duae

816 4079 1144 4144 albedines
1192 4079 1257 4139 in
1306 4078 1528 4140 eodem
1581 4083 1730 4139 sunt
1776 4093 2061 4158 corpore,
2108 4076 2172 4138 id
2222 4083 2318 4140 est

2423 3101 2589 3155 actu.
2642 3095 2807 3156 Deus
2857 3094 3094 3156 etenim
3145 3095 3210 3156 in
3269 3095 3512 3176 angelis
3561 3097 3930 3159 concreavit

2425 3191 2670 3271 species
2720 3191 3110 3254 universales
3161 3211 3374 3255 rerum
3423 3193 3711 3255 omnium
3761 3193 3928 3256 sien-

2421 3291 2668 3364 darum,
2703 3308 2816 3372 per
2849 3309 3006 3371 quas
3047 3298 3318 3372 possunt
3341 3291 3557 3353 omnia
3598 3293 3927 3356 universa-

2424 3389 2509 3450 lia
2539 3395 3016 3469 cognoscere,et
3044 3389 3238 3450 etiam
3269 3389 3634 3470 singularia,
3651 3391 3760 3452 sed
3793 3409 3926 3453 non

2424 3486 2546 3548 nisi
2583 3493 2966 3567 componant
2999 3505 3104 3547 eas
3137 3486 3215 3547 ad
3253 3485 3528 3548 invicem
3565 3503 3578 3548 :
3616 3495 3684 3548 ut
3719 3489 3774 3550 si
3817 3489 3928 3552 ha-

2423 3583 2608 3646 beam
2657 3584 2826 3665 apud
2875 3603 2978 3646 me
3021 3584 3300 3666 speciem
3351 3583 3596 3665 ligurio,
3637 3587 3926 3667 speciem

2425 3682 2724 3756 homini3‚
2767 3681 3047 3764 speciem
3098 3682 3326 3745 coloris
3374 3691 3438 3744 et
3484 3684 3813 3765 temporiS,
3859 3694 3928 3749 et

2426 3799 2803 3863 componam
2862 3782 2940 3843 ad
2999 3780 3297 3852 invicem,
3349 3800 3726 3862 cognoscam
3781 3785 3925 3848 sine

2427 3898 2590 3942 nova
2651 3879 2888 3962 speciei
2957 3880 3319 3962 receptione
3383 3881 3790 3945 individuum
3855 3883 3923 3947 in

2427 3979 2684 4061 propria
2751 3987 2992 4040 natura.
3054 3979 3346 4041 Attamen
3409 3981 3713 4060 quoniam
3775 3982 3924 4045 talis

2428 4077 2804 4160 compositio
2834 4084 3001 4139 esset
3029 4076 3207 4138 fictio
3235 4085 3425 4160 atque
3456 4078 3768 4161 deceptio,
3797 4080 3928 4144 nisi

818 4179 886 4242 in
935 4179 1154 4242 eadem
1207 4177 1489 4259 corporis
1538 4184 1734 4258 parte.
1789 4175 1962 4249 Quod
2013 4175 2067 4236 si
2118 4175 2312 4251 dicaS,
2346 4183 2396 4248 D
2427 4185 2592 4240 esset
2621 4177 2973 4239 secundum
3004 4175 3446 4238 certitudinem
3471 4185 3536 4239 et
3561 4196 3932 4262 correspon-

819 4276 1087 4341 duarum
1119 4275 1487 4338 albedinum
1519 4275 1973 4336 similitudines
2004 4273 2071 4336 in
2096 4274 2316 4337 eodem

818 4394 963 4439 aere
992 4393 1151 4450 esse,
1185 4374 1434 4438 diversa
1462 4391 1716 4456 quoque
1754 4372 1995 4435 lumina
2023 4372 2312 4453 ejusdem

819 4481 1081 4546 naturai,
1116 4480 1185 4534 ut
1214 4472 1469 4534 divinus
1509 4471 1844 4554 Dionysius
1882 4472 1991 4544 ait,
2026 4479 2087 4533 et
2119 4471 2313 4535 facies

818 4573 1089 4636 duorum
1123 4570 1454 4634 hominum
1487 4569 1551 4631 in
1582 4569 1801 4631 eadem
1835 4569 2144 4650 imaginc3
2187 4588 2313 4633 non

816 4681 911 4735 est
956 4671 1188 4746 simile,
1221 4670 1524 4752 quoniam
1570 4669 1736 4731 idola
1785 4688 1896 4730 scu
1948 4669 2312 4732 similitudi-

816 4791 927 4836 nes
958 4779 1020 4834 et
1051 4770 1295 4834 lumina
1332 4769 1811 4848 distinguuntur
1852 4770 1916 4830 in
1958 4769 2167 4831 medio
2199 4789 2314 4851 per

813 4889 959 4934 suas
998 4871 1292 4952 origines,
1330 4869 1561 4949 Sicque
1592 4866 1843 4929 videtur
1872 4866 2039 4928 dicta
2080 4868 2311 4948 positio

814 4968 1145 5052 implicare
1178 4967 1508 5030 contraria.
1532 5000 1613 5011 —
1641 4964 1955 5045 Amplius,
1980 4965 2032 5026 si
2063 4967 2309 5047 species

812 5077 909 5132 est
953 5074 1156 5130 totum
1199 5084 1339 5128 esse
1382 5065 1647 5128 formale
1697 5063 2196 5138 individuorum,
2240 5072 2311 5127 ut

812 5168 968 5232 dicit
1003 5166 1279 5241 Boetius,
1314 5182 1432 5228 nec
1471 5171 1568 5226 est
1605 5163 2024 5226 individuatio
2066 5161 2193 5226 nisi
2231 5183 2308 5227 ex

814 5267 1263 5352 conjunctione
1298 5264 1519 5330 sormae
1550 5281 1698 5326 cum
1738 5261 2036 5342 materia3
2078 5261 2132 5324 si
2172 5281 2310 5345 spe-

2426 4276 2704 4339 dentiam
2743 4276 2822 4337 ad
2863 4293 2997 4337 rem
3038 4275 3242 4356 ipsam
3278 4293 3292 4339 ε
3326 4275 3468 4338 ideo
3495 4276 3760 4357 angelus
3800 4278 3930 4341 sin·

2425 4375 2668 4456 gularia
2717 4392 2842 4436 non
2894 4374 3238 4455 cognoscit,
3281 4374 3406 4436 nisi
3454 4375 3684 4457 dirigat
3733 4395 3930 4442 suum

2423 4475 2796 4556 adspectum
2846 4492 3038 4555 supra
3095 4472 3523 4554 cognoscibile
3573 4474 3810 4557 ipsum,
3863 4485 3932 4541 et

2424 4573 2775 4638 secundum
2818 4573 2975 4634 illud
3015 4572 3184 4655 quod
3225 4579 3319 4634 est
3351 4572 3415 4633 in
3455 4591 3544 4646 re,
3579 4573 3716 4656 ipse
3753 4593 3930 4639 corn-

2423 4680 2616 4757 ponat
2654 4672 2901 4754 species
2943 4671 3008 4733 in
3049 4689 3153 4750 se3
3195 4671 3416 4753 sicque
3455 4671 3645 4734 habet
3677 4673 3763 4736 ita
3799 4675 3928 4738 cla-

2422 4792 2559 4834 ram
2607 4778 2669 4834 et
2718 4779 2956 4833 certam
3007 4771 3433 4850 cognitionem
3483 4772 3562 4832 de
3612 4791 3700 4845 rc,
3751 4773 3928 4838 sicut

2421 4872 2473 4932 si
2516 4871 2796 4952 speciem
2837 4869 2976 4949 ejus
3016 4869 3228 4930 statim
3271 4870 3599 4950 reciperet.
3634 4870 3778 4934 Haec
3810 4891 3925 4954 po-

2419 4970 2567 5030 sitio
2617 4969 2815 5049 magis
2877 4968 3102 5050 placet,
3155 4968 3460 5049 quoniam
3509 4987 3774 5032 concors
3823 4980 3928 5036 est

2417 5067 2669 5141 rationi,
2711 5074 2773 5129 et
2821 5065 3262 5149 philosophiae,
3307 5085 3383 5128 ac
3429 5067 3792 5149 Scripturae.
3837 5105 3924 5118 —

2416 5165 2561 5228 Haec
2619 5165 3074 5227 Bonaventura.
3125 5165 3359 5226 Verum
3417 5165 3568 5227 huic
3625 5166 3920 5248 opinioni

2414 5263 2610 5346 objici
2641 5271 2870 5348 potest,
2899 5271 3086 5348 prout
3117 5264 3315 5348 tangit
3345 5264 3716 5342 RicharduS,
3737 5269 3918 5351 quod

3983 1739 4236 1795 Cfip.252
4253 1741 4304 1782 Β.
