4334 6242
1364 516 1451 563 AN
1490 516 1673 563 AEvtm
1711 516 1999 563 unissima
2040 516 2133 561 sn·
2173 516 2542 563 ANGRLomm
3389 500 3505 565 143

366 683 552 764 quia
610 684 728 747 hoc
776 693 1099 769 oporteret
1148 685 1419 768 intelligi
1478 686 1553 749 de
1604 704 1903 747 mensura
1929 684 1981 747 A
2009 685 2137 747 dici
2189 692 2395 767 potest
2442 704 2649 749 aevum
2700 694 2990 769 respectu
3039 686 3361 750 inferioris
3396 705 3412 750 ι
3443 695 3508 750 et

368 782 775 857 durat-ioni8‚
820 784 899 847 de
944 785 1128 865 cujus
1169 785 1410 847 ratione
1450 793 1546 846 est
1590 784 1759 867 quod
1796 784 1901 845 ha·
2010 781 2101 843 sic
2130 800 2388 864 quoque
2421 791 2510 845 tot
2538 790 2688 845 sunt
2713 804 2844 846 aeva
2873 791 3028 866 quot
3055 785 3505 859 aeviterna,hoc

370 879 547 942 beat
586 883 1020 945 causalitatem
1060 902 1251 965 super
1283 902 1356 945 ea
1387 901 1657 965 quorum
1696 882 1901 944 fertur
2008 880 2289 960 dempto,
2322 882 2492 961 quod
2534 882 2600 942 in
2641 880 2868 943 ultimo
2911 874 3213 945 aeviterno
3253 881 3504 944 nullum

372 998 735 1061 mensura3
770 981 905 1062 jam
940 982 1143 1063 patuit
1173 983 1293 1044 hoc
1323 1001 1547 1044 verum
1579 998 1707 1043 non
1735 1000 1895 1053 esse,
2008 984 2105 1039 est
2150 997 2381 1051 aevum,
2433 979 2586 1059 quia
2640 978 3010 1041 exsistentia
3065 980 3204 1059 ejus
3263 978 3504 1041 nullam

372 1096 603 1158 quum
641 1098 759 1141 nec
800 1086 1056 1162 tempus
1098 1081 1181 1142 sit
1223 1099 1413 1142 causa
1450 1078 1899 1161 temporalium
2008 1073 2198 1136 aliam
2256 1076 2691 1139 exsistentiam
2753 1076 3190 1139 invariabilem
3253 1096 3508 1141 mensu-

374 1193 673 1257 quorum
720 1178 1101 1259 perhibetur
1148 1197 1469 1252 mensura,
1520 1178 1703 1257 juxta
1758 1195 1899 1239 sen·
2010 1180 2122 1233 rat.
2179 1173 2484 1235 Similiter
2531 1174 2900 1237 exsistentia
2957 1176 3240 1257 supremi
3298 1177 3506 1257 angeli

374 1292 543 1335 sum
603 1276 733 1354 Jam
796 1274 1249 1339 introductum.
1303 1274 1694 1339 Probabilior
1750 1292 1901 1355 ergo
2008 1276 2105 1331 est
2136 1278 2382 1332 tantum
2413 1290 2620 1333 aevum
2650 1272 2920 1335 aliorum
2957 1273 3511 1357 inferiorum‚quo-

374 1380 695 1434 censetur
722 1374 958 1455 positio
988 1374 1097 1436 illa
1126 1372 1897 1453 Thomae,Alberti,atque
2012 1367 2184 1429 niam
2238 1368 2634 1431 invariabilis
2680 1370 3050 1432 exsistentia
3095 1371 3236 1451 ejus
3284 1389 3504 1435 omnes

376 1470 771 1551 sequacium
801 1473 1194 1547 eorumdem,
1218 1472 1510 1554 quamvis
1543 1471 1605 1533 in
1639 1471 1739 1532 his
1771 1488 1897 1533 non
2010 1466 2164 1527 alias
2213 1474 2570 1547 mensurat3
2613 1486 2729 1530 nec
2771 1468 2961 1530 habet
3004 1469 3123 1531 hoc
3167 1470 3356 1533 modo
3395 1470 3506 1531 ali-

377 1567 706 1630 habeatur
748 1570 1062 1632 certitudo
1104 1569 1617 1633 demonstrativa.
2010 1564 2182 1645 quod
2228 1584 2459 1640 aevum,
2495 1565 2644 1648 quia
2687 1566 2928 1628 nullam
2970 1567 3159 1629 aliam
3203 1568 3506 1630 exsisten-

476 1666 801 1731 Postremo
836 1668 1059 1731 Scotus
1099 1669 1204 1731 hic
1237 1668 1461 1730 recitat
1499 1668 1707 1750 primo
1742 1686 1899 1749 prae-
2009 1662 2163 1724 tiam
2204 1662 2394 1725 habet
2423 1665 2817 1745 superiorem
2853 1684 2938 1727 se.
2970 1702 3052 1710 —
3079 1666 3287 1729 Tertio
3319 1667 3507 1729 modo

379 1770 631 1827 'tactam
660 1767 1031 1848 opinionem
1060 1767 1316 1829 Henrici
1352 1784 1365 1828 :
1400 1767 1513 1828 Hic
1543 1765 1899 1848 (inquiens)
2010 1760 2135 1821 dici
2194 1769 2424 1842 potest,
2475 1762 2646 1843 quod
2704 1763 2758 1823 si
2808 1782 3014 1826 aevum
3075 1783 3204 1828 non
3259 1765 3506 1828 dicatur

378 1861 653 1937 dicitur,
686 1865 859 1945 quod
907 1873 997 1926 tot
1034 1872 1181 1927 sunt
1212 1884 1346 1928 aeva
1381 1870 1537 1945 quot
1574 1864 1892 1925 aeviterna.
1934 1860 1981 1921 B
2009 1878 2429 1941 quaecumque
2469 1862 2839 1924 exsistentia
2875 1863 3230 1945 simplicior
3265 1864 3410 1939 alia,
3443 1873 3506 1927 et

380 1960 521 2021 Sed
568 1960 685 2023 ista
726 1962 961 2043 positio
998 1963 1251 2024 videtur
1294 1979 1529 2043 ponere
1573 1960 1897 2043 pluralita-
2009 1955 2184 2018 illam
2227 1965 2374 2019 nata
2420 1959 2797 2034 certificare,
2839 1962 2950 2023 sed
2997 1962 3117 2023 ista
3165 1963 3504 2045 simplicis-

384 2064 529 2119 tem
592 2058 729 2120 sine
792 2060 1186 2121 necessitate.
1249 2060 1492 2123 Idcirco
1554 2060 1895 2122 dicendum
2008 2054 2169 2117 sima
2209 2076 2350 2137 quae
2390 2076 2468 2119 ex
2509 2059 2751 2121 ratione
2791 2078 2906 2121 sua
2943 2059 3196 2122 formali
3233 2069 3298 2123 et
3331 2061 3397 2123 in
3437 2080 3504 2124 ε6

378 2155 701 2218 adversus
759 2175 923 2231 eam,
975 2159 1145 2239 quod
1202 2165 1313 2220 aut
1369 2178 1575 2221 aevum
1638 2167 1899 2221 vocatur
2007 2160 2103 2215 est
2133 2154 2490 2217 certissima
2518 2163 2582 2217 et
2611 2156 2818 2238 primo
2859 2166 3005 2219 nata
3041 2158 3396 2221 certificare
3426 2160 3502 2222 de

378 2255 663 2317 actualis
703 2256 1073 2317 exsistentia
1114 2256 1322 2338 angeli
1366 2257 1673 2331 aeviterni,
1710 2266 1771 2319 et
1811 2257 1897 2318 ita
2006 2252 2186 2331 aliis3
2228 2253 2320 2314 sic
2360 2261 2567 2335 potest
2595 2254 2721 2316 dici
2760 2274 2960 2318 unum
2993 2276 3200 2319 aevum
3231 2265 3504 2321 tantum-

382 2360 487 2413 tot
535 2361 687 2415 sunt
732 2374 867 2417 aeva
915 2362 1069 2437 quot
1116 2356 1419 2419 aeviterna
1467 2376 1481 2419 :
1534 2364 1644 2418 aut
1686 2375 1893 2419 aevum
2007 2351 2217 2424 modo,
2251 2351 2498 2414 scilicet
2527 2352 2896 2416 exsistentia
2933 2354 3124 2436 primi
3165 2356 3373 2438 angeli
3411 2376 3503 2419 re-

380 2450 635 2512 dicitur
674 2452 919 2534 aliquid
963 2453 1381 2516 intrinsecum
1422 2454 1647 2535 angelo
1688 2462 1898 2516 actua·
2006 2456 2229 2530 spectu
2258 2450 2546 2512 omnium
2577 2450 3044 2515 aeviternorum.
3079 2454 3221 2516 Haec
3253 2454 3497 2517 Scotus.

380 2549 543 2610 liter
600 2550 953 2625 exsistenti,
1016 2568 1391 2613 mensurans
1457 2552 1893 2614 exsistentiam
2084 2546 2282 2627 Cujus
2325 2547 2544 2629 opinio
2585 2548 2730 2623 fuit,
2763 2557 2832 2611 ut
2875 2569 3068 2632 supra
3109 2569 3362 2633 quoque
3403 2552 3500 2614 in·
3553 2577 3597 2619 r·
3623 2565 3772 2609 mr-

381 2646 559 2727 ejus,
604 2654 669 2709 et
717 2648 809 2710 sic
857 2668 1065 2712 aevum
1113 2648 1275 2711 nihil
1324 2658 1454 2728 est;
1506 2658 1615 2711 aut
1662 2650 1897 2712 dicitur
2004 2646 2234 2720 notuit,
2266 2646 2436 2728 quod
2466 2666 2674 2709 aevum
2705 2665 2832 2710 non
2864 2648 2946 2710 sit
2973 2649 3216 2731 aliquid
3247 2649 3500 2713 realiter

379 2744 637 2826 aliquid
685 2746 1139 2821 extrinsecum,
1180 2748 1355 2809 aliud
1402 2748 1483 2809 ab
1528 2749 1895 2811 exsistentia
2004 2744 2376 2806 distinctum
2415 2744 2496 2806 ab
2534 2746 2902 2809 exsistentia
2942 2747 3228 2810 aeviterni
3272 2767 3286 2811 :
3330 2750 3498 2832 quod

380 2843 626 2905 actuali
667 2845 972 2919 aeviterni,
1006 2846 1177 2927 quod
1209 2853 1421 2908 tamen
1462 2846 1891 2907 extrinsecum
2005 2842 2435 2924 improbatum
2484 2852 2580 2905 est
2621 2844 2812 2926 paulo
2859 2855 3023 2908 ante.
3067 2847 3302 2910 Verum
3350 2850 3502 2931 quia
3552 2862 3771 2917 61340·-

382 2961 472 3003 ex
510 2961 629 3003 sua
662 2950 885 3033 natura
920 2951 1141 3005 natum
1180 2952 1277 3007 est
1318 2962 1686 3006 mensurare
1724 2952 1895 3006 actu·
2004 2941 2109 3003 hic
2143 2941 2424 3023 loquitur
2455 2942 2688 3015 sobrie,
2721 2961 2848 3006 non
2886 2945 3212 3020 assertive,
3247 2965 3373 3010 non
3404 2955 3500 3009 est

383 3040 559 3102 alem
608 3040 1042 3103 exsistentiam
1093 3042 1403 3115 aeviterni,
1443 3049 1507 3104 et
1543 3042 1635 3105 sic
1686 3044 1966 3124 potestC
2004 3040 2495 3102 immorandum.
2546 3076 2627 3085 —
2674 3042 2862 3105 Porro
2917 3045 3085 3125 quod
3142 3045 3320 3119 dicit,
3373 3047 3499 3128 pri·

376 3139 545 3219 poni
606 3138 945 3220 tripliciter
996 3156 1011 3199 :
1063 3138 1215 3220 quia
1262 3139 1363 3201 vel
1422 3147 1629 3221 pot-est
1677 3139 1892 3221 negari
2005 3158 2184 3201 mum
2240 3139 2538 3219 angelum
2587 3156 2714 3201 non
2772 3140 3004 3203 habere
3063 3143 3498 3207 exsistentiam

384 3256 583 3299 omne
638 3236 765 3299 tale
822 3236 1275 3312 extrinsecum,
1329 3238 1623 3319 ponendo
1678 3238 1895 3301 omnia
2004 3237 2398 3319 superiorem
2443 3256 2532 3310 se,
2575 3254 2704 3300 non
2746 3246 2838 3299 est
2879 3257 3102 3302 verum
3145 3242 3498 3304 secundum

382 3335 697 3398 aeviterna
737 3335 971 3397 habere
1014 3336 1450 3398 exsistentiam
1495 3356 1675 3419 aeque
1719 3338 1891 3399 inva-
2004 3335 2174 3416 quod
2217 3334 2413 3396 verba
2455 3342 2700 3409 sonant,
2745 3354 2944 3418 quum
2987 3338 3296 3401 Creatoris
3339 3340 3502 3402 exsi-

386 3432 705 3495 riabilem.
740 3434 897 3497 Nam
930 3434 1223 3516 quamvis
1257 3454 1385 3496 una
1412 3435 1782 3497 exsistentia
1810 3434 1893 3497 sit
2004 3431 2234 3494 stentia
2283 3431 2365 3493 sit.
2414 3431 2668 3494 infinite
2717 3434 3008 3515 superior
3057 3435 3210 3516 ipsa.
3263 3436 3498 3498 Verum

388 3533 736 3615 perfectior
791 3532 937 3606 alia,
986 3541 1051 3595 et
1104 3552 1219 3615 per
1276 3535 1395 3597 hoc
1454 3535 1655 3616 possit
1713 3534 1888 3597 illam
2004 3536 2101 3590 est
2150 3536 2363 3591 tamen
2420 3530 2773 3592 secundum
2828 3538 3106 3594 mentem
3157 3533 3427 3596 dicentis
3481 3555 3496 3599 ε

388 3650 765 3694 mensurare
812 3632 1284 3695 mensuratione
1330 3632 1771 3713 quidditativa,
1814 3633 1892 3695 de
2004 3626 2279 3689 intendit
2325 3626 2500 3689 enim
2547 3628 2718 3709 quod
2777 3646 2902 3690 non
2959 3630 3150 3693 habet
3199 3632 3501 3694 exsisten-

386 3748 519 3809 qua
563 3728 652 3790 ait
695 3728 1137 3810 Philosophus,
1178 3729 1249 3791 In
1296 3729 1475 3791 omni
1522 3747 1754 3809 genere
1797 3734 1893 3790 est
2005 3726 2159 3787 tiam
2191 3725 2288 3787 sui
2320 3725 2562 3787 ordinis
2601 3728 2993 3808 superiorem
3025 3747 3111 3791 se.
3145 3729 3358 3791 Nihilo
3389 3730 3502 3791 mi-

390 3846 595 3887 unum
640 3826 925 3908 primum
970 3845 1271 3888 mensura
1318 3826 1761 3909 sequentium3
1800 3834 1891 3887 at-
2005 3843 2124 3886 nus
2161 3824 2531 3886 exsistentia
2569 3824 2798 3888 animae
2828 3826 3082 3901 Christi,
3117 3827 3500 3892 beatissimae

390 3934 605 3987 tamen
653 3926 1123 3987 mensuratione
1168 3926 1478 3998 durativa,
1522 3944 1664 4007 quae
1707 3925 1891 3987 redu·
2005 3939 2260 4002 quoque
2291 3929 2480 4003 atque
2511 3921 2776 3985 Deiferae
2805 3922 3080 4003 Virginis
3113 3924 3178 3985 in
3209 3944 3347 3988 esse
3378 3926 3502 4006 glo-

390 4023 559 4085 citur
598 4023 681 4084 ad
724 4023 1165 4103 quantitatem,
1198 4024 1377 4085 nullo
1414 4024 1602 4086 modo
1641 4024 1893 4086 videtur
2006 4020 2137 4092 riae,
2180 4019 2470 4101 superior
2517 4027 2614 4081 est
2655 4020 2830 4081 omni
2878 4021 3245 4084 exsistentia
3290 4024 3496 4103 angeli

390 4140 519 4182 una
546 4120 921 4183 exsistentia
950 4121 1383 4184 invariabilior
1411 4122 1555 4196 alia,
1590 4122 1891 4204 quoniam
2006 4117 2219 4199 primi.
2253 4116 2438 4179 Nulla
2468 4116 2726 4178 demum
2767 4116 2993 4179 harum
3025 4120 3216 4180 trium
3249 4122 3496 4184 viarum

391 4220 747 4299 unicuique
789 4227 1099 4301 repugnat
1142 4221 1463 4283 successio
1505 4221 1780 4301 partium
1828 4221 1891 4283 in
1922 4228 1971 4289 D
2004 4234 2116 4278 seu
2156 4215 2532 4297 opinionum
2573 4234 2730 4297 quas
2770 4215 2874 4276 hic
2913 4216 3136 4279 recitat
3165 4218 3388 4281 Scotus
3419 4219 3497 4282 de

394 4318 869 4399 ipsaztuncque
900 4317 1422 4400 diceretur,quod
1454 4338 1655 4401 quum
1684 4339 1890 4383 aevum
2004 4331 2138 4377 aevo
2187 4313 2440 4376 videtur
2487 4314 2777 4387 tenenda,
2825 4323 2894 4374 ut
2943 4313 3112 4376 lucet
3159 4334 3237 4377 ex
3285 4318 3493 4381 dictis,

394 4424 667 4497 ponatur
708 4433 1006 4477 mensura
1044 4414 1109 4476 in
1148 4423 1459 4496 quantum
1498 4424 1593 4478 est
1627 4417 1895 4479 invaria·
2002 4412 2129 4475 Nec
2179 4418 2323 4493 apte
2372 4429 2594 4474 sonare
2643 4420 2957 4486 censetur,
3011 4413 3498 4497 quod'angelus

394 4514 607 4576 biliter
650 4514 907 4587 durans,
940 4520 1005 4574 et
1042 4512 1200 4575 illud
1241 4514 1670 4577 extrinsecum
1714 4533 1894 4597 opor·
2003 4512 2272 4594 primuS,
2327 4512 2437 4593 qui
2487 4513 2912 4575 communiter
2967 4514 3325 4595 appellatur
3376 4518 3500 4598 pri-

395 4620 517 4674 teat
558 4631 701 4674 esse
748 4612 965 4673 notius
1006 4629 1081 4673 ex
1133 4619 1355 4673 natura
1403 4612 1492 4674 rei
1538 4614 1891 4675 secundum
2006 4630 2183 4672 mum
2215 4619 2274 4672 et
2307 4629 2630 4672 summum
2671 4611 3068 4685 aeviternum,
3103 4631 3232 4676 non
3271 4614 3498 4677 habeat

396 4711 705 4773 rationem
750 4709 1165 4783 invariabilis,
1198 4717 1261 4772 et
1301 4727 1427 4772 non
1470 4711 1553 4771 sit
1594 4711 1735 4773 talis
1776 4711 1895 4773 dif-
2003 4729 2234 4783 aevum,
2271 4728 2468 4791 quum
2511 4709 2886 4771 aeviternum
2929 4710 3176 4772 dicatur
3216 4712 3297 4773 ab
3337 4732 3492 4787 aev0,

396 4808 665 4871 ferentia
694 4808 859 4870 inter
888 4808 1287 4871 exsistentias
1318 4808 1896 4884 aeviternorum‚ni-
2004 4808 2541 4890 quemadmodum
2593 4807 2942 4869 coloratum
2991 4828 3026 4870 a
3075 4808 3302 4872 colore.
3345 4811 3496 4873 Rur-

388 4906 485 4968 hil
523 4914 693 4969 esset
728 4925 955 4969 aevum.
982 4941 1063 4950 —
1090 4906 1230 4968 Alio
1271 4907 1459 4969 modo
1497 4915 1704 4987 potest
1742 4908 1891 4982 dici,
2004 4926 2133 4978 sus,
2168 4905 2521 4967 secundum
2563 4904 2737 4967 illam
2777 4904 3142 4987 opinionem
3173 4906 3496 4969 videretur

400 5006 565 5086 quod
589 5004 891 5087 quaelibet
909 5005 1275 5067 exsistentia
1302 5006 1592 5087 superior
1612 5007 1897 5069 consistit
2004 5005 2368 5077 dicendum,
2402 5005 2570 5085 quod
2614 5005 2982 5067 exsistentia
3031 5004 3240 5067 infimi
3287 5006 3494 5087 angeli

400 5104 753 5185 simplicior
781 5102 1067 5184 qualibet
1096 5103 1463 5165 exsistentia
1499 5103 1809 5177 inferiori,
1834 5112 1897 5167 et
2005 5105 2205 5186 possit
2238 5103 2364 5165 dici
2395 5122 2601 5165 aevum
2642 5103 2999 5165 animarum
3039 5113 3490 5186 separatarum,

404 5210 543 5264 nata
586 5210 684 5265 est
724 5220 802 5264 ex
848 5209 1073 5263 natura
1120 5202 1207 5263 rei
1260 5202 1464 5283 ipsam
1512 5201 1891 5277 certificare,
2004 5220 2146 5284 quae
2173 5200 2388 5282 aliquo
2420 5200 2607 5262 modo
2633 5200 2712 5261 ad
2751 5199 3138 5263 substantias
3174 5202 3496 5283 pertinent

406 5307 465 5361 et
490 5318 603 5383 pro
640 5307 819 5363 tanto
856 5299 1159 5381 quaelibet
1196 5300 1566 5361 exsistentia
1605 5300 1896 5383 superior
2006 5305 2342 5381 separatas.
2385 5296 2838 5361 Rationabilior
2878 5316 3030 5379 ergo
3075 5307 3336 5382 apparet
3383 5318 3493 5384 po-
