4334 6242
819 524 906 571 AN
945 524 1168 571 Ausum
1210 524 1351 569 nom
1394 524 1559 569 sum
1598 522 1997 569 raum-mrsu
2038 523 2111 568 m·
2154 523 2421 570 cnorum
2465 523 2921 582 rnfflvmnntm'r,
2964 521 3091 570 mc.
3385 502 3504 570 293

399 695 755 777 praesertim
822 696 973 778 quia
1032 696 1237 758 honus
1298 695 1631 770 exsistenS,
1692 695 1900 776 potuit
1930 694 1981 757 A
2011 697 2423 778 compelleret
2460 697 2815 777 desperare,
2848 702 3140 777 essetque
3180 713 3369 758 causa
3405 693 3508 757 de-

398 794 703 877 princeps
752 813 891 857 esse
939 796 1270 857 malorum.
1319 796 1463 857 Haec
1513 794 1781 857 Thomas
1833 794 1896 854 in
2012 800 2389 880 sperationis
2434 807 2496 862 et
2550 802 2772 883 culpae.
2826 801 2998 863 Idem
3048 801 3400 863 Alexander
3446 807 3510 862 et

396 893 671 975 Scripto.
2010 898 2564 962 Antisiodorensis.
2606 935 2686 944 ——
2728 899 3068 962 Anselmus
3116 917 3367 980 quoque
3418 899 3510 960 sic

478 992 653 1054 Idem
693 993 931 1054 Petrus·
966 993 1083 1066 Qui
1121 993 1313 1054 etiam
1345 993 1454 1066 ait,
1488 992 1656 1073 quod
1690 990 1897 1072 angeli
2010 999 2216 1077 arguit
2268 998 2431 1062 libro
2480 1000 2556 1062 de
2606 999 2764 1062 Casu
2811 998 3045 1061 diaboli
3088 1016 3102 1060 :
3143 998 3205 1060 Si
3247 996 3510 1078 angelus
3545 1040 3549 1043 -

396 1109 623 1154 omnes
665 1092 984 1154 habebant
1024 1111 1204 1174 spem
1249 1092 1661 1154 beatitudinis
1703 1093 1895 1154 etiam
2010 1096 2218 1156 adhuc
2270 1096 2333 1158 in
2383 1096 2549 1158 bona
2597 1104 2768 1158 stans
2817 1096 3162 1168 voluntate,
3212 1113 3506 1157 casurum

396 1191 535 1252 sine
584 1190 897 1253 afflictivo
944 1192 1172 1254 timore
1224 1191 1544 1263 contrarii,
1594 1190 1895 1272 quoniam
2010 1213 2077 1257 se
2134 1194 2525 1277 praesciebat,
2576 1203 2686 1257 aut
2732 1194 2986 1258 volebat
3037 1195 3130 1256 sic
3160 1194 3348 1268 ⁷t'ieri,
3401 1200 3512 1255 aut

396 1308 524 1352 non
557 1290 918 1353 sentiebant
947 1290 1011 1352 in
1043 1309 1110 1352 se
1145 1289 1385 1372 aliquid
1422 1289 1827 1351 retractivum
1862 1307 1899 1350 a
2009 1310 2137 1355 non
2173 1310 2187 1354 ε
2221 1294 2275 1355 si
2318 1293 2591 1364 volebat,
2623 1311 2774 1374 ergo
2812 1293 3136 1355 voluntate
3176 1292 3308 1372 jam
3350 1292 3510 1354 ceci-

397 1388 587 1452 bono.
2010 1391 2123 1465 dit,
2157 1411 2429 1473 reusque
2460 1391 2613 1470 suit3
2645 1392 2698 1454 si
2731 1409 2857 1454 non
2887 1391 3161 1464 volebat,
3184 1408 3334 1472 ergo
3362 1398 3507 1454 ante

478 1488 829 1550 Concordat
878 1487 1249 1559 Richardus‚
1287 1487 1509 1549 saltem
1562 1503 1676 1567 pro
1719 1494 1896 1567 parte
2010 1491 2264 1572 culpam
2311 1490 2581 1553 dolebat.
2628 1491 2770 1553 Haec
2814 1491 3181 1553 Richardus.

396 1587 649 1669 majori.
684 1587 800 1660 Qui
834 1595 1045 1648 tamen
1086 1586 1251 1647 inter
1280 1593 1487 1648 cetera
1517 1585 1724 1666 arguit
1752 1586 1844 1647 sic
1878 1603 1892 1647 ε
2090 1590 2440 1653 Concordat
2488 1589 2586 1650 his
2629 1590 3088 1662 Bonaventura,
3122 1607 3384 1650 narrans
3427 1590 3505 1651 de

394 1685 620 1767 Angeli
674 1693 783 1747 aut
842 1705 1022 1748 suam
1076 1684 1355 1746 futuram
1416 1685 1893 1747 conversionem
2010 1687 2129 1750 ista
2162 1688 2424 1750 materia
2454 1689 2610 1750 duas
2641 1687 2995 1770 opinioneS,
3029 1687 3194 1750 sicut
3233 1687 3300 1748 in
3329 1693 3503 1749 textu
3586 1701 3745 1754 nw-

395 1784 930 1848 certitudinaliter
994 1783 1434 1865 praesciebant,
1504 1791 1614 1844 aut
1680 1784 1895 1844 crede-
2009 1785 2299 1848 habetur.
2847 1794 2852 1798 ’

394 1884 565 1946 bant.
611 1883 733 1946 Sed
781 1901 909 1946 non
958 1882 1299 1944 credebant
1332 1899 1345 1942 :
1381 1881 1682 1963 quoniam
1735 1880 1895 1943 fides
1934 1880 1981 1943 B
2090 1884 2386 1946 Albertus
2420 1902 2671 1966 quoque
2702 1901 2894 1965 super
2923 1883 3022 1946 his
3061 1885 3286 1947 scribit
3314 1883 3507 1947 dittu-
3551 1895 3800 1940 Sumo-tt·-

394 1990 490 2044 est
517 1982 919 2063 aenigmatica
948 1980 1249 2062 cogniti0,
1268 1998 1393 2061 qua
1423 1980 1544 2062 ipsi
1578 1979 1892 2041 carebant.
2010 2001 2098 2054 se,
2152 1983 2319 2045 inter
2367 1990 2575 2045 cetera
2631 1983 2906 2045 recitans
2956 1983 3151 2046 verba
3195 1983 3502 2056 Anselmi‚
3534 1961 3800 2015 *Wq'm'

395 2081 559 2161 Ergo
612 2099 754 2142 eam
813 2098 959 2141 cum
1020 2078 1400 2140 certitudine
1460 2095 1897 2160 praecognove-
2009 2081 2175 2144 libro
2223 2083 2300 2144 de
2350 2082 2510 2145 Casu
2560 2081 2794 2144 diaboli
2845 2081 3194 2163 inquientis
3243 2101 3257 2144 ε
3301 2081 3505 2155 Quaeri

395 2185 564 2241 runt.
602 2213 682 2223 —
710 2177 803 2239 Ad
837 2178 1005 2259 quod
1047 2177 1403 2259 respondet,
1439 2178 1607 2258 quod
1646 2176 1896 2238 nullum
2008 2187 2236 2260 potest,
2270 2188 2486 2242 utrum
2535 2180 3067 2242 existimationem
3112 2181 3213 2242 vel
3261 2181 3507 2263 opinio-

396 2277 657 2340 illorum
695 2284 790 2338 est
821 2295 1067 2349 verum,
1102 2276 1254 2356 quia
1291 2294 1409 2338 nec
1445 2274 1899 2338 certitudinali-
2008 2296 2155 2340 nem
2199 2278 2476 2360 aliquam
2523 2279 2599 2340 de
2643 2297 2791 2340 casu
2835 2296 2950 2340 suo
2994 2278 3200 2360 potuit
3244 2279 3506 2359 angelus

394 2384 491 2436 ter
540 2393 721 2435 suam
776 2372 1190 2454 praescierunt
1239 2373 1741 2444 conversionem,
1796 2392 1899 2434 ne·
2008 2376 2394 2458 praehabere.
2456 2377 2533 2438 Et
2597 2377 2871 2438 ostendit
2931 2377 3271 2439 Anselmus
3338 2378 3508 2459 quod

394 2492 521 2555 que
570 2471 933 2545 credebant,
973 2470 1231 2552 proprie
1279 2471 1597 2552 loquendo
1644 2473 1721 2533 dc
1770 2490 1899 2532 cre·
2009 2492 2158 2547 non,
2187 2493 2299 2555 per
2329 2474 2772 2537 deductionem
2804 2475 2883 2536 ad
2915 2475 3338 2557 impossibile,
3362 2475 3454 2538 sic
3489 2493 3503 2538 :

395 2573 567 2644 dere,
594 2571 763 2652 quod
792 2578 969 2631 actus
1000 2577 1095 2630 est
1125 2569 1311 2648 fidei3
1344 2571 1453 2632 sed
1483 2569 1899 2651 probabiliter
2010 2573 2074 2634 Si
2105 2571 2366 2652 angelus
2406 2572 2612 2634 adhuc
2644 2573 2712 2634 in
2749 2571 2915 2635 bona
2953 2573 3276 2636 voluntate
3308 2575 3510 2636 consi-

394 2689 534 2732 eam
576 2667 1004 2751 opinabantur
1040 2667 1123 2730 ob
1163 2686 1417 2730 causam
1459 2668 1891 2749 praehabitam.
2009 2678 2180 2732 stens
2214 2669 2605 2752 praesciebat,
2640 2669 3044 2733 existimabat
3072 2678 3181 2732 aut
3211 2671 3510 2753 opinaba-

393 2771 629 2832 Verum
673 2785 872 2848 quum
916 2766 1034 2828 hoc
1075 2767 1197 2828 dici
1246 2785 1370 2828 non
1417 2775 1605 2848 queat
1648 2768 1726 2829 de
1768 2768 1897 2829 illis
2010 2777 2115 2830 tur
2157 2789 2225 2831 se
2271 2789 2589 2841 casurum,
2624 2778 2731 2832 aut
2774 2770 3022 2832 volebat
3067 2771 3158 2832 sic
3200 2771 3367 2838 fieri,
3397 2778 3510 2833 aut

394 2868 505 2950 qui
549 2866 701 2928 mali
741 2865 1003 2928 fuerunt
1043 2865 1265 2938 futuri,
1310 2865 1459 2946 quia
1504 2864 1566 2926 in
1608 2866 1701 2927 eis
1741 2866 1899 2928 falsa
2009 2887 2159 2940 non,
2212 2875 2359 2942 etc.‚
2407 2868 2574 2930 sicut
2623 2889 2832 2951 supra.
2867 2871 3246 2951 —Insuper
3290 2869 3507 2932 Ansel-

392 2966 623 3028 t'uisset
671 2963 891 3046 opinio
932 2971 1077 3025 ante
1127 2970 1459 3044 peccatum
1500 2980 1513 3024 :
1554 2963 1704 3025 hinc
1752 2963 1894 3025 aliis
2008 2985 2151 3028 mus
2182 2967 2273 3028 sic
2303 2967 2509 3047 arguit
2533 2967 2675 3028 :Est
2704 2975 2767 3029 et
2796 2967 2968 3031 aliud
2995 2986 3122 3049 quo
3152 2967 3509 3031 ostenditur

394 3065 737 3128 dicendum
780 3061 1053 3135 videtur,
1087 3062 1255 3143 quod
1288 3061 1492 3142 angeli
1535 3069 1677 3144 post
1714 3081 1895 3124 suam
1934 3061 1977 3124 C
2006 3065 2304 3145 angelum
2374 3065 2616 3127 malum
2678 3085 2859 3128 suam
2924 3066 3506 3148 praevaricationem

395 3161 782 3224 creationem
832 3159 1044 3221 statim
1096 3158 1507 3240 respicientes
1558 3179 1737 3221 suam
1788 3180 1895 3222 na·
2010 3162 2373 3226 nullatenus
2419 3164 2832 3245 praescivisse.
2865 3164 3021 3227 Nam
3067 3172 3174 3227 aut
3222 3172 3504 3227 coactam
3545 3177 3550 3182 ·

394 3269 627 3330 turam,
680 3256 943 3319 fuerunt
993 3275 1110 3338 per
1158 3256 1471 3318 modicam
1530 3275 1772 3319 moram
1830 3258 1894 3320 in
2006 3281 2146 3324 eam
2183 3269 2484 3344 putasset,
2509 3271 2617 3323 aut
2646 3271 3078 3345 spontaneam.
3101 3264 3221 3326 Sed
3252 3264 3342 3325 nil
3373 3273 3507 3326 crat

394 3359 667 3441 quadam
729 3354 1145 3417 admiratione
1209 3355 1524 3437 suspensi,
1586 3363 1649 3418 et
1706 3357 1895 3438 paulo
2006 3379 2135 3442 quo
2184 3377 2251 3422 se
2294 3361 2432 3440 cogi
2481 3378 2668 3441 posse
2716 3361 3166 3442 suspicaretur.
3201 3361 3507 3425 Similiter

396 3463 536 3539 post
567 3453 915 3517 bonitatem
948 3452 1100 3514 boni
1132 3453 1242 3514 Dei
1276 3453 1713 3533 recogitanteS‚
1748 3472 1894 3517 mox
2008 3457 2318 3538 suspicari
2349 3457 2640 3538 nequivit
2670 3458 2974 3539 quamdiu
3012 3458 3078 3520 in
3106 3458 3372 3522 veritate
3401 3477 3535 3522 vo-·

394 3574 459 3617 se
490 3557 942 3616 converterunt
983 3551 1061 3612 ad
1092 3551 1329 3628 Deum3
1360 3551 1469 3611 alii
1510 3570 1688 3614 suam
1722 3552 1899 3614 nobi·
2009 3554 2127 3617 luit
2166 3574 2591 3636 perseverare,
2626 3574 2692 3618 se
2733 3557 2907 3618 illam
2947 3558 3276 3619 veritatem
3319 3575 3506 3639 spon-

394 3653 637 3714 litatem
667 3657 731 3712 et
760 3648 1198 3711 excellentiam
1233 3648 1572 3723 intuentes,
1606 3669 1723 3712 nec
1755 3671 1894 3714 eam
2007 3660 2190 3714 tanee
2251 3652 2651 3713 deserturum
2714 3671 2728 3713 τ
2790 3654 2939 3734 quia
3000 3655 3206 3716 adhuc
3268 3664 3505 3718 rectam

393 3752 469 3814 ad
498 3749 614 3812 Dei
646 3747 897 3810 laudem
930 3746 1295 3820 referenteS,
1313 3748 1601 3828 protinus
1632 3768 1697 3810 se
1726 3769 1898 3812 aver·
2006 3750 2231 3812 habuit
2263 3750 2674 3822 voluntatem,
2709 3759 2770 3812 et
2804 3751 2865 3812 in
2899 3771 2972 3813 ea
3011 3753 3342 3833 proposuit
3370 3773 3509 3835 per-

394 3855 609 3911 terunt
649 3866 687 3908 a
724 3846 871 3908 Deo.
904 3880 984 3890 —
1014 3845 1157 3908 Haec
1195 3845 1563 3907 Richardus.
1600 3848 1668 3909 In
1708 3848 1894 3928 cujus
2008 3866 2283 3910 manere.
2321 3847 2712 3928 Quapropter
2745 3849 3015 3911 volendo
3055 3857 3268 3912 tenere
3300 3870 3508 3932 perse-

395 3946 608 4008 verbis
640 3945 955 4006 incertum
995 3950 1279 4024 apparet,
1314 3945 1481 4023 quod
1524 3944 1675 4007 dicit
1710 3965 1895 4027 ange-
2006 3953 2300 4008 vei-anter
2343 3945 2509 4026 quod
2561 3946 2834 4019 tenebat,
2870 3947 3047 4009 nullo
3090 3947 3275 4010 video
3320 3950 3506 4012 modo

398 4045 486 4108 los
535 4051 683 4105 ante
732 4041 1097 4105 beatificam
1146 4040 1458 4104 visionem
1513 4043 1708 4106 fidem
1764 4064 1891 4108 non
2006 4045 2175 4106 unde
2225 4043 2503 4125 potuerit.
2551 4045 2882 4126 suspicari,
2924 4045 3100 4107 nulla
3144 4046 3270 4107 alia
3316 4066 3506 4111 causa

395 4143 697 4206 habuisse
730 4159 745 4202 :
780 4141 965 4220 cujus
995 4139 1361 4222 oppositum
1396 4142 1579 4203 multi
1611 4150 1890 4216 tuentur,
2004 4142 2352 4213 accidente,
2402 4142 2802 4204 deserturum
2853 4161 2920 4204 se
2974 4143 3131 4205 illud
3181 4144 3314 4205 sola
3366 4164 3505 4227 pro-

394 4242 558 4304 sicut
608 4247 673 4303 et
715 4239 1007 4312 ThomaS,
1043 4246 1112 4300 ut
1155 4238 1319 4300 infra
1366 4247 1675 4320 tangetur.
1711 4242 1889 4314 Item,
1925 4240 1975 4302 D
2004 4239 2142 4321 pria
2172 4239 2514 4301 voluntate.

393 4339 747 4402 secundum
786 4336 979 4398 verba
1015 4336 1307 4398 Richardi
1348 4337 1691 4410 videretur,
1726 4340 1893 4420 quod
2082 4337 2394 4410 Quaeritur
2424 4356 2798 4419 quoque,an
2829 4339 3090 4419 angelus
3125 4339 3327 4402 malus
3357 4350 3502 4404 ante

396 4457 509 4500 nec
540 4434 894 4518 probabilis
926 4433 1291 4513 conjectura
1321 4434 1541 4496 salutis
1572 4435 1796 4498 fuisset
1828 4437 1893 4497 in
2004 4454 2219 4497 casum
2254 4455 2438 4498 suum
2472 4436 2730 4498 sciverit
2759 4456 2826 4499 se
2865 4455 2992 4500 non
3024 4438 3254 4502 debere
3284 4438 3376 4520 (id
3409 4449 3505 4503 est

395 4534 635 4617 angelis
669 4531 977 4614 reprobiS,
1011 4533 1161 4613 quia
1192 4532 1554 4613 oppositum
1587 4535 1889 4616 contigit:
2005 4534 2176 4595 licite
2225 4552 2352 4596 non
2403 4535 2615 4616 posse)
2657 4535 2914 4598 deflecti
2963 4557 3000 4598 a
3047 4537 3215 4599 hono
3260 4539 3325 4600 in
3375 4557 3502 4621 quo

394 4635 615 4715 sicque
662 4639 807 4693 ante
852 4630 1107 4711 culpam
1156 4629 1381 4692 suisset
1426 4631 1488 4693 in
1540 4633 1632 4693 eis
1683 4633 1894 4712 conje-
2004 4641 2154 4694 erat.
2195 4633 2269 4694 Et
2311 4640 2571 4713 apparet
2612 4634 2780 4714 quod
2823 4634 2936 4706 sic,
2977 4635 3278 4716 quoniam
3325 4636 3504 4698 intel-

394 4738 573 4794 ctura
616 4729 773 4792 falsa
816 4746 1098 4791 erronea.
2006 4729 2294 4790 lectualis
2343 4729 2465 4790 suit
2517 4738 2755 4792 naturae
2804 4749 2949 4792 cum
3003 4731 3328 4794 intellectu
3377 4734 3504 4795 dei-

470 4829 664 4892 Porro
706 4827 782 4889 ad
826 4827 1243 4907 quaestionem
1289 4847 1412 4908 qua
1455 4828 1780 4908 quaeritur,
1813 4846 1893 4888 an
2004 4827 2194 4889 sormi
2249 4844 2264 4888 ε
2313 4845 2460 4906 ergo
2517 4827 2704 4889 scivit
2755 4828 2906 4909 quid
2958 4830 3295 4910 agendum,
3347 4831 3503 4913 quid

393 4926 635 5008 angelis
680 4924 967 5007 reprobis
1015 4926 1279 4987 revelari
1323 4925 1529 5007 potuit
1573 4945 1687 4987 sua
1730 4924 1898 4986 futu·
2005 4924 2379 4986 cavendum.
2414 4961 2493 4970 —-
2521 4925 2824 5000 Quocirca
2866 4927 3130 4990 ulterius
3174 4928 3500 5010 quaeritur,

394 5045 461 5087 ra
500 5023 751 5086 aversio
790 5023 925 5085 sive
968 5024 1310 5096 damnati0‚
1345 5024 1682 5105 respondet
1727 5022 1895 5104 quod
2004 5043 2085 5086 an
2132 5022 2392 5085 sciverit
2435 5031 2672 5086 tantam
2725 5044 2976 5106 poenam
3025 5045 3163 5089 esse
3214 5027 3504 5108 infligen-

396 5142 522 5184 non
560 5141 575 5184 :
610 5121 762 5203 quia
792 5140 938 5183 cum
972 5121 1351 5183 certitudine
1385 5121 1613 5182 t'u'turae
1644 5122 1898 5181 damna-
2007 5120 2144 5181 dam
2178 5139 2292 5200 pro
2321 5127 2492 5181 tanta
2524 5122 2710 5202 culpa
2741 5123 2793 5183 si
2823 5122 3127 5193 fieret,an
3159 5142 3286 5186 non
3316 5125 3503 5188 scivit

400 5222 590 5285 tionis
624 5238 749 5281 non
792 5227 913 5280 stat
952 5218 1361 5292 confidentia,
1396 5220 1502 5280 sed
1544 5219 1899 5280 necessario
2010 5219 2147 5279 hoc.
2203 5217 2276 5278 Et
2339 5217 2588 5278 videtur
2645 5220 2814 5300 quod
2873 5220 3060 5281 scivit
3113 5221 3250 5283 hoc.
3305 5222 3503 5284 Scivit

402 5319 691 5403 sequitur
721 5317 1077 5400 desperatio
1107 5317 1185 5379 de
1214 5318 1451 5396 salute3
1482 5317 1700 5400 sicque
1735 5317 1899 5379 Deus
2010 5333 2286 5397 namque
2330 5316 2529 5379 Deum
2579 5335 2718 5380 esse
2759 5317 3003 5397 justum
3054 5335 3067 5379 :
3113 5336 3263 5401 ergo
3311 5317 3510 5383 scivit
