4334 6242
841 453 924 520 58
1541 479 1604 526 m
1645 479 1868 527 Lunum
1908 481 1952 526 11
1995 481 2479 527 SENTENTIARUM.
2524 499 2605 509 —
2645 481 2799 527 DIST.
2848 481 2909 545 13
2952 482 3176 539 QUAEST.
3226 483 3267 528 11

846 646 1000 708 dum
1065 647 1294 712 filiatio
1357 659 1452 712 cst
1511 651 1575 712 in
1640 651 1841 725 Petro,
1905 651 1968 712 in
2031 658 2340 733 quantum
2374 649 2424 712 A
2454 659 2517 714 et
2555 671 2694 714 esse
2734 672 2921 714 suum
2968 652 3158 714 habet
3198 653 3279 716 ab
3318 671 3395 715 eo
3430 673 3444 716 :
3478 660 3541 714 et
3580 651 3671 714 sic
3714 651 3949 714 creatio

845 745 1074 827 recipit
1117 756 1407 810 naturam
1450 750 1793 812 humanam
1837 769 1872 812 a
1916 758 2091 831 patre
2135 769 2270 812 suo.

927 945 1016 1006 Ex
1062 945 1473 1027 praeinductis
1521 948 1858 1010 innotescit
1901 948 2133 1010 solutio
2175 968 2341 1028 quae-

845 1042 1124 1105 stionum
1191 1064 1348 1126 quas
1409 1046 1669 1126 quidam
1736 1046 1840 1107 hic
1905 1053 2160 1108 movent
2228 1047 2341 1108 do-

846 1150 1070 1203 olores,

924 1239 1156 1312 Quaerit
1204 1241 1378 1304 enim
1428 1242 1797 1315 RicharduS,
1842 1263 1921 1304 an
1975 1243 2211 1305 creatio
2260 1243 2341 1304 sit

847 1337 1132 1401 mutatio.
1170 1339 1244 1399 Et
1283 1340 1622 1420 respondet
1656 1360 1669 1403 :
1705 1341 2068 1402 Secundum
2113 1341 2343 1421 Grego-

845 1435 1014 1498 rium
1044 1436 1269 1518 quinto
1300 1437 1650 1512 Moralium,
1689 1439 1941 1513 mutari,
1975 1446 2070 1501 est
2097 1459 2175 1501 ex
2216 1441 2341 1501 alio

843 1535 921 1596 ad
967 1535 1140 1597 aliud
1183 1535 1292 1596 ire.
1331 1536 1506 1609 Quod
1548 1537 1600 1598 si
1643 1537 2032 1619 intelligatur
2069 1539 2147 1599 de
2186 1539 2340 1601 duo-

845 1632 966 1695 bus
1005 1635 1306 1697 extremis
1352 1635 1653 1707 realibus,
1687 1637 1922 1699 creatio
1967 1655 2094 1699 non
2137 1645 2341 1699 exstat

846 1733 1134 1807 mutatio,
1187 1753 1384 1814 quum
1447 1752 1572 1796 non
1631 1735 1858 1797 habe-at
1915 1735 2081 1798 reale
2137 1743 2341 1798 extre·

2452 757 2548 812 est
2588 758 2892 813 creatura.
2929 750 3220 813 Secundo
3260 759 3546 813 creatura
3584 749 3949 813 nominatur

2452 848 2808 911 substantia
2852 851 2941 912 rei
2984 850 3289 931 producta
3326 870 3404 911 ex
3444 849 3645 912 nihilo
3680 867 3694 910 :
3728 849 3948 930 sicque

2453 949 2687 1011 creatio
2718 948 2873 1010 dicit
2904 949 3057 1031 quid
3090 949 3395 1022 medium,
3429 967 3557 1010 non
3594 948 3945 1010 secundum

2452 1054 2742 1108 naturam
2788 1056 2849 1109 et
2894 1066 3051 1119 rem,
3086 1047 3195 1110 sed
3241 1048 3593 1110 secundum
3638 1047 3946 1109 rationem

2450 1151 2513 1206 et
2546 1144 3008 1220 habitudinem,
3042 1165 3183 1227 quae
3224 1154 3435 1208 tamen
3477 1163 3603 1208 non
3646 1145 3801 1207 dicit
3832 1144 3946 1206 ali-

2452 1243 2605 1324 quid
2653 1262 2768 1325 per
2808 1244 3148 1306 essentiam
3195 1245 3517 1306 diversum
3560 1263 3599 1306 a
3638 1250 3941 1305 creatura.

2452 1341 2698 1404 Creatio
2741 1342 2981 1424 quippe
3024 1342 3181 1404 dicit
3220 1342 3659 1405 habitudinem
3702 1342 3780 1404 ad
3819 1359 3945 1403 uon

2451 1459 2588 1502 esse
2633 1442 3017 1522 praecedenS,
3051 1450 3113 1503 et
3154 1441 3233 1505 ad
3279 1441 3669 1523 principium
3722 1440 3949 1523 produ-

2451 1539 2691 1600 ctivum
2736 1559 2751 1602 ε
2794 1559 2935 1619 quae
2978 1539 3285 1602 habitudo
3327 1547 3423 1600 est
3471 1539 3761 1620 quaedam
3810 1557 3947 1600 mu-

2452 1636 2624 1710 tatio,
2677 1656 2794 1699 nec
2852 1646 2948 1700 est
2996 1638 3169 1700 aliud
3218 1657 3410 1719 quam
3470 1657 3569 1698 res
3630 1637 3785 1718 ipsa.
3840 1637 3948 1698 Est

2450 1736 2688 1798 etenim
2737 1736 2968 1818 triplex
3019 1736 3307 1810 mutati0,
3345 1746 3517 1818 puta,
3555 1736 3820 1798 mutatio
3866 1736 3945 1796 ad

846 1849 1021 1892 mum
1083 1831 1205 1893 nisi
1268 1833 1610 1894 terminum
1669 1834 1748 1895 ad
1807 1853 2018 1917 quem.
2075 1835 2138 1896 Si
2190 1854 2338 1897 vero
2376 1833 2423 1896 B
2450 1853 2611 1908 esse,
2648 1835 2913 1896 mutatio
2952 1834 3033 1896 ab
3072 1853 3231 1908 6336,
3266 1842 3329 1895 et
3373 1834 3640 1896 mutatio
3680 1834 3745 1894 in
3784 1853 3941 1895 6336.

844 1929 1236 2011 intelligatur
1282 1931 1472 1992 etiam
1522 1932 1599 1993 de
1648 1939 1931 1994 extremo
1984 1934 2336 1995 secundum

845 2027 1176 2102 rationem,
1209 2029 1606 2103 annihilatio,
1641 2050 1782 2112 quae
1824 2039 1920 2092 est
1959 2031 2037 2092 (16
2081 2038 2227 2092 61116
2272 2033 2338 2093 in

843 2145 970 2190 non
1016 2146 1150 2200 6113,
1185 2135 1246 2188 61
1286 2128 1541 2201 creatio,
1575 2148 1716 2210 quae
1759 2138 1856 2191 est
1900 2130 1977 2191 de
2023 2148 2148 2191 non
2194 2139 2338 2192 ente

844 2225 910 2286 in
959 2242 1096 2298 6113,
1148 2224 1450 2287 dicuntur
1507 2227 1908 2288 mutationes
1963 2227 2339 2308 Negationes

843 2341 1118 2404 namque
1151 2323 1312 2385 bene
1343 2331 1491 2384 sunt
1520 2325 1691 2386 entia
1721 2325 2006 2399 rationiS,
2043 2326 2108 2387 in
2140 2345 2339 2406 quan·

843 2429 980 2483 tum
1033 2421 1474 2503 intelliguntur
1523 2443 1636 2505 per
1684 2424 2008 2506 oppositas
2058 2424 2340 2486 affirma-

844 2521 1065 2583 tiones.
1101 2521 1549 2583 Verumtamen
1582 2541 1780 2603 quum
1821 2542 1959 2584 esse
1999 2523 2206 2584 solum
2248 2542 2341 2584 se·

844 2620 1126 2680 cundum
1171 2619 1501 2692 rationem,
1535 2621 1618 2682 sit
1657 2620 2067 2693 diminutum,
2103 2622 2339 2684 creatio

844 2717 1193 2799 improprie
1255 2726 1516 2780 vocatur
1584 2720 1869 2781 mutatio.
1932 2755 2010 2764 —
2072 2720 2339 2801 insuper

846 2816 1072 2898 quaerit
1129 2816 1498 2885 Richardus‚
1561 2837 1640 2878 an
1701 2817 1936 2880 creatio
1992 2819 2201 2880 activa
2256 2819 2339 2880 sit

846 2914 1101 2977 Creator
1139 2931 1152 2974 ε
1194 2921 1256 2975 61
1302 2922 1473 2995 patet
1515 2933 1591 2976 ex
1636 2915 1823 2978 dictis
1872 2916 2221 2997 responsio.
2258 2952 2339 2961 —

2450 1933 2709 1995 Mutatio
2756 1933 2834 1994 ad
2884 1951 3021 1994 6336
3072 1933 3231 1994 nihil
3282 1932 3462 2014 ponit
3510 1932 3633 1994 nisi
3682 1951 3720 1994 a
3770 1939 3945 2013 parte

2450 2031 2705 2092 termini
2750 2031 2826 2092 ad
2874 2048 3108 2113 quem;
3156 2031 3423 2093 mutatio
3469 2030 3550 2093 ab
3596 2049 3733 2092 esse
3784 2029 3945 2091 nihil

2450 2129 2630 2210 ponit
2669 2129 2791 2190 nisi
2826 2149 2861 2190 a
2891 2137 3069 2211 parte
3112 2129 3439 2210 principii,
3474 2129 3535 2190 id
3574 2137 3671 2190 est
3700 2147 3737 2189 a
3768 2137 3943 2210 parte

2449 2226 2705 2288 termini
2750 2246 2787 2288 a
2823 2243 2986 2309 quo;
3021 2227 3290 2288 mutatio
3331 2228 3395 2288 in
3435 2246 3574 2289 6336
3614 2226 3795 2308 ponit
3832 2227 3945 2289 ali-

2448 2325 2601 2405 quid
2634 2344 2669 2386 a
2702 2333 2875 2406 parte
2909 2325 3260 2407 utriusque.
3297 2326 3443 2387 ideo
3472 2325 3701 2386 mutari
3736 2325 3945 2406 primo

2451 2424 2660 2496 modo,
2705 2423 2863 2485 nihil
2910 2424 3084 2485 aliud
3133 2432 3229 2485 est
3272 2443 3463 2505 quam
3514 2443 3685 2485 nune
3734 2423 3945 2504 primo

2448 2539 2623 2598 esse3
2687 2522 2951 2584 mutatio
3010 2521 3289 2584 secundo
3346 2521 3557 2594 modo,
3618 2520 3707 2583 nil
3768 2521 3941 2583 aliud

2449 2639 2642 2701 quam
2688 2639 2857 2682 nunc
2900 2620 3127 2682 ultimo
3168 2639 3326 2682 esse.
3370 2620 3629 2682 Mutatio
3674 2620 3737 2681 in
3779 2639 3939 2692 esse,

2451 2725 2793 2799 utrumque
2838 2718 3027 2779 habet
3075 2725 3455 2792 extremum,
3495 2725 3685 2800 atque
3735 2717 3946 2798 subje-

2450 2824 2646 2889 ctum,
2680 2817 2848 2898 quod
2890 2825 2985 2878 est
3019 2817 3195 2898 prius
3234 2825 3458 2878 natura
3496 2835 3687 2898 quam
3732 2816 3945 2878 termi-

2450 2934 2570 2976 nus
2604 2932 2619 2976 :
2655 2915 2797 2976 ideo
2827 2915 2970 2977 talis
3002 2915 3267 2976 mutatio
3298 2921 3504 2996 potest
3534 2915 3775 2995 aliquid
3805 2933 3945 2976 esse

845 3014 1104 3084 Iterum,
1156 3031 1236 3073 an
1297 3013 1531 3074 creatio
1591 3013 1840 3095 passiva
1898 3015 1979 3076 sit
2027 3022 2331 3076 creatura.
2376 3018 2418 3080 C
2450 3020 2674 3074 natura
2713 3015 3075 3094 praecedens
3119 3013 3485 3086 terminum,
3518 3020 3577 3074 61
3620 3013 3943 3076 diversum

845 3111 1201 3192 Respondet
1237 3129 1249 3173 :
1284 3111 1488 3185 Quum
1531 3113 1728 3174 creari
1769 3113 1852 3175 sit
1882 3114 2018 3175 sine
2060 3120 2239 3176 motu
2276 3122 2340 3176 et

847 3209 1194 3271 mutatione
1252 3210 1507 3291 proprie
1557 3210 1746 3285 dicta,
1800 3211 2034 3291 quibus
2093 3210 2339 3272 subtra-

845 3308 986 3380 ctis,
1021 3327 1146 3370 non
1192 3315 1476 3370 remanet
1521 3309 1585 3370 in
1633 3327 1817 3390 passo
1860 3310 1982 3371 nisi
2027 3311 2104 3372 ad
2145 3328 2338 3391 agens

845 3406 1104 3484 relati03
1147 3407 1289 3469 ideo
1338 3407 1572 3469 creatio
1623 3409 1740 3469 ista
1791 3409 2060 3489 passiva,
2103 3416 2200 3470 est
2249 3428 2341 3471 re-

847 3505 995 3567 latio
1038 3507 1351 3587 quaedam,
1395 3505 1545 3587 quia
1588 3506 1811 3580 creari,
1855 3525 1979 3568 non
2029 3515 2124 3568 est
2165 3507 2336 3569 aliud

845 3622 1038 3684 quam
1083 3622 1254 3665 nunc
1295 3603 1504 3685 primo
1540 3623 1679 3666 6336
1719 3604 1799 3666 ab
1838 3605 2054 3687 aliquo
2094 3623 2219 3667 non
2260 3605 2338 3668 de

844 3701 1060 3783 aliquo
1095 3720 1108 3764 :
1143 3703 1309 3783 quod
1359 3701 1656 3784 importat
1699 3703 2068 3765 relationem
2116 3711 2339 3766 creatae

845 3801 1136 3863 essentiae
1174 3800 1252 3861 ad
1297 3801 1673 3862 Creatorem.
1721 3802 1863 3863 Haec
1907 3802 2276 3865 RicharduS.

925 3899 1374 3960 Verumtamen
1417 3898 1613 3980 aliqui
1655 3899 1897 3972 dicunt,
1931 3901 2098 3981 quod
2142 3899 2339 3982 passi—

844 4015 922 4058 va
962 3996 1196 4058 creatio
1234 4016 1343 4059 seu
1384 3997 1606 4070 creari,
1642 3997 1724 4058 sit
1764 3997 2032 4079 ipsamet
2067 4017 2165 4060 res
2207 4017 2337 4059 cre-

842 4103 943 4157 ata
995 4112 1009 4156 ε
1062 4096 1230 4177 quod
1293 4095 1558 4176 intelligi
1617 4103 1822 4176 potest
1879 4097 2337 4176 materialiter3

2448 3110 2528 3173 ab
2580 3111 2687 3173 illo
2736 3113 3087 3173 secundum
3141 3130 3295 3174 rem.
3336 3111 3494 3172 Hinc
3539 3111 3773 3174 creatio
3817 3131 3942 3174 uon

2450 3218 2544 3272 est
2585 3211 2869 3272 medium
2908 3211 3071 3272 inter
3102 3210 3461 3272 Creatorem
3495 3218 3557 3272 et
3590 3220 3943 3272 creaturam

2450 3309 2616 3369 sicut
2653 3309 2974 3389 generatio
3020 3309 3185 3370 inter
3220 3316 3629 3388 generantem
3674 3317 3733 3370 61
3776 3309 3947 3390 geni-

2452 3414 2604 3468 tum.
2637 3442 2718 3451 —
2758 3407 3065 3489 Denique,
3121 3407 3349 3488 triplex
3400 3406 3649 3468 exsistit
3698 3405 3939 3469 relatio.

2449 3506 2583 3568 Una
2612 3525 2753 3588 quae
2784 3506 3088 3567 fundatur
3126 3526 3318 3586 super
3360 3507 3809 3587 proprietatem
3850 3525 3946 3567 ac-

2450 3603 2852 3676 cidentalem,
2906 3612 2973 3664 ut
3022 3603 3376 3665 similitudo
3435 3603 3697 3665 fundata
3755 3622 3947 3684 super

2448 3699 2829 3762 albedinem.
2876 3701 3164 3764 Secunda
3213 3721 3354 3783 quae
3404 3701 3708 3763 fundatur
3755 3719 3948 3783 super

2450 3799 2940 3880 dependentiam
3010 3800 3435 3872 essentialem,
3505 3807 3573 3861 ut
3640 3799 3946 3862 habitudo

2451 3898 2730 3960 materia».
2768 3899 2845 3959 ad
2887 3898 3177 3960 formam.
3214 3898 3422 3961 Tertia
3462 3917 3603 3979 quae
3643 3898 3949 3959 fundatur

2450 4015 2643 4078 super
2686 3997 2998 4078 originem
3051 3997 3423 4059 naturalem.
3468 3996 3677 4058 Prima
3728 3995 3947 4058 relatio

2448 4095 2692 4176 aliquid
2738 4095 2912 4157 addit
2956 4095 3159 4174 reale3
3203 4095 3389 4156 tertia
3435 4095 3621 4168 nihil,
3663 4101 3733 4155 ut
3776 4102 3949 4176 patet

844 4193 1197 4256 formaliter
1239 4210 1387 4255 vero
1431 4200 1526 4255 est
1570 4193 1894 4255 habitudo.
1934 4194 2060 4256 Nec
2105 4195 2340 4257 creatio
2369 4192 2420 4254 D
2452 4194 2515 4254 in
2548 4193 2803 4254 diviniS.
2838 4194 3040 4256 Media
3070 4213 3219 4256 vero
3259 4193 3479 4256 relatio
3514 4193 3671 4255 dicit
3703 4192 3948 4274 aliquid

845 4299 1094 4354 creatur
1149 4291 1274 4352 alia
1333 4290 1671 4364 creatione,
1727 4291 1888 4352 sicut
1942 4311 2058 4353 nec
2119 4292 2339 4355 relatio

844 4388 1118 4451 refertur
1149 4388 1272 4450 alia
1313 4389 1636 4462 relatione,
1672 4408 1788 4450 nec
1819 4388 2187 4451 differentia
2216 4411 2342 4452 una

844 4486 1063 4548 differt
1107 4485 1188 4547 ab
1231 4484 1376 4560 alia,
1410 4485 1775 4548 differentia
1819 4487 1959 4548 alia.
1999 4487 2131 4549 lmo
2176 4507 2342 4550 crea-

844 4586 932 4648 tio
963 4585 1219 4667 proprie
1260 4603 1386 4646 non
1426 4593 1696 4658 creatur,
1731 4605 1931 4667 quum
1963 4587 2186 4660 creari,
2221 4587 2339 4650 sic-

843 4694 914 4748 ut
961 4693 1025 4748 et
1074 4684 1218 4746 fieri
1268 4703 1340 4746 ac
1389 4685 1699 4764 generari,
1743 4685 1824 4746 sit
1876 4685 2129 4767 proprie
2179 4687 2341 4748 exsi-

843 4785 1150 4847 stentium
1193 4801 1306 4865 per
1335 4802 1421 4844 36.
1459 4783 1632 4844 Unde
1664 4782 1885 4844 dicunt
1915 4783 2135 4864 aliqui,
2170 4785 2340 4865 quod

845 4891 1238 4954 concreatur,
1272 4889 1334 4943 et
1380 4881 1728 4962 improprie
1773 4881 1974 4943 fertur
2017 4882 2236 4944 creari.

925 4981 1228 5043 Praeterea
1275 4979 1715 5041 Bonaventura
1774 4981 2215 5060 respondendo
2262 4981 2340 5042 ad

843 5077 1036 5150 istud,
1069 5097 1150 5138 an
1191 5077 1428 5139 creatio
1467 5075 1635 5138 dicat
1679 5077 1956 5139 medium
2001 5077 2166 5140 inter
2206 5078 2345 5140 Cre-

845 5184 1084 5238 atorem
1133 5183 1196 5236 et
1241 5183 1618 5248 creaturam,
1659 5174 1942 5237 affirmat
1985 5193 1998 5237 :
2045 5177 2343 5239 Creatura

847 5293 974 5336 uno
1021 5273 1208 5336 modo
1253 5279 1511 5335 vocatur
1553 5291 1742 5335 omne
1786 5273 1954 5354 quod
2005 5281 2100 5336 est
2138 5293 2175 5336 a
2214 5274 2342 5336 Deo

2449 4291 2617 4373 quod
2664 4300 2759 4352 est
2802 4292 3268 4373 quodammodo
3311 4291 3502 4364 idem,
3534 4293 3948 4374 quodammo-

2450 4390 2529 4452 do
2577 4389 2770 4450 aliud.
2815 4389 3060 4452 Creatio
3106 4399 3321 4452 autem
3371 4390 3526 4451 dicit
3575 4389 3945 4452 relationem

2452 4488 2571 4550 hoc
2606 4487 2815 4549 medio
2848 4487 3055 4560 modo,
3088 4488 3390 4570 quoniam
3423 4496 3710 4550 creatura
3738 4508 3949 4550 essen-

2452 4585 2685 4647 tialiter
2714 4603 2786 4646 ac
2819 4583 3094 4647 totaliter
3122 4605 3159 4646 a
3190 4585 3479 4648 Creatore
3510 4586 3844 4668 dependet.
3872 4586 3949 4648 Et

2452 4684 2593 4746 ide-o
2639 4684 3139 4757 concedendum,
3182 4684 3351 4765 quod
3398 4684 3631 4746 creatio
3680 4701 3808 4746 11011
3852 4692 3949 4746 631

2450 4782 2623 4844 aliud
2672 4782 3024 4843 secundum
3075 4800 3211 4843 rem
3259 4801 3296 4842 a
3339 4790 3645 4854 creatura,
3690 4783 3801 4844 sed
3852 4801 3947 4844 se·

2452 4881 2732 4941 cundum
2778 4880 3087 4941 rationem
3132 4887 3195 4941 et
3238 4878 3704 4953 habitudinem,
3739 4888 3806 4942 ut
3850 4888 3948 4942 est

2450 4978 2714 5040 dictum.
2750 4977 2893 5040 Haec
2935 4978 3393 5039 Bonaventura.

2536 5075 2882 5138 Concordat
2924 5075 3280 5137 Alexander
3321 5082 3631 5157 quantum
3676 5075 3754 5137 ad
3797 5075 3943 5150 hoc,

2453 5174 2622 5257 quod
2664 5173 2819 5235 dicit
2858 5173 3241 5236 creationem
3284 5173 3597 5255 passivam
3641 5190 3767 5235 non
3806 5193 3947 5236 6336

2458 5272 2612 5355 quid
2664 5273 2945 5334 medium
3002 5272 3165 5334 inter
3214 5273 3414 5335 Deum
3463 5280 3521 5334 61
3567 5280 3942 5335 creaturam.
