4334 6242
833 491 952 558 192

1515 510 1578 556 IN
1618 509 1839 558 unum!
1882 509 1925 555 11
1967 508 2449 554 SENTENTIARUH.
2496 525 2576 536 —
2616 509 2770 555 msr.
2816 509 2926 572 1113
2969 510 3193 566 QUAEST.
3239 511 3259 556 1

832 682 1136 756 solutum,
1174 700 1304 764 quo
1346 680 1546 744 scitur
1588 682 1741 764 quid
1787 689 1883 744 est
1926 701 2047 756 ι·63,
2088 682 2330 763 absque
2360 683 2412 744 A
2442 689 2505 743 et
2545 699 2671 745 non
2713 701 2826 764 per
2862 683 3037 746 aliud
3066 703 3103 746 a
3133 701 3236 764 se3
3283 683 3509 746 ceteris
3549 701 3676 746 non
3719 699 3962 745 conve-

831 780 1370 843 communicantia
1411 780 1512 843 vel
1560 781 2053 844 concomitantia
2103 779 2333 842 intelli-

830 879 1017 961 gendi
1063 898 1203 942 eam
1246 899 1383 941 esse
1429 878 1559 942 ullo
1601 880 1789 942 modo
1827 879 1959 960 jam
1999 887 2184 941 tacto.
2219 879 2333 940 Ve-

832 985 1189 1040 rumtamen
1238 996 1366 1040 non
1409 978 1572 1050 dico,
1615 978 1783 1059 quod
1826 986 2003 1040 extra
2050 977 2331 1040 animam

832 1093 943 1137 seu
996 1074 1412 1150 intellectum,
1460 1084 1520 1138 et
1570 1085 1747 1138 extra
1803 1074 2170 1156 singularia,
2224 1073 2331 1134 ha-

832 1172 977 1235 beat
1025 1193 1163 1236 esse
1210 1174 1572 1237 absolutum
1621 1183 1731 1236 aut
1782 1182 2168 1256 separatum,
2221 1173 2330 1234 sed

833 1274 1001 1353 quod
1035 1281 1258 1335 natura
1286 1275 1523 1336 secund
1534 1292 1637 1336 um
1663 1293 1729 1335 se
1756 1273 1947 1335 habet
1970 1271 2333 1335 absolutum

834 1379 1215 1453 conceptum
1253 1371 1495 1454 absque
1525 1371 1827 1434 omnibus
1857 1369 2332 1433 conditionibus

831 1488 974 1550 quae
1032 1479 1405 1552 sequuntur.
1462 1470 1564 1532 Sic
1624 1489 1901 1551 namque
1958 1469 2036 1531 de
2086 1468 2330 1529 ratione

832 1568 1245 1630 humanitatis
1276 1587 1403 1631 non
1434 1575 1529 1630 est
1562 1567 2025 1641 universalitaS,
2045 1585 2161 1629 nec
2195 1584 2333 1647 par-

832 1670 1203 1745 ticularitaS,
1239 1689 1356 1732 nec
1401 1689 1626 1744 unum,
1659 1689 1777 1732 nec
1824 1669 2043 1742 multa,
2078 1669 2190 1731 sed
2233 1684 2330 1729 so-

834 1769 967 1831 lum
1016 1769 1396 1831 humanitaS.
1442 1768 1567 1830 Nec
1610 1768 1899 1849 sequitur
1946 1767 2115 1839 inde,
2156 1765 2326 1848 quod

2441 780 2538 843 nit
2567 799 2728 856 esse,
2762 783 2871 845 sed
2905 783 3104 864 magis
3145 783 3432 864 privatio.
3466 817 3546 828 —
3577 782 3960 845 Intellectus

2441 887 2652 942 autem
2698 880 2898 943 falsus
2943 882 3112 944 circa
3155 881 3218 944 id
3263 883 3432 963 quod
3475 881 3832 944 secundum
3875 897 3960 942 se

2441 986 2538 1041 cst
2567 979 2887 1061 quidditas
2926 980 3160 1062 aliqua,
3194 988 3289 1042 631
3330 980 3688 1061 intelligere
3727 979 3958 1061 ipsum

2442 1095 2580 1138 esse
2629 1076 2872 1159 aliquid
2929 1079 3282 1142 secundum
3337 1097 3426 1151 se,
3474 1077 3718 1160 absque
3765 1076 3960 1140 omni

2443 1176 2806 1239 conditione
2843 1177 3126 1252 alteriuS‚
3159 1186 3288 1240 tam
3328 1185 3506 1240 extra
3543 1175 3960 1239 intellectum

2443 1294 2633 1356 quam
2664 1282 2842 1338 extra
2869 1276 3231 1364 singularia.
3248 1275 3480 1357 Sicque
3503 1275 3704 1357 aliqui
3736 1275 3966 1356 imagi-

2443 1381 2675 1434 nantur
2704 1392 2842 1435 esse
2872 1374 3162 1437 essentiae
3191 1375 3306 1449 rei,
3340 1374 3510 1455 quod
3539 1373 3962 1454 distinguunt

2440 1470 2520 1532 ab
2569 1489 2708 1533 6336
2767 1472 3174 1546 exsistentiae,
3225 1480 3290 1535 61
3337 1472 3418 1535 ab
3466 1491 3604 1534 6336
3653 1471 3954 1534 rationis,

2443 1569 2563 1630 Sed
2625 1569 2786 1630 male
2843 1569 2935 1631 sic
2983 1569 3343 1652 opinantur.
3395 1569 3958 1643 Quemadmodum

2441 1666 2616 1728 enim
2657 1685 2795 1728 esse
2835 1674 3074 1730 naturae
3115 1685 3226 1730 seu
3265 1667 3650 1730 exsistentiae
3689 1667 3803 1740 rei,
3837 1685 3966 1748 ap-

2445 1764 2717 1847 pellatur
2755 1766 3069 1828 certitudo
3099 1766 3238 1847 ejus
3281 1785 3428 1828 cum
3467 1765 3960 1828 conditionibus

833 1868 915 1929 sit
953 1868 1207 1930 realiter
1244 1874 1531 1949 separata
1564 1886 1577 1930 ε
1614 1865 1744 1928 imo
1780 1865 1871 1927 rei
1912 1865 2003 1926 sic
2037 1863 2326 1926 absolute
2369 1864 2416 1926 B
2445 1884 2558 1927 seu
2603 1864 3096 1947 proprietatibus
3126 1884 3284 1946 quas
3324 1864 3514 1927 habet
3541 1864 3624 1927 ab
3651 1863 3958 1926 efficien-

832 1975 1128 2048 acceptae‚
1180 1966 1387 2028 solum
1445 1963 1743 2027 convenit
1786 1981 1925 2025 esse
1977 1964 2097 2025 hoc
2157 1961 2327 2044 quod

833 2074 947 2127 est.
982 2066 1197 2147 Ipsum
1228 2065 1400 2127 enim
1432 2065 1552 2126 hoc
1583 2062 1751 2145 quod
1782 2069 1879 2124 est
1909 2061 1973 2124 in
2009 2081 2075 2123 se
2107 2070 2328 2123 natum

832 2163 1065 2226 habere
1114 2163 1468 2226 secundum
1526 2181 1594 2224 se
1642 2169 2020 2243 conceptum
2080 2160 2331 2222 absolu-

834 2270 969 2324 tum
1018 2261 1157 2324 sine
1197 2261 1497 2324 omnibus
1548 2259 2021 2323 conditionibus
2064 2278 2207 2340 quae
2247 2277 2336 2320 se-

833 2367 1117 2442 quuntur
1160 2360 1339 2434 illud,
1377 2359 1570 2422 habet
1612 2377 1750 2421 esse
1795 2358 1861 2420 in
1906 2357 2066 2432 istis,
2099 2364 2162 2419 et
2206 2373 2332 2418 non

834 2458 957 2520 nisi
1010 2459 1074 2520 in
1128 2458 1264 2521 istis
1314 2476 1328 2520 ε
1377 2458 1527 2539 quia
1573 2465 1681 2519 aut
1730 2465 1824 2520 est
1873 2457 1939 2518 in
1988 2456 2224 2529 anima,
2270 2463 2332 2517 et

834 2558 1228 2636 universale3
1270 2564 1380 2618 aut
1422 2556 1489 2618 in
1534 2555 1725 2617 rebus
1772 2561 1969 2629 extra,
2013 2562 2074 2616 61
2116 2554 2331 2634 singu-

835 2655 983 2718 lare.

902 2754 1187 2835 Denique
1218 2752 1385 2815 circa
1415 2753 1506 2814 rei
1539 2751 1959 2834 quidditatem
1990 2769 2331 2833 possumus

833 2850 1067 2913 habere
1124 2850 1445 2933 triplicem
1504 2849 1901 2912 intellectum
1959 2869 2207 2924 verum,
2269 2855 2330 2910 et

832 2968 1034 3011 unum
1073 2948 1327 3012 falsum.
1362 2949 1706 3031 Triplicem
1740 2949 1979 3032 quippe
2015 2949 2204 3010 habet.
2237 2948 2330 3010 in-

2449 1971 2507 2025 te
2548 1963 2614 2026 in
2656 1964 2812 2046 ipsis
2852 1964 3065 2036 rebuS,
3098 1972 3162 2025 et
3189 1983 3330 2026 esse
3369 1963 3630 2026 rationis
3666 1963 3960 2046 appella-

2447 2070 2548 2124 tur
2579 2064 2892 2126 certitudo
2919 2063 3060 2144 ejus
3091 2081 3238 2125 cum
3280 2062 3751 2125 conditionibus
3780 2081 3954 2144 quas

2444 2160 2636 2222 habet
2680 2161 2761 2223 ab
2811 2162 3138 2224 intellectu
3199 2161 3264 2222 in
3312 2160 3454 2239 ejus
3501 2168 3810 2242 conceptu
3879 2160 3952 2222 in

2445 2259 2748 2322 relatione
2785 2260 2862 2321 ad
2903 2259 3145 2341 aliquid
3185 2258 3395 2337 aliud;
3437 2259 3529 2320 sic
3560 2277 3698 2320 esse
3727 2277 3956 2320 essen-

2443 2357 2546 2420 tiae
2587 2357 2678 2420 rei
2721 2357 3078 2440 appellatur
3117 2357 3429 2419 certitudo
3472 2357 3611 2436 ejus
3651 2356 3956 2419 absolute

2441 2463 2722 2537 accepta,
2764 2455 3004 2537 absque
3052 2454 3228 2518 omni
3278 2455 3638 2518 conditione
3685 2463 3750 2516 et
3795 2471 3953 2536 pro-

2444 2553 2712 2636 prietate
2744 2573 2936 2636 quam
2977 2562 3123 2617 nata
3157 2561 3253 2616 est
3281 2552 3514 2617 babere
3555 2553 3620 2616 in
3653 2571 3792 2616 esse
3835 2572 3956 2615 na·

2441 2659 2599 2715 turae
2639 2661 2702 2714 et
2743 2652 3024 2715 rationis,

2541 2751 2703 2812 Dum
2763 2751 2976 2833 itaque
3033 2751 3360 2832 quaeritur,
3423 2769 3503 2812 an
3561 2750 3646 2812 sit
3701 2768 3954 2832 ponere

2441 2849 2723 2932 aliquam
2753 2851 3096 2912 essentiam
3134 2849 3476 2911 habentem
3507 2867 3576 2911 36
3605 2867 3720 2931 per
3750 2849 3956 2911 indir-

2440 2947 2776 3010 ferentiam
2819 2949 2899 3011 ad
2943 2967 3080 3011 esse
3120 2956 3184 3011 61
3223 2965 3350 3011 non
3389 2967 3528 3010 esse
3562 2965 3577 3010 ε
3611 2955 3719 3009 aut
3755 2947 3956 3009 intel-

829 3047 1155 3110 tellectum
1204 3067 1451 3121 verum,
1496 3047 1661 3109 sicut
1704 3055 1767 3109 et
1818 3053 1942 3108 tres
1992 3047 2213 3109 modos
2263 3047 2327 3108 in
2367 3044 2410 3107 C
2442 3045 2660 3126 ligitur
2702 3047 2778 3109 de
2820 3065 2946 3110 non
2995 3065 3134 3109 esse
3178 3045 3318 3127 ejus
3363 3046 3531 3128 quod
3582 3063 3706 3108 non
3749 3044 3958 3107 babet

829 3165 988 3208 esse.
1024 3148 1231 3209 Unum
1264 3146 1437 3208 enim
1476 3146 1668 3208 habet
1698 3164 1837 3208 6336
1877 3153 2118 3208 naturae
2151 3152 2329 3208 extra

829 3244 895 3307 in
927 3244 1138 3320 rebuS‚
1170 3245 1438 3307 alterum
1472 3262 1622 3307 vero
1653 3243 1844 3306 habet
1874 3263 2012 3306 esse
2043 3244 2325 3318 rationis,

828 3344 1088 3406 tertium
1118 3351 1330 3406 autem
1363 3343 1555 3405 habet
1583 3361 1721 3404 esse
1753 3343 2044 3405 essentiae
2069 3359 2083 3404 ε
2108 3361 2328 3423 quem-

827 3443 1171 3505 admodum
1210 3441 1446 3503 animal
1485 3448 1818 3523 acceptum
1850 3459 1998 3503 cum
2038 3440 2327 3503 acciden-

828 3540 1000 3602 tibus
1040 3540 1171 3602 suis
1203 3540 1269 3601 in
1299 3538 1750 3621 singularibuS‚
1784 3547 1879 3602 631
1910 3557 2009 3602 res
2049 3546 2324 3617 naturae3

825 3647 1160 3720 acceptum
1202 3656 1352 3701 vero
1395 3657 1543 3700 cum
1590 3639 2027 3701 accidentibus
2076 3638 2210 3700 suis
2259 3638 2326 3699 in

824 3736 1059 3810 anima,
1092 3744 1188 3799 est
1227 3755 1326 3797 res
1370 3736 1668 3813 rationis3
1702 3737 1812 3798 sed
1853 3744 2188 3819 acceptum
2230 3755 2325 3798 se-

826 3834 1108 3897 cundum
1148 3853 1238 3907 se,
1271 3841 1368 3896 est
1406 3853 1506 3896 res
1545 3834 1855 3908 essentiae,
1890 3835 1967 3896 de
2006 3854 2130 3916 qua
2172 3833 2326 3896 dici-

824 3940 948 4007 tur,
990 3931 1163 4014 quod
1210 3950 1349 3994 esse
1398 3930 1539 4012 ejus
1587 3938 1683 3992 est
1723 3931 1899 4012 prius
1942 3949 2135 4012 quam
2184 3949 2324 3993 esse

824 4052 954 4096 suoe
984 4039 1245 4107 naturai,
1277 4031 1378 4094 vel
1412 4031 1696 4105 rationiS,
1730 4031 1897 4092 sicut
1926 4031 2200 4112 simplex
2229 4039 2324 4094 est

823 4131 1003 4213 prius
1032 4131 1404 4214 composito.
1421 4131 1550 4193 Hoc
1579 4149 1716 4192 esse
1748 4129 2038 4192 essentiae
2068 4129 2322 4212 proprie

2441 3145 2766 3227 exemplar
2806 3146 2870 3208 in
2911 3146 3059 3218 Deo,
3093 3163 3211 3208 nec
3251 3152 3472 3207 natum
3503 3151 3597 3207 est
3625 3162 3784 3217 esse,
3815 3162 3954 3206 nec

2441 3250 2538 3305 est
2573 3244 2845 3325 positiva
2879 3251 3126 3317 natura,
3161 3251 3232 3304 ut
3263 3261 3401 3305 esse
3433 3242 3794 3320 Chimaerae3
3823 3251 3954 3305 aut

2441 3341 2518 3402 de
2567 3359 2696 3404 non
2745 3361 2884 3404 esse
2936 3341 3106 3422 quod
3164 3348 3350 3422 negat
3395 3359 3534 3404 esse
3580 3340 3950 3404 secundum

2440 3459 2641 3502 unum
2696 3441 2953 3502 modum
3003 3440 3278 3514 essendi,
3316 3440 3497 3521 ponit
3541 3446 3749 3501 tamen
3793 3457 3951 3502 esse

2438 3539 2791 3601 secundum
2839 3539 3039 3601 alium
3095 3539 3373 3612 modum,
3419 3537 3716 3600 videlicet
3761 3539 3950 3619 quod

2438 3644 2624 3717 negat
2661 3655 2800 3699 esse
2836 3637 3104 3699 actualis
3153 3635 3555 3698 exsistentiae.
3590 3635 3950 3718 Loquendo

2437 3734 2631 3815 igitur
2660 3735 2736 3797 de
2769 3753 2894 3797 non
2925 3753 3062 3797 esse
3095 3734 3302 3816 primo
3341 3734 3551 3808 modo,
3583 3742 3646 3795 et
3675 3734 3751 3796 de
3781 3753 3952 3815 quo-

2437 3852 2711 3914 cumque
2742 3852 2880 3895 esse
2911 3833 3033 3896 sibi
3065 3832 3380 3914 opposito,
3413 3850 3541 3895 non
3571 3841 3670 3894 est
3697 3851 3948 3914 ponere

2437 3933 2502 3994 in
2551 3951 2762 3994 rerum
2813 3939 3036 3993 natura
3084 3950 3291 4013 neque
3335 3930 3398 3992 in
3450 3930 3775 3993 intellectu
3818 3930 3948 3992 ali-

2437 4049 2628 4112 quam
2656 4030 2998 4092 essentiam
3024 4049 3165 4111 quae
3197 4048 3310 4112 per
3332 4028 3830 4091 indifferentiam
3865 4049 3948 4093 se

2433 4127 2662 4190 habeat
2690 4129 2768 4189 ad
2802 4145 2940 4190 esse
2978 4134 3040 4188 et
3069 4127 3149 4189 ad
3185 4145 3314 4190 non
3352 4146 3489 4188 esse
3525 4144 3539 4188 :
3573 4126 3724 4208 quia
3760 4129 3948 4208 quod

822 4230 1059 4292 dicitur
1086 4249 1225 4293 esse
1255 4228 1666 4292 definitivum
1698 4236 1761 4290 et
1792 4228 2319 4310 quidditativum:
2353 4225 2402 4287 D
2435 4227 2544 4289 illo
2589 4226 2777 4288 modo
2821 4233 2917 4287 est
2955 4242 3082 4288 non
3121 4244 3280 4298 esse,
3313 4225 3392 4290 de
3431 4243 3499 4286 se
3538 4232 3634 4287 est
3672 4243 3948 4288 necesse

822 4327 994 4410 quod
1025 4327 1185 4389 nulli
1217 4326 1677 4400 convenit,nisi
1709 4325 1893 4406 cujus
1925 4326 2085 4388 ratio
2113 4345 2324 4388 exem-

824 4426 1019 4508 plaris
1066 4431 1161 4487 est
1206 4425 1272 4486 in
1323 4424 1653 4486 intellectu
1695 4422 1935 4496 divino,
1972 4443 2088 4504 per
2129 4443 2321 4504 quam

822 4531 1045 4586 natum
1083 4531 1179 4585 est
1208 4522 1473 4604 produci
1514 4520 1787 4593 realiter,
1822 4521 1909 4581 ita
1948 4521 2115 4602 quod
2158 4521 2326 4583 sicut

822 4643 900 4686 ex
930 4621 1235 4684 relatione
1266 4629 1330 4682 et
1361 4627 1651 4702 respectu
1684 4618 1760 4680 ad
1794 4619 1993 4680 Deum
2025 4626 2324 4701 tanquam

820 4722 899 4784 ad
932 4739 1188 4783 causam
1218 4719 1635 4791 efficientem,
1670 4716 1861 4779 habet
1889 4717 2059 4798 quod
2098 4717 2182 4779 sit
2211 4736 2322 4779 ens

822 4820 889 4881 in
932 4819 1171 4882 effectu
1216 4825 1280 4879 et
1316 4835 1456 4879 esse
1499 4814 1885 4878 exsistentiae
1929 4813 2191 4888 habenS,
2237 4815 2324 4876 ita

820 4936 899 4979 ex
959 4917 1265 4979 relatione
1315 4922 1378 4977 61
1426 4922 1719 4997 respectu
1767 4913 1845 4974 ad
1896 4912 2108 4994 ipsum
2157 4913 2324 4975 sicut

818 5016 897 5078 ad
928 5034 1184 5078 causam
1216 5023 1279 5076 et.
1309 5013 1581 5076 formam
1623 5031 1734 5074 seu
1774 5011 2084 5073 rationem
2114 5030 2324 5073 exem-

820 5115 1088 5198 plarem,
1135 5113 1327 5175 habet
1377 5112 1546 5195 quod
1606 5110 1687 5173 sit
1738 5129 1851 5172 ens
1899 5109 2157 5191 aliquod
2209 5128 2324 5191 per

820 5213 1163 5276 essentiam
1213 5230 1325 5274 seu
1376 5228 1515 5272 esse
1564 5208 1855 5272 essentiae
1903 5208 2162 5270 habens.
2207 5207 2324 5270 Ne-

821 5330 996 5375 cesse
1039 5329 1200 5386 esse,
1232 5316 1329 5372 631
1371 5327 1645 5391 semper,
1676 5315 1741 5370 61
1784 5315 1880 5368 631
1921 5324 2035 5389 per
2078 5306 2315 5388 ipsum,

2433 4343 2559 4388 non
2600 4341 2775 4402 esse3
2818 4324 2987 4406 quod
3037 4331 3250 4384 autem
3292 4341 3370 4384 ex
3413 4342 3530 4384 sua
3570 4330 3794 4386 natura
3831 4332 3948 4386 est

2433 4441 2582 4485 vera
2611 4421 2906 4495 essentia,
2942 4439 3068 4484 non
3102 4427 3307 4502 potest
3335 4421 3430 4482 sic
3459 4438 3586 4483 non
3615 4439 3774 4494 esse,
3800 4419 3946 4484 imo

2435 4528 2652 4582 natum
2700 4527 2796 4582 est
2834 4538 2992 4581 esse.
3035 4518 3378 4600 Loquendo
3419 4525 3632 4580 autem
3679 4518 3756 4580 (16
3799 4535 3938 4581 non

2433 4637 2572 4682 esse
2617 4618 2897 4681 secundo
2938 4617 3146 4692 mod0,
3181 4624 3333 4698 puta
3371 4617 3448 4679 de
3488 4634 3616 4679 non
3653 4635 3790 4679 esse
3825 4635 3938 4680 ac-

2433 4717 2623 4780 tualis
2666 4717 3071 4792 exsistentiae,
3104 4722 3167 4778 et
3208 4715 3285 4778 de
3327 4734 3467 4778 esse
3508 4714 3630 4777 sibi
3679 4716 3942 4797 opposi-

2436 4823 2520 4890 to,
2554 4815 2716 4878 bene
2759 4823 2856 4877 est
2896 4832 3129 4897 ponere
3173 4814 3512 4877 essentiam
3556 4812 3938 4876 indifferen-

2435 4921 2530 4976 ter
2559 4933 2626 4975 se
2657 4913 2996 4976 habentem
3027 4913 3104 4975 ad
3135 4933 3274 4976 esse
3304 4920 3368 4974 et
3397 4931 3524 4975 non
3554 4931 3692 4974 esse
3717 4930 3731 4976 :
3761 4913 3938 4975 sicut

2433 5011 2710 5074 essentia
2745 5029 2900 5074 rosae
2933 5018 3030 5074 est
3062 5029 3200 5074 esse
3233 5010 3460 5073 florem
3495 5011 3602 5092 qui
3639 5019 3934 5092 tempore

2434 5109 2693 5172 hiemali
2737 5127 2863 5171 non
2907 5116 3022 5182 est,
3059 5115 3341 5191 tempore
3383 5108 3647 5171 aestivali
3685 5115 3800 5170 est.

2513 5209 2961 5270 Verumtamen
3009 5207 3532 5288 distinguendum
3575 5215 3672 5268 est
3711 5207 3789 5268 de
3833 5207 3934 5269 in-

2435 5304 2816 5368 differentia.
2863 5305 3021 5367 Nam
3078 5304 3319 5386 aliquid
3380 5322 3494 5386 per
3552 5303 3933 5370 indifferen-
