4334 6242
995 506 1082 554 AN
1125 506 1304 553 INTER
1347 507 1620 554 ANGELos
1663 507 1930 556 SANG'ros
1972 509 2108 555 SINT
2151 509 2355 556 PUGNA
2398 508 2595 565 ATQUE
2638 509 2961 558 DISCORDIA

3413 493 3535 559 559

433 683 570 738 tum
610 675 674 738 in
710 695 778 738 se
809 685 965 750 erat,
999 676 1442 740 liberationem
1485 678 1706 761 populi
1737 678 1924 740 Israel
1955 679 2007 742 A
2039 678 2204 740 inter
2247 697 2355 741 eos
2398 679 2649 743 diversa
2694 681 3119 764 apprehensio
3162 681 3239 743 de
3283 682 3529 756 eodem,

433 773 832 852 merebatur3
883 775 994 836 sed
1042 784 1302 858 peccata
1361 776 1568 857 plebis
1619 776 1812 850 illius,
1863 784 1928 838 et

430 871 584 934 item
616 872 857 934 utilitas
888 892 1078 954 quam
1111 871 1384 935 faciebat
1414 874 1480 936 in
1505 892 1699 954 regno
1722 875 1928 936 Persa-

429 989 594 1042 rum,
628 971 780 1052 quia
811 989 925 1052 per
954 989 1095 1032 eam
1128 971 1352 1033 notitia
1381 972 1516 1033 veri
1548 972 1659 1035 Dei
1691 971 1927 1033 diffun-

425 1067 694 1129 debatur
735 1068 801 1129 in
842 1085 1036 1149 regno
1075 1069 1429 1142 Persarum,
1462 1077 1642 1131 erant
1678 1069 1740 1131 in
1783 1087 1927 1131 con-

423 1166 713 1228 trarium.
766 1167 1102 1248 Quumque
1162 1167 1606 1249 unusquisque
1662 1168 1926 1248 angelus

424 1265 780 1326 secundum
815 1283 1004 1326 suum
1037 1263 1354 1338 officium,
1387 1265 1466 1327 ad
1497 1265 1730 1328 divinae
1760 1266 1925 1347 sapi-

422 1363 612 1424 entiae
662 1381 928 1425 examen
979 1362 1291 1425 referebat
1335 1364 1562 1426 merita
1609 1363 1730 1425 sibi
1781 1363 1927 1425 sub-

424 1459 727 1534 ditorum,
750 1461 892 1523 ideo
922 1460 1386 1523 contrariorum
1418 1461 1640 1524 relatio
1670 1462 1924 1524 merito-

355 1625 361 1630 ,
423 1577 568 1620 rum
615 1578 731 1640 per
773 1559 1056 1621 diversos
1105 1560 1362 1640 angelos
1410 1558 1596 1634 facta,
1640 1554 1922 1622 divina⁰m

123 2263 204 2306 Iob
227 2276 330 2315 xxv,
351 2267 392 2308 2.

120 3254 234 3298 Dan.
253 3269 298 3305 x,
319 3257 384 3298 13.

421 1657 804 1719 sententiam
838 1656 1294 1739 praestolanteS‚
1311 1677 1524 1739 pugna
1551 1657 1922 1738 angelorum

422 1762 685 1817 vocatur
719 1775 732 1818 :
768 1774 1041 1837 quorum
1087 1757 1492 1819 concordatio
1533 1765 1630 1818 est
1675 1757 1739 1818 in
1786 1775 1924 1839 per-

2035 794 2162 838 non
2214 783 2424 838 tamen
2471 777 2782 839 contraria
2833 776 3124 840 definitio
3154 782 3286 840 'seu
3330 779 3533 841 deter-

2037 874 2320 936 minatio.
2356 874 2698 937 Diversitas
2737 884 2951 937 autem
2994 875 3103 937 illa
3142 876 3308 938 inter
3346 895 3534 957 ange-

2037 971 2128 1034 los
2192 973 2586 1034 diversarum
2649 973 3126 1054 provinciarum
3189 992 3273 1042 ex
3330 974 3535 1038 tribus

2035 1070 2365 1149 contingit.
2410 1070 2691 1133 Primum
2734 1079 2831 1132 est
2879 1071 3235 1151 ignorantia
3284 1080 3536 1134 senten-

2034 1167 2139 1228 tiae
2170 1167 2371 1228 divini
2401 1167 2651 1248 judieii.
2680 1168 3045 1230 Secundum
3076 1178 3172 1231 est
3201 1170 3535 1233 diversitas

2035 1272 2097 1326 et
2140 1264 2321 1346 quasi
2369 1266 2779 1328 contrarietas
2822 1267 3215 1329 meritorum.
3252 1268 3534 1330 Tertium

2034 1369 2130 1422 est
2180 1361 2561 1424 consultatio
2609 1362 2981 1442 angelorum
3032 1381 3225 1446 super
3272 1364 3393 1426 hac
3430 1384 3534 1427 va-

2035 1459 2279 1533 rietate,
2332 1466 2395 1520 et
2444 1461 2828 1541 praestolatio
2886 1461 3119 1524 divinae
3178 1462 3532 1536 sententiae,

2033 1563 2179 1629 etc.,
2214 1565 2285 1618 ut
2326 1577 2519 1639 supra
2561 1558 2627 1619 in
2666 1559 2925 1621 Thoma.

2113 1655 2463 1717 Richardus
2497 1675 2749 1739 quoque
2784 1677 2798 1720 :
2832 1657 3064 1721 Omnes
3094 1659 3373 1740 (asserit)
3404 1678 3538 1723 cre-

2032 1761 2230 1816 aturae
2290 1772 2329 1815 a
2384 1755 2595 1836 primo
2655 1757 3009 1836 procedunt
3072 1757 3411 1840 principio,
3472 1766 3538 1821 et

423 1854 716 1935 ceptione
764 1853 997 1916 divinae
1049 1855 1377 1918 sententiae
1428 1873 1541 1917 seu
1601 1855 1920 1916 illumina·
1957 1858 2006 1921 B
2036 1859 2273 1932 quanto
2322 1852 2467 1933 plus
2527 1853 2765 1914 distant
2812 1853 2893 1916 ab
2950 1873 3046 1928 eo,
3100 1863 3275 1919 tanto
3334 1857 3535 1938 magis

421 1951 614 2014 tionis
665 1971 978 2034 supernae,
1023 1972 1137 2034 per
1183 1972 1376 2035 quam
1426 1955 1504 2015 de
1553 1953 1769 2015 divina
1817 1972 1923 2016 vo-

423 2051 665 2112 luntate
705 2051 1032 2114 docentur.
1067 2051 1198 2113 Hoc
1241 2052 1482 2134 quippe
1525 2051 1923 2115 concorditer

421 2148 668 2222 volunt,
702 2150 872 2231 quod
904 2150 1269 2232 percipiunt.
1297 2152 1496 2213 Deum
1530 2150 1712 2213 velle.
1747 2151 1920 2213 Unde

422 2247 660 2309 dicitur
703 2247 768 2309 in
805 2246 921 2310 Job
957 2265 971 2308 ε
1005 2249 1172 2310 Deus
1215 2247 1368 2310 facit
1406 2249 1810 2311 concordiam
1855 2249 1919 2310 in

422 2344 811 2407 sublimibus
851 2346 1004 2408 suis.
1039 2346 1384 2408 Diversitas
1425 2355 1638 2409 autem
1679 2347 1922 2429 opinio-

419 2463 578 2506 num
628 2463 753 2506 non
813 2451 1124 2526 repugnat
1170 2445 1469 2508 amicitiae
1517 2465 1724 2528 neque
1773 2464 1918 2508 con-

421 2542 674 2615 cordiae,
707 2543 818 2604 sed
864 2543 1070 2605 solum
1116 2543 1450 2606 diversitas
1493 2544 1914 2607 voluntatum.

417 2641 580 2702 Hinc
614 2641 755 2702 talis
797 2659 1030 2723 pugna,
1064 2661 1206 2733 quae
1235 2650 1331 2704 est
1360 2643 1713 2705 secundum
1751 2643 1918 2723 judi-

418 2739 518 2800 cia
547 2759 626 2801 ex
655 2739 926 2802 diversis
959 2741 1203 2802 meritis
1244 2749 1518 2823 sumpta,
1553 2760 1678 2804 non
1713 2741 1920 2804 obstat

418 2837 646 2898 unitati
686 2837 988 2914 caritatis,
1024 2858 1222 2920 quum
1255 2840 1548 2902 voluntas
1583 2857 1804 2903 eorum
1837 2841 1920 2902 sit

420 2954 564 3010 una,
601 2943 670 2996 ut
701 2935 946 2998 scilicet
976 2936 1193 2999 divina
1231 2937 1630 3019 providentia
1668 2938 1916 3020 explea-

416 3040 540 3094 tur.
575 3069 656 3078 —
693 3033 837 3096 Haec
881 3033 1151 3096 Thomas
1195 3034 1260 3096 in
1303 3034 1570 3116 Scripto.

497 3131 802 3205 Quocirca
846 3133 1268 3213 pensandum,
1302 3134 1471 3214 quod
1509 3133 1575 3194 B.
1621 3133 1918 3216 Hierony-

419 3249 561 3292 mus
610 3230 805 3292 verba
862 3230 971 3292 illa
1019 3230 1296 3294 Danielis
1345 3231 1526 3293 valde
1585 3231 1918 3295 humiliter

417 3348 490 3391 ac
522 3329 732 3392 sobrie
771 3330 1032 3411 exponit
1071 3329 1210 3391 sine
1249 3330 1596 3392 assertione
1639 3331 1908 3394 incauta.

415 3428 592 3490 Unde
629 3435 694 3489 et
729 3428 998 3489 Thomas
1039 3428 1105 3489 in
1146 3435 1323 3510 parte
1363 3429 1570 3510 prima
1609 3429 1908 3505 Summae,

415 3525 764 3606 quaestione
795 3526 1144 3588 centesima
1173 3526 1630 3602 tertiadecima,
1663 3528 1911 3609 exposi-

317 3681 330 3692 ,
416 3624 656 3686 tionem
703 3624 1070 3706 Hieronymi
1116 3642 1241 3686 non
1283 3624 1600 3707 improbat
1643 3642 1656 3686 :
1699 3625 1912 3689 Hiero-

415 3740 669 3804 nymuS,
714 3722 1034 3804 inquienS,
1077 3721 1436 3804 principem
1481 3723 1658 3804 regni
1702 3725 1910 3786 Persa-

413 3839 556 3881 rum
596 3819 752 3882 dicit
790 3819 990 3882 fuisse
1028 3820 1325 3901 angelum
1355 3821 1466 3902 qui
1506 3841 1573 3884 se
1610 3824 1910 3904 opposuit

413 3916 772 3980 liberationi
811 3918 1196 3996 Judaeosum,
1240 3937 1356 3999 pro
1402 3919 1638 4000 quibus
1687 3920 1903 3983 Daniel

412 4015 652 4090 orabat,
698 4016 988 4079 Gabriele
1029 4035 1248 4098 preces
1285 4017 1426 4098 ejus
1466 4018 1593 4080 Deo
1632 4037 1905 4099 praesen-

408 4121 598 4176 tante.
643 4115 786 4178 Haec
825 4131 978 4176 vero
1020 4114 1378 4175 resistentia
1418 4115 1504 4176 ita
1544 4123 1788 4196 poterat
1826 4116 1903 4178 fi-

415 4213 530 4287 eri,
570 4213 740 4295 quod
779 4213 1079 4295 princeps
1124 4212 1356 4294 aliquis
1397 4215 1760 4277 daemonum
1798 4216 1902 4278 Ju-'
1933 4219 1984 4282 D
2015 4210 2175 4271 Hinc
2220 4230 2412 4293 super
2457 4211 2615 4273 illud
2656 4211 2823 4274 beati
2851 4213 2989 4287 Job,
3023 4214 3141 4287 Qui
3180 4215 3334 4277 facit
3364 4236 3512 4280 00¹1-
3538 4245 3621 4292 1οῡ
3639 4261 3737 4302 xxv,
3760 4251 3803 4296 2.

415 4312 582 4374 daeos
639 4312 702 4374 in
763 4311 1082 4374 Persidem
1142 4312 1366 4374 ductos
1426 4314 1504 4374 ad
1568 4321 1900 4395 peccatum

407 4409 762 4484 induxerat,
797 4429 910 4492 per
940 4411 1107 4492 quod
1140 4409 1672 4492 impedimentum
1705 4412 1904 4475 siebat

411 4509 836 4571 exauditionis
890 4508 1248 4571 orationum
1307 4509 1604 4572 DanieliS.
1668 4511 1902 4574 Secun-

412 4607 567 4668 dum
612 4606 983 4688 Gregorium
1029 4624 1180 4670 vero
1219 4608 1745 4690 septimodecimo
1781 4611 1904 4674 Mo-

405 4706 662 4778 ralium,
698 4706 998 4787 princeps
1041 4705 1148 4768 ille
1188 4707 1518 4770 Persarum
1559 4707 1682 4770 suit
1714 4728 1904 4791 ange-

407 4804 508 4866 lus
567 4803 795 4877 bonuS,
846 4812 992 4878 etc.,
1045 4813 1116 4867 ut
1171 4825 1382 4888 supra.
1436 4806 1580 4870 Haec
1633 4807 1902 4871 Thomas

406 4903 471 4964 in
516 4903 794 4966 Summa.

482 5002 561 5062 At
609 5019 760 5064 vero
806 5003 1024 5064 Petrus
1079 5019 1093 5065 ε
1147 5004 1314 5066 Inter
1365 5003 1564 5068 bonos
1621 5007 1899 5087 angeIOS,

403 5100 513 5173 ait,
549 5119 879 5181 nunquam
923 5110 1018 5164 est
1061 5105 1478 5185 repugnantia
1527 5124 1734 5188 neque
1777 5107 1902 5168 dis-

403 5199 620 5261 cordia
676 5198 930 5280 proprie
989 5210 1244 5282 sumpta
1287 5220 1300 5265 :
1344 5211 1621 5266 attamen
1678 5223 1902 5267 secun-

403 5297 558 5360 dum
607 5297 1144 5361 considerationes
1189 5299 1469 5363 diversas
1513 5309 1722 5384 potest
1762 5321 1902 5366 esse

2033 1949 2271 2011 distant
2302 1949 2466 2012 inter
2495 1969 2583 2025 se,
2618 1959 2681 2012 et
2711 1970 2839 2034 quo
2879 1953 3157 2034 amplius
3186 1954 3245 2015 ei
3276 1955 3534 2038 propin-

2034 2055 2252 2127 quant,
2296 2054 2472 2110 tanto
2512 2047 2657 2131 plus
2708 2049 2873 2112 inter
2915 2069 2983 2112 se
3028 2051 3356 2113 uniuntur.
3396 2053 3533 2116 Pro-

2032 2153 2174 2226 pter
2221 2146 2389 2226 quod
2451 2147 2677 2228 quinto
2726 2149 2803 2210 de
2854 2149 3099 2212 Divinis
3158 2151 3531 2213 nominibus

2031 2243 2333 2324 capitulO,
2368 2245 2426 2306 S.
2464 2245 2801 2328 Dionysius
2832 2249 3259 2327 egressionem
3291 2258 3531 2312 creatu-

2031 2360 2247 2404 rarum
2300 2361 2337 2405 a
2385 2344 2512 2406 Deo
2570 2355 2897 2426 comparat
2954 2346 3153 2408 exitui
3214 2347 3527 2410 linearum

2029 2458 2066 2500 a
2105 2447 2346 2516 centro,
2379 2441 2531 2523 quia
2575 2462 2703 2524 quo
2745 2444 2926 2508 lineae
2967 2445 3111 2527 plus
3154 2445 3531 2526 elongantur

2027 2556 2066 2599 a
2095 2547 2335 2614 centro,
2371 2547 2545 2603 tanto
2573 2541 2717 2623 plus
2756 2542 2991 2604 distant
3021 2542 3102 2605 ab
3134 2543 3433 2619 invicem,
3465 2551 3531 2607 et

2031 2635 2156 2699 illae
2206 2645 2415 2719 partes
2465 2658 2606 2720 quae
2653 2647 2871 2702 centro
2918 2649 3069 2703 sunt
3118 2643 3531 2725 propinquio-

2031 2742 2312 2808 reS,sunt
2341 2737 2831 2819 propinquiores
2864 2739 3030 2801 inter
3058 2747 3223 2815 se,et
3252 2741 3363 2803 ubi
3389 2741 3532 2823 jun-

2026 2840 2266 2912 guntur
2305 2841 2545 2910 centro,
2577 2835 2935 2917 junguntur
2976 2838 3140 2901 inter
3170 2858 3255 2901 se.
3292 2841 3527 2913 Quum-

2029 2950 2154 3012 que
2211 2933 2419 3014 angeli
2478 2934 2680 2996 sancti
2739 2934 2869 2997 sint
2926 2937 3055 2999 Deo
3113 2936 3408 3001 beatifice
3466 2945 3530 3001 et

1955 3038 1999 3102 G
2031 3029 2397 3093 immediate
2439 3032 2787 3113 conjuncti,
2822 3040 2971 3096 sunt
3000 3045 3063 3097 et
3094 3036 3259 3098 inter
3288 3055 3355 3099 se
3386 3056 3528 3120 per-

2027 3127 2379 3192 fectissime
2429 3149 2544 3212 per
2590 3149 2873 3194 amorem
2918 3133 3080 3194 uniti
3125 3153 3139 3197 :
3184 3135 3353 3216 quod
3398 3153 3527 3199 non

2027 3233 2215 3299 esset,
2278 3227 2332 3288 si
2394 3228 2559 3290 inter
2615 3247 2683 3290 se
2743 3228 3051 3292 haberent
3116 3225 3519 3293 discordiam.

2025 3323 2240 3404 Pugna
2286 3343 2437 3406 ergo
2482 3344 2704 3388 eorum
2750 3345 2877 3389 non
2926 3327 3050 3390 nisi
3092 3330 3525 3411 metaphorice

2025 3422 2263 3484 dicitur
2318 3443 2551 3505 pugna,
2611 3432 2758 3499 etc.,
2820 3433 2891 3486 ut
2947 3445 3157 3508 supra.
3220 3428 3365 3490 Haec
3422 3428 3522 3491 Ri-

2024 3520 2316 3582 charduS.

2103 3619 2451 3682 Concordat
2488 3619 2784 3683 Albertus
2819 3640 2833 3683 ε
2867 3622 3003 3684 Non
3044 3631 3161 3698 est,
3197 3623 3518 3706 inquienS,

2021 3717 2187 3778 inter
2217 3717 2471 3798 angelos
2503 3738 2581 3781 ex
2613 3719 2899 3782 custodia
2930 3722 3365 3796 contradictio,
3400 3743 3519 3786 nec

2020 3815 2335 3897 praelium.
2389 3817 2524 3880 Non
2580 3819 2751 3880 enim
2810 3819 2945 3882 haec
3002 3822 3444 3885 contradicunt
3497 3843 3512 3887 ε

2019 3915 2331 3997 populum
2370 3935 2509 3978 esse
2552 3916 2952 3980 liberandum
2997 3927 3255 4001 propter
3293 3940 3515 4002 preces

2016 4013 2495 4094 Prophetarum,
2528 4022 2593 4076 et
2632 4034 2757 4077 non
2796 4033 2935 4078 esse
2981 4018 3191 4079 adhuc
3241 4018 3510 4082 liberan-

2015 4111 2281 4185 dum‚eo
2311 4113 2482 4194 quod
2522 4114 2804 4175 nondum
2844 4114 2995 4177 satis
3032 4116 3114 4177 sit
3145 4118 3505 4199 castigatus.

2016 4309 2298 4371 cordiam
2328 4311 2393 4372 in
2424 4310 2813 4373 sublimibus
2844 4313 2998 4387 suiS,
3017 4313 3106 4375 ait
3136 4313 3507 4396 Gregorius:

2016 4408 2337 4470 Sublimes
2386 4410 2649 4491 spiritus
2708 4411 3005 4491 gentibus
3053 4413 3509 4497 principanteS,

2017 4527 2421 4589 nequaquam
2468 4527 2584 4591 pro
2630 4510 2964 4590 agentibus
3014 4511 3251 4593 injusta
3298 4514 3512 4577 decer-

2014 4614 2170 4680 tant,
2238 4607 2347 4668 sed
2410 4625 2633 4670 eorum
2694 4608 2860 4670 sacta
2922 4609 3092 4691 juste
3151 4611 3513 4692 judicantes

2015 4704 2415 4786 examinant3
2447 4725 2776 4788 quumque
2817 4707 3325 4792 uniuscujusque
3360 4731 3513 4793 gen-

2016 4801 2096 4864 tis
2146 4803 2337 4885 culpa
2392 4812 2499 4867 aut
2554 4804 2805 4886 justitia
2850 4806 2929 4868 ad
2977 4827 3268 4890 supernae
3318 4813 3513 4878 curiae

2015 4903 2357 4965 consilium
2389 4905 2666 4980 ducitur,
2698 4905 2987 4986 ejusdem
3026 4909 3233 4987 gentis
3273 4929 3513 4995 praepo-

2015 5001 2177 5062 situs
2218 5001 2571 5066 obtinuisse
2603 5003 2669 5065 in
2700 5009 3047 5070 certamine
3085 5016 3195 5070 aut
3233 5026 3359 5071 non
3399 5011 3510 5075 ob-

2015 5099 2285 5163 tinuisse
2329 5103 2702 5184 perhibetur
2745 5123 2759 5167 :
2803 5125 3077 5187 quorum
3115 5117 3328 5172 tamen
3377 5130 3511 5175 om-

2015 5198 2195 5259 nium
2227 5220 2353 5262 una
2382 5203 2647 5265 victoria
2676 5213 2787 5278 est,
2802 5206 2902 5267 sui
2934 5225 3127 5290 super
3156 5227 3222 5271 se
3251 5210 3509 5292 opificis

2015 5317 2267 5361 summa
2294 5302 2815 5386 voluntas,quam
2850 5307 3004 5369 dum
3034 5327 3229 5390 super
3256 5327 3323 5371 se
3352 5329 3511 5374 sem·
