4334 6242
809 497 930 565 542
1763 515 1940 566 Lmen
1982 519 2025 565 11
2067 514 2550 564 summanum.
2595 536 2677 546 —
2716 517 2870 564 msr.
2913 517 2979 564 ιιι

807 693 879 757 in
912 693 1284 774 cognitione
1321 692 1524 774 hujus
1561 694 1862 773 mysterii
1892 693 2332 775 profecerunt,
2375 695 2467 756 ita
2504 694 2734 757 dicunt
2779 711 2894 757 eos
2929 695 2999 756 in
3036 693 3318 757 Deitatis
3360 691 3734 774 cognitione
3770 705 3928 772 pro-

808 810 1022 874 ficere.
1074 809 1267 884 Quod
1319 810 1540 873 autem
1578 811 1648 873 in
1685 810 2072 890 huJusmodi
2125 809 2429 890 mysterii
2480 810 2853 890 cognitione
2902 809 3322 891 profecerint,
3368 809 3705 872 evidenter
3740 808 3935 870 docet

635 957 698 989 es.
809 927 1193 1008 ApostoluS,
1240 927 1466 990 dicens
1499 947 1514 987 :
1557 926 1720 1000 Quae
1765 926 1855 990 sit
1883 926 2289 1007 dispensatio
2330 927 2721 989 sacramenti
2760 926 3125 990 absconditi
3163 943 3203 989 a
3243 925 3506 990 saeculis
3542 925 3613 987 in
3649 924 3815 1004 De0‚
3856 923 3937 986 ut

505 1976 616 2032 Aug.
629 1975 684 2018 de
697 1973 775 2020 Ge-

506 2038 600 2082 neti
615 2038 670 2081 ad
684 2039 773 2084 litt.

505 2099 580 2144 lib.
593 2115 635 2153 v,
648 2113 691 2145 u.
707 2105 775 2145 38.

545 2447 710 2507 Hnymo

503 2512 661 2568 Epiron.

808 1045 1176 1107 innotescat
1211 1043 1643 1106 multiformis
1691 1043 2014 1124 sapientia
2050 1043 2176 1106 Dei
2214 1061 2330 1124 per
2376 1043 2739 1106 Ecclesiam
2790 1043 3209 1125 Principibus
3253 1045 3315 1107 et
3365 1040 3811 1105 Potestatibus
3860 1042 3935 1102 in

733 1177 780 1219 ιιι
810 1160 1206 1225 coelestibuS.
1261 1160 1473 1242 Super
1525 1178 1726 1241 quem
1772 1159 1994 1224 locum
2051 1160 2212 1224 dicit
2264 1160 2741 1242 Hieronymus,
2784 1161 3111 1242 angelicas
3166 1161 3521 1242 dignitates
3576 1158 3933 1240 praefatum

809 1278 1200 1359 mysterium
1240 1277 1323 1340 ad
1359 1295 1603 1359 purum
1632 1294 1768 1340 non
1795 1277 2223 1357 intellexisse,
2256 1277 2464 1342 donec
2500 1277 2829 1360 completa
2866 1278 2966 1342 est
3002 1279 3222 1360 passio
3252 1276 3521 1356 Christi,
3553 1277 3620 1340 et
3648 1275 3937 1357 Aposto-

675 1375 777 1415 ω’
808 1396 1025 1459 lorum
1074 1395 1453 1477 praedicatio
1503 1412 1620 1476 per
1665 1396 1894 1476 gentes
1930 1394 2221 1458 dilatata.

937 1627 1014 1692 F.
1071 1633 1270 1698 Quod
1316 1634 1394 1694 in
1431 1634 1568 1694 hac
1613 1632 1981 1695 sententia
2031 1632 2325 1697 videtur
2368 1625 2823 1708 Aaou-§tinus
2869 1634 3269 1695 adversari
3308 1631 3785 1704 Hieronymo.

937 1845 1063 1908 His
1128 1846 1349 1909 autem
1417 1846 1677 1910 videtur
1736 1845 2179 1912 contradicere
2234 1845 2649 1926 Augustinus
2708 1862 2908 1927 super
2962 1845 3271 1910 eumdem
3325 1834 3547 1909 locum
3608 1843 3927 1926 Epistolae

805 1963 1031 2027 dicens
1081 1983 1096 2025 :
1139 1962 1290 2026 Non
1340 1962 1535 2025 latuit
1582 1963 1851 2044 angelos
1900 1943 2293 2044 mysterium
2347 1962 2534 2044 regni
2582 1962 2922 2043 coelorum,
2969 1962 3148 2043 quod
3200 1961 3572 2044 opportuno
3628 1962 3929 2042 tempore

805 2079 1168 2144 revelatum
1217 2081 1318 2142 est
1363 2097 1483 2161 pro
1541 2079 1752 2144 salute
1799 2081 2045 2144 nostra.
2089 2079 2233 2142 Illis
2283 2095 2437 2160 ergo
2486 2096 2524 2140 a
2580 2079 2843 2143 saeculis
2890 2079 3182 2142 innotuit
3227 2096 3427 2161 supra
3482 2079 3929 2142 memoratum

803 2195 1222 2278 mysterium,
1264 2197 1422 2279 quia
1472 2197 1690 2260 omnis
1748 2199 2042 2262 creatura
2088 2214 2223 2260 non
2274 2198 2424 2261 ante
2474 2196 2719 2260 saecula
2760 2196 2877 2260 sed
2928 2214 2964 2260 a
3016 2195 3280 2261 saeculis
3326 2197 3447 2261 est.
3489 2230 3579 2242 —
3614 2193 3924 2274 Attende‚

802 2314 1028 2391 lector,
1071 2313 1227 2394 quia
1255 2313 1561 2377 vident-ur
1587 2314 1936 2379 dissentire
1967 2315 2036 2378 in
2072 2316 2196 2378 hac
2234 2313 2560 2379 sententia
2588 2313 2877 2379 illustres
2908 2314 3250 2379 Doctores.
3285 2313 3573 2394 Ideoque
3602 2313 3677 2375 ut
3706 2311 3928 2374 omnis

681 2527 706 2557 c
729 2452 772 2557 {a
802 2430 1237 2512 repugnantia
1277 2430 1358 2494 de
1395 2431 1614 2494 medio
1654 2430 1946 2510 tollatur,
1993 2430 2309 2512 praedicta
2345 2430 2566 2510 verba,
2610 2429 3029 2511 Haymonem
3068 2431 3441 2511 sequenteS,
3484 2430 3577 2492 ita
3614 2427 3928 2492 determi-

801 2564 1062 2626 nemuS,
1103 2548 1179 2610 ut
1215 2546 1349 2610 illis
1387 2547 1638 2629 angelis
1675 2551 1790 2629 qui
1830 2547 2102 2630 majoris
2144 2548 2485 2629 dignitatis
2521 2549 2698 2628 sunt,
2742 2549 2807 2612 et
2847 2564 2963 2629 per
3000 2564 3285 2630 quorum
3324 2545 3767 2609 ministerium
3807 2542 3927 2606 illa

801 2665 1104 2727 nuntiata
1131 2666 1310 2745 sunt,
1344 2683 1425 2728 ex
1452 2667 1637 2746 parte
1677 2666 1938 2747 cognita
1974 2683 2013 2728 a
2041 2665 2306 2728 saeculis
2336 2665 2568 2744 fuisse,
2610 2665 2839 2746 utpote
2885 2663 3323 2727 familiaribus
3353 2664 3418 2727 et
3453 2663 3746 2742 nuntiis3
3789 2661 3927 2724 illis

801 2797 957 2844 vero
1007 2781 1123 2862 qui
1174 2781 1452 2844 minoris
1507 2781 1850 2862 dignitatis
1899 2782 2077 2860 sunt,
2118 2781 2455 2862 incognita
2506 2781 2840 2844 exstitisse
2885 2781 3209 2860 dicamuS,
3255 2796 3601 2861 usquequo
3651 2777 3929 2858 impleta

801 2896 959 2960 sunt
985 2898 1050 2959 et
1074 2913 1189 2977 per
1217 2897 1578 2960 Ecclesiam
1609 2898 1985 2980 praedicata,
2010 2899 2075 2961 et
2102 2900 2261 2960 tunc
2297 2897 2380 2960 ab
2418 2896 2728 2961 omnibus
2756 2896 3007 2978 angelis
3030 2896 3315 2979 perfecte
3341 2895 3608 2959 fuerunt
3635 2895 3923 2975 cognita.

802 3012 1074 3076 Constat
1103 3013 1348 3093 itaque,
1374 3030 1604 3076 omnes
1643 3013 1911 3093 angelos
1941 3013 2008 3076 in
2049 3012 2423 3094 cognitione
2456 3012 2835 3076 divinorum
2874 3013 3344 3093 mysteriorum
3383 3011 3746 3074 secundum
3777 3027 3931 3092 pro-

800 3146 1061 3193 cessum
1101 3131 1420 3211 temporis
1456 3129 1835 3212 profecisse.
1881 3129 2068 3193 Unde
2105 3146 2239 3192 non
2286 3129 2793 3210 incongruenter
2832 3129 2959 3212 ipsi
2999 3129 3203 3192 iidem
3244 3129 3496 3208 dicunt,
3536 3128 3927 3210 angelorum

801 3245 1146 3308 scientiam
1177 3262 1251 3308 ac
1279 3244 1757 3309 beatitudinem
1787 3247 2012 3328 augeri
2041 3263 2253 3327 usque
2283 3246 2366 3309 ad
2396 3246 2689 3310 futuram
2719 3245 3384 3324 consummationem,
3407 3243 3669 3327 quando
3700 3245 3767 3307 in
3797 3245 3929 3308 sci-

799 3361 975 3424 entia
1015 3379 1089 3424 ac
1127 3361 1533 3425 beatitudine
1572 3361 1663 3425 ita
1701 3362 2168 3444 perfectissimi
2208 3363 2421 3444 erunt,
2456 3362 2528 3426 ut
2567 3379 2687 3426 nec
2722 3363 3040 3443 augeatur
3076 3361 3367 3443 amplius
3402 3379 3523 3425 nec
3556 3362 3923 3426 minuatur.

980 3595 1061 3660 G.
1101 3599 1447 3661 Aliorum
1493 3599 1768 3672 opinio,
1807 3599 1934 3673 qui
1961 3598 2214 3660 dicunt
2260 3601 2565 3675 anqelos
2610 3599 2689 3662 in
2722 3600 3159 3674 quibusdam
3196 3599 3736 3672 proedtctorum

2041 3730 2193 3780 non
2250 3715 2679 3790 profecisse.

936 3917 1072 3981 Alii
1129 3921 1352 3982 autem
1403 3915 1654 3998 dicunt,
1715 3915 1984 3997 angelos
2035 3917 2104 3978 in
2168 3917 2689 3998 confirmatione,
2740 3917 2922 3981 tanta
2974 3917 3257 3981 Deitatis
3313 3918 3665 3982 dilectione
3725 3921 3927 4001 atque

799 4035 1037 4100 notitia
1077 4034 1281 4098 fuisse
1319 4032 1656 4115 praeditos,
1685 4033 1856 4095 utin
1884 4031 1991 4095 his
2029 4033 2309 4097 ulterius
2344 4051 2478 4096 non
2516 4034 2909 4116 profecerint
2941 4052 3061 4098 nec
3097 4031 3457 4116 profecturi
3486 4036 3619 4098 sint
3651 4055 3667 4097 :
3700 4035 3927 4117 profe-

802 4151 1030 4214 cerunt
1066 4152 1289 4214 tamen
1326 4150 1395 4212 in
1431 4149 1706 4212 scientia
1741 4165 1961 4212 rerum
2003 4149 2429 4230 exteriorum,
2470 4150 2643 4212 sicut
2678 4151 2749 4212 in
2779 4151 3152 4232 cognitione
3190 4152 3583 4214 sacramenti
3618 4152 3929 4214 Incarna-

800 4267 1026 4348 tionis,
1061 4269 1126 4330 et
1167 4265 1576 4347 hujusmodi,
1609 4266 1725 4329 sed
1761 4283 1896 4329 non
1933 4267 2001 4329 in
2034 4266 2587 4348 contemplatione
2624 4265 2928 4347 Deitatis,
2969 4267 3127 4347 quia
3158 4267 3519 4331 trinitatem
3558 4268 3626 4330 in
3670 4267 3925 4332 unitate

801 4385 998 4465 atque
1036 4384 1357 4448 unitatem
1396 4382 1466 4444 in
1519 4383 1810 4447 trinitate
1851 4399 1985 4445 non
2022 4382 2285 4464 plenius
2326 4383 2704 4463 intelligunt
2750 4382 2890 4446 sive
2942 4383 3336 4447 intellecturi
3380 4386 3560 4464 sunt,
3600 4401 3801 4466 quam
3838 4383 3925 4448 ab

802 4501 947 4582 ipsa
976 4500 1469 4566 confirmatione
1499 4501 1950 4580 perceperunt.
1992 4499 2094 4563 Ita
2129 4499 2331 4564 etiam
2370 4499 2619 4579 dicunt,
2661 4517 2775 4563 eos
2811 4500 2878 4563 in
2920 4499 3188 4564 caritate
3214 4516 3347 4562 non
3376 4499 3734 4581 profecisse
3770 4502 3924 4582 post

803 4617 1394 4696 confirmationem,
1427 4615 1586 4698 quia
1631 4632 1859 4679 eorum
1907 4618 2144 4681 caritas
2192 4618 2423 4698 postea
2467 4633 2601 4680 non
2649 4618 2749 4680 est
2793 4618 2983 4679 aucta
3023 4637 3039 4679 ε
3079 4619 3145 4680 et
3188 4618 3283 4680 sic
3330 4617 3581 4698 dicunt,
3622 4635 3738 4681 eos
3786 4634 3921 4680 nou

801 4734 1160 4817 profecisse
1197 4733 1267 4796 in
1297 4733 1586 4814 meritis;
1617 4732 1735 4796 sed
1771 4733 1896 4796 hoc
1933 4736 2256 4815 quantum
2286 4734 2369 4797 ad
2396 4734 2535 4796 vim
2566 4734 2884 4816 merendi,
2923 4752 3056 4797 non
3096 4737 3417 4816 quantum
3447 4735 3530 4798 ad
3567 4752 3921 4800 numerum

801 4852 1214 4917 meritorum.
1256 4849 1457 4913 Plura
1505 4850 1684 4913 enim
1729 4850 1904 4913 bona
1953 4850 2249 4914 fecerunt
2294 4852 2547 4932 postea,
2589 4867 2737 4932 quae
2789 4853 2947 4914 tunc
2985 4869 3120 4914 non
3168 4852 3495 4933 fecerant3
3536 4852 3652 4916 sed
3690 4869 3923 4916 eorum

803 4971 1062 5049 carita8‚
1087 4986 1170 5032 ex
1207 4985 1339 5050 qua
1367 4968 1484 5030 illa
1511 4967 1993 5048 processerunt,
2025 4984 2158 5031 non
2198 4969 2297 5031 est
2326 4971 2540 5051 aucta,
2566 4985 2647 5032 ex
2687 4986 2818 5050 qua
2845 4970 3105 5032 tantum
3137 4971 3541 5049 meruerunt,
3566 4970 3923 5052 antequam

800 5089 930 5150 ista
966 5085 1380 5165 adderentur,
1417 5086 1741 5167 quantum
1783 5085 2034 5165 postea,
2066 5083 2175 5148 his
2217 5085 2514 5166 adJectis.
2557 5086 2733 5149 Illud
2770 5103 2925 5150 vero
2956 5085 3135 5168 quod
3172 5085 3286 5148 alii
3323 5087 3629 5168 superius
3666 5087 3918 5168 dicunt,

802 5203 1210 5288 probabilius
1264 5203 1549 5283 videtur,
1609 5201 1860 5266 scilicet
1907 5203 2085 5284 quod
2140 5204 2359 5285 angeli
2413 5222 2626 5286 usque
2686 5203 2771 5268 ad
2814 5204 3146 5285 judicium
3193 5205 3263 5267 in
3324 5205 3599 5270 scientia
3652 5207 3719 5270 et
3772 5205 3923 5272 aliis

802 5321 1171 5404 proficiant.
