4334 6242
872 477 952 541 64
1558 496 1622 543 m
1663 495 1885 542 mamm
1926 494 1970 540 11
2011 491 2495 541 snmnmmntm.
2540 511 2621 521 —
2660 494 2814 541 nisT.
2860 494 2921 558 13
2964 497 3189 554 Quffisr.
3235 498 3305 545 111

875 665 1042 728 diate
1093 666 1463 747 producere,
1515 666 1685 747 quod
1737 666 1902 727 Deus
1959 682 2085 727 non
2137 669 2367 747 posset.
2404 664 2457 727 A
2488 671 2856 726 naturarum
2884 665 3016 746 jam
3048 666 3482 728 institutarum
3514 667 3865 729 secundum
3898 666 3987 728 in·

874 764 1200 838 Praeterea,
1235 764 1286 827 si
1330 765 1748 846 intelligentia
1786 784 1902 847 per
1939 764 2057 826 hoc
2087 772 2186 825 est
2215 763 2376 825 mul-

877 863 1170 926 titudinis
1202 883 1390 926 causa
1421 864 1590 945 quod
1623 863 1922 944 intelligit
1953 863 2156 944 plura‚
2174 881 2374 943 quum

876 962 1068 1024 etiam
1130 962 1337 1044 prima
1394 981 1584 1024 causa
1643 961 1952 1042 intelligat
1999 979 2066 1022 se
2117 968 2180 1022 et
2228 960 2371 1033 alia,

878 1062 1109 1143 poterit
1146 1079 1284 1123 esse
1325 1060 1692 1123 immediata
1733 1078 2175 1144 causasrerum
2217 1059 2377 1120 mul-

877 1167 1105 1222 tarum.
1155 1161 1414 1232 RursuS‚
1467 1158 1827 1221 intellectus
1879 1158 2199 1241 practicus
2247 1174 2375 1219 non

877 1267 972 1320 est
1007 1258 1398 1340 principium
1439 1257 1660 1320 formae
1691 1257 1756 1319 in
1787 1275 2000 1338 opere,
2035 1257 2157 1318 nisi
2202 1256 2377 1317 illius

876 1357 954 1419 ad
999 1376 1192 1439 quam
1236 1356 1429 1419 refert
1471 1375 1650 1438 opuS.
1686 1357 1891 1430 Quum
1935 1363 2147 1418 autem
2196 1354 2377 1416 intel-

881 1456 1138 1536 ligentia
1173 1455 1470 1537 intelligit
1509 1475 1575 1517 se
1615 1463 1679 1516 et
1709 1455 1865 1516 illud
1905 1475 1942 1516 a
1980 1471 2108 1536 quo
2147 1460 2265 1526 est,
2297 1452 2375 1514 ad

879 1554 1038 1616 illud
1098 1555 1494 1616 intellectum
1557 1554 1694 1635 ipsa
1752 1571 1878 1615 non
1939 1552 2133 1614 refert
2190 1570 2371 1632 opuS.

879 1653 1040 1732 Ergo
1071 1671 1148 1714 ex
1179 1653 1298 1714 hoc
1331 1652 1492 1713 nihil
1534 1651 1794 1714 resultat
1826 1651 1891 1712 in
1921 1669 2112 1733 opere
2149 1668 2162 1711 :
2197 1656 2261 1711 et
2292 1649 2377 1711 ita

879 1769 998 1813 nec
1035 1752 1243 1813 unitas
1275 1769 1392 1812 nec
1425 1750 1768 1812 multitudo
1800 1757 2008 1832 potest
2040 1767 2179 1810 esse
2213 1749 2278 1810 in
2310 1767 2376 1810 re

2488 761 2650 824 ditas
2694 763 2817 825 sibi
2868 764 3056 845 legeS‚
3091 785 3233 847 quae
3272 775 3334 828 et
3374 785 3490 847 per
3524 766 3795 828 alterum
3840 765 3985 827 fieri

2490 868 2715 942 potest.
2737 863 2805 924 In
2839 863 3047 944 primo
3074 864 3297 926 ordine
3328 863 3493 926 facta
3523 871 3673 926 sunt
3701 884 3843 946 quae
3874 882 3989 945 per

2487 961 2960 1040 generationem
3005 961 3148 1025 fieri
3192 971 3550 1045 nequeunt3
3595 963 3659 1024 in
3708 961 3991 1024 secundo

2490 1058 2658 1120 fiunt
2687 1060 2879 1122 etiam
2911 1080 2985 1123 ea
3016 1080 3157 1142 quae
3190 1080 3303 1143 per
3334 1062 3805 1143 generationem
3850 1077 3991 1143 pos·

2490 1166 2638 1220 sunt
2679 1158 2965 1240 produci.
3001 1160 3190 1223 Porro
3226 1180 3367 1242 quae
3407 1177 3534 1223 non
3577 1159 3813 1222 habent
3852 1177 3990 1220 esse

2492 1275 2608 1318 nec
2649 1265 2915 1338 possunt
2953 1257 3098 1320 fieri
3140 1277 3254 1340 per
3278 1259 3788 1342 generationem,
3824 1257 3990 1320 sicut

2492 1354 2870 1436 spiritualia,
2924 1363 2987 1417 et
3035 1375 3177 1437 quae
3227 1374 3351 1420 non
3404 1356 3640 1419 habent
3688 1355 3992 1418 contrari-

2492 1471 2625 1526 um,
2659 1461 2728 1514 ut
2772 1454 3055 1516 coelestia
3096 1472 3380 1536 corpora,
3425 1463 3488 1517 et
3530 1475 3673 1536 quae
3715 1473 3843 1517 non
3888 1454 3993 1515 ha·

2494 1551 2646 1612 bent
2691 1559 2837 1613 ante
2886 1571 2953 1614 se
3004 1552 3213 1615 simile
3264 1573 3393 1616 suae
3450 1553 3711 1635 speciei,
3768 1561 3837 1614 ut
3882 1571 3989 1633 ge·

2492 1650 2875 1712 nerabilium
2932 1658 2995 1712 et
3044 1651 3560 1733 corruptibilium
3618 1652 3989 1734 hypostases

2495 1749 2737 1831 primae,
2772 1749 2939 1811 facta
2976 1758 3124 1812 sunt
3164 1750 3529 1812 immediate
3560 1771 3597 1812 a
3626 1752 3757 1813 Deo
3790 1770 3804 1814 :
3838 1769 3993 1833 quo-

880 1857 1106 1923 creata‚
1142 1869 1219 1911 ex
1259 1849 1378 1910 hoc
1416 1849 1584 1930 quod
1624 1847 2044 1928 intelligentia
2080 1846 2379 1927 intelligit
2415 1847 2463 1909 B
2494 1848 2666 1909 niam
2702 1848 2912 1910 omnis
2948 1849 3272 1929 generatio
3306 1849 3610 1911 naturalis
3644 1847 3721 1911 fit
3750 1867 3829 1911 ex
3861 1869 3991 1911 ma-

879 1967 946 2009 se
986 1954 1048 2009 et
1084 1946 1147 2010 id
1185 1967 1223 2009 a
1264 1964 1389 2029 quo
1429 1955 1543 2009 est.
1579 1946 1722 2010 Haec
1759 1945 2048 2008 Albertus
2089 1945 2154 2007 in
2196 1945 2377 2007 Sum·

883 2065 999 2108 mae
1042 2065 1171 2108 suae
1213 2046 1492 2108 secunda
1536 2054 1733 2127 parte,
1778 2044 2128 2127 quaestione
2169 2043 2371 2105 tertia.

957 2142 1145 2205 Porro
1175 2143 1241 2204 in
1273 2150 1635 2205 commento
1664 2159 1780 2204 suo
1810 2161 2001 2223 super
2031 2140 2268 2202 librum
2298 2140 2377 2202 de

880 2241 1121 2314 CausiS,
1153 2241 1449 2303 Albertus
1487 2241 1856 2323 opinionem
1901 2239 2075 2302 illam
2113 2239 2379 2302 Avicen-

880 2359 978 2402 nae
1016 2347 1078 2401 et
1119 2339 1654 2403 consentientium
1694 2340 1752 2402 ei
1791 2337 2096 2401 diffusius
2139 2344 2373 2408 narrat,

877 2457 1146 2520 eamque
1197 2439 1470 2501 multum
1522 2438 1966 2500 commendare
2016 2437 2268 2498 videtur
2316 2443 2379 2497 et

877 2537 1252 2619 approbare,
1277 2536 1611 2599 affirmans
1643 2536 2143 2620 propositionem
2178 2535 2375 2607 illam,

878 2635 974 2698 Ab
1009 2654 1136 2698 uno
1165 2636 1446 2718 simplici
1479 2653 1606 2698 non
1636 2643 1733 2697 est
1763 2635 1886 2697 nisi
1920 2653 2122 2697 unum
2155 2634 2377 2695 imme-

881 2735 1050 2797 diate
1095 2735 1449 2796 secundum
1494 2741 1734 2797 naturae
1776 2733 2088 2806 ordinem,
2122 2752 2158 2795 a
2202 2732 2379 2794 nullo

883 2833 1264 2914 philosopho
1312 2851 1450 2895 esse
1500 2842 1811 2914 negatam,
1855 2832 1980 2894 nisi
2027 2831 2109 2893 ab
2157 2831 2379 2893 Avice-

882 2931 1043 2993 bron
1075 2931 1140 2992 in
1173 2931 1338 2993 libro
1367 2931 1580 2993 Fontis
1612 2931 1779 3001 vitae,
1800 2930 1908 2993 ubi
1940 2931 2028 2992 ait
2058 2930 2379 2992 binarium

2492 1947 2651 2007 teria
2697 1946 2912 2027 aliqua
2969 1957 3082 2027 per
3138 1947 3453 2009 actionem
3503 1947 3987 2022 contrariorum,

2495 2044 2727 2106 virtute
2758 2053 2998 2108 naturae
3028 2064 3104 2107 ex
3136 2046 3456 2108 similibus
3492 2046 3729 2108 similia
3763 2048 3993 2128 produ-

2495 2143 2717 2204 centiS.
2753 2143 2895 2205 Haec
2939 2144 3177 2206 Petrus.

2572 2241 2893 2303 Postremo
2951 2241 3015 2303 in
3076 2242 3287 2324 primo
3343 2241 3509 2305 libro
3558 2243 3635 2304 de
3684 2243 3991 2305 Universo

2493 2339 2871 2403 Guillelmus
2918 2339 3287 2402 Parisiensis
3330 2341 3407 2402 de
3450 2340 3553 2402 his
3602 2340 3825 2402 scribit
3871 2340 3993 2402 dif-

2492 2437 2519 2499 f
2522 2457 2631 2500 use
2657 2455 2671 2500 :
2694 2438 3044 2500 Posuerunt
3067 2439 3422 2520 (inquiens)
3446 2439 3831 2521 philosophi,
3864 2457 3993 2500 ma-

2492 2537 2662 2599 xime
2701 2537 3122 2618 Peripatetici,
3157 2537 3219 2599 id
3262 2545 3359 2599 est
3400 2555 3704 2619 sequaces
3751 2537 3988 2599 Aristo-

2494 2636 2657 2708 telis,
2713 2644 2776 2697 et
2832 2635 2942 2716 qui
3002 2635 3371 2698 famosiores
3430 2644 3609 2698 erant
3665 2637 3743 2698 de
3799 2643 3989 2716 gente

2490 2732 2770 2796 Arabum
2809 2733 2875 2795 in
2906 2733 3257 2796 Aristotelis
3288 2734 3669 2815 discipliniS,
3705 2734 3988 2816 primum

2493 2834 2774 2894 creatum
2834 2851 2911 2894 ex
2970 2833 3344 2894 necessitate
3402 2831 3602 2895 fuisse
3664 2850 3864 2893 unum
3922 2839 3992 2892 et

2493 2931 2755 2992 unicum
2783 2951 2797 2994 z
2822 2932 2990 3012 quod
3022 2931 3319 2993 dixerunt
3348 2949 3487 2993 esse
3518 2930 3989 2994 nobilissimam

885 3029 1249 3091 immediate
1297 3029 1376 3091 ab
1429 3030 1668 3092 unitate
1718 3029 2076 3111 procedere.
2119 3029 2377 3102 Verum,
2418 3029 2461 3091 C
2494 3029 2977 3110 intelligentiam
3020 3037 3421 3092 emanantem
3462 3049 3500 3091 a
3542 3029 3831 3092 Creatore
3874 3046 3995 3111 per

885 3135 955 3189 ut
1000 3127 1270 3209 ipsemet
1312 3126 1608 3188 Albertus
1659 3127 1725 3188 in
1774 3126 1884 3188 illo
1933 3125 2166 3188 fatetur
2215 3143 2383 3188 com-

887 3233 1122 3299 mento,
1177 3226 1313 3307 ipse
1368 3243 1496 3287 non
1560 3225 1840 3307 loquitur
1891 3224 1980 3286 ibi
2037 3225 2160 3286 nisi
2218 3223 2381 3286 Peri-

886 3325 1308 3408 pateticorum
1367 3325 1748 3391 sententiam
1803 3324 2202 3405 exponendo,
2264 3342 2381 3384 nec

885 3424 1236 3506 quidquam
1305 3422 1382 3484 de
1451 3422 1724 3504 propriis
1794 3422 2246 3484 interserendo:
2312 3423 2382 3483 lu

886 3523 1142 3584 Summa
1169 3529 1379 3584 autem
1411 3540 1519 3584 sua
1549 3521 2044 3602 propositionem
2075 3520 2250 3582 illam
2282 3539 2384 3582 ex-

887 3620 1087 3704 ponit,
1123 3628 1310 3703 prout
1347 3619 1535 3701 paulo
1575 3627 1718 3701 post
1759 3619 1824 3680 in
1861 3626 2381 3699 argumentorum

885 3719 1201 3782 solutione
1271 3718 1530 3800 patebit.
1605 3719 2056 3780 Verumtamen
2133 3717 2385 3798 objecta

886 3817 1176 3898 quaedam
1216 3835 1386 3879 nunc
1437 3824 1622 3890 tacta,
1664 3836 1806 3898 quae
1853 3816 2077 3896 objicit
2119 3816 2385 3878 Avicen-

885 3935 988 3990 na,
1012 3934 1090 3978 ex
1121 3916 1221 3978 his
1252 3935 1393 3997 quffl
1425 3915 1490 3977 in
1524 3914 1784 3997 praefato
1813 3933 1928 3976 suo
1959 3914 2184 3977 scribit
2214 3932 2383 3977 com·

886 4021 1101 4076 mento
1143 4013 1416 4076 faciliter
1459 4013 1872 4075 solverentur.

965 4112 1073 4174 His
1104 4111 1444 4174 concordat
1473 4111 1821 4184 UdalricuS,
1857 4111 2043 4192 cujus
2073 4111 2244 4173 dicta
2274 4128 2383 4192 op-

886 4209 1366 4292 portunioribus
1411 4209 1564 4271 locis
1609 4208 1776 4271 infra
1819 4219 2154 4292 ponentur.

964 4309 1183 4371 Petrus
1233 4326 1486 4390 quoque
1536 4307 1703 4369 circa
1751 4309 1884 4371 haec
1935 4315 2323 4370 contestatur
2366 4327 2380 4372 :

885 4406 1134 4488 Duplex
1176 4413 1272 4468 est
1318 4425 1530 4468 rerum
1575 4405 1729 4468 ordo
1763 4423 1776 4468 :
1813 4424 1977 4468 unus
2021 4407 2245 4487 primae
2291 4407 2384 4468 in·

885 4505 1234 4568 stitutionis
1274 4505 1338 4567 in
1379 4503 1604 4587 primis
1645 4504 1778 4566 suis
1817 4505 2195 4586 principiis;
2227 4505 2385 4568 alter

886 4603 1356 4686 propagationis
1399 4610 1460 4664 et
1504 4602 2022 4665 conservationis,
2063 4603 2132 4665 In
2178 4604 2386 4686 primo

884 4702 1106 4765 ordine
1155 4701 1326 4764 solus
1388 4702 1551 4763 Deus
1609 4699 1976 4762 immediate
2023 4709 2118 4763 est
2166 4720 2387 4784 opera-

885 4809 1022 4879 tus3
1077 4800 1142 4862 in
1201 4800 1482 4863 secundo
1538 4806 1750 4861 autem
1809 4799 2030 4861 ordine
2087 4808 2387 4883 operatur

885 4918 1057 4962 nunc
1105 4917 1220 4981 per
1272 4891 1700 4961 ministerium
1750 4907 2201 4960 creaturarum.
2258 4899 2387 4960 Pri·

889 5017 1030 5060 mus
1061 4997 1299 5059 etenim
1330 4996 1484 5058 ordo
1515 4995 1637 5057 fuit
1667 4995 1984 5059 institutio
2013 5005 2383 5060 naturarum

887 5103 950 5158 et
975 5094 1361 5157 naturalium
1406 5095 1638 5175 legum,
1672 5114 1814 5176 quae
1860 5095 2135 5176 pertinet
2176 5096 2253 5157 ad
2294 5115 2388 5159 so-

889 5193 1024 5255 lum
1083 5194 1275 5256 totius
1331 5203 1573 5258 naturae
1632 5194 1992 5257 Dominum.
2056 5193 2386 5256 Secundus

887 5309 1038 5354 vero
1075 5293 1230 5355 ordo
1269 5301 1362 5356 est
1405 5293 1854 5376 multiplicatio
1891 5301 1954 5355 et
1989 5293 2386 5356 conservatio

2494 3128 2887 3190 intellectum
2920 3128 3123 3211 ipsius
3152 3146 3281 3210 quo
3312 3128 3624 3190 intellexit
3650 3146 3718 3190 se
3752 3127 3987 3209 ipsum,

2494 3235 2564 3288 ut
2608 3227 3078 3289 lucidissimum
3128 3226 3301 3288 illius
3344 3226 3689 3307 exemplar.
3732 3226 3845 3287 llla
3886 3225 3993 3286 de-

2496 3345 2672 3387 mum
2724 3325 3142 3406 intelligentia
3200 3324 3426 3407 prima,
3479 3325 3761 3406 primum
3809 3323 3993 3386 intel-

2496 3425 2697 3506 ligens
2746 3431 3094 3486 creatorem
3152 3443 3339 3486 suum
3394 3423 3459 3484 in
3510 3422 3992 3508 magnificentia

2494 3542 2607 3585 sua
2665 3529 2728 3585 et
2783 3521 3004 3602 gloria,
3062 3522 3238 3584 velut
3298 3528 3471 3583 tanto
3535 3520 3778 3583 lumine
3836 3539 3992 3582 exu-

2494 3622 2789 3683 beranter
2830 3620 3126 3682 irradiata
3166 3628 3355 3701 atque
3398 3618 3682 3700 impleta,
3724 3619 3995 3680 emicuit

2496 3729 2795 3801 tanquam
2855 3718 3257 3799 splendorem
3311 3717 3652 3799 quemdam
3701 3736 3738 3778 a
3781 3735 3847 3779 se
3898 3716 3995 3778 in-

2495 3818 2909 3900 telligentiam
2970 3817 3356 3896 secundam3
3418 3815 3779 3896 intelligens
3840 3834 3996 3878 vero

2496 3916 3021 3998 potentialitatem
3054 3934 3258 3990 suam,
3290 3914 3481 3994 ejecit
3512 3923 3811 3995 tanquam
3851 3933 3995 3975 um-

2495 4015 2673 4078 bram
2714 4034 2751 4077 a
2790 4033 2856 4076 se
2902 4013 3230 4076 materiam
3282 4013 3474 4094 primi
3525 4012 3708 4091 coeli3
3757 4012 3995 4075 intelli-

2494 4132 2648 4195 gens
2696 4120 2907 4174 autem
2952 4131 3018 4173 se
3063 4113 3265 4193 ipsam
3311 4111 3374 4173 in
3420 4110 3810 4192 perfectione
3852 4129 3992 4184 sua,

2414 4219 2464 4281 D
2494 4211 2759 4274 emicuit
2797 4210 2874 4272 de
2914 4229 2981 4271 se
3020 4209 3423 4291 splendorem
3464 4208 3839 4281 secundum,
3874 4208 3998 4269 sic-

2495 4330 2619 4393 que
2657 4309 2855 4371 exivit
2893 4309 2971 4371 de
3009 4327 3084 4370 ea
3123 4315 3421 4389 tanquam
3466 4307 3681 4369 radius
3724 4307 3994 4368 minoris

2494 4407 2886 4489 secundique
2947 4407 3230 4480 luminiS,
3292 4405 3497 4469 forma
3560 4405 3753 4487 primi
3817 4404 3987 4468 coeli.

2494 4507 2725 4580 Quarto
2781 4523 3035 4587 quoque
3093 4503 3511 4584 intelligentia
3565 4503 3699 4566 haec
3760 4503 3997 4565 intelli-

2494 4624 2649 4686 gens
2691 4623 2879 4665 suum
2923 4621 3061 4666 esse
3105 4602 3457 4684 spirituale,
3490 4619 3618 4683 quo
3662 4609 3758 4663 est
3802 4601 3993 4664 intel-

2498 4703 2777 4784 ligentia,
2828 4701 3094 4764 emicuit
3142 4701 3219 4780 de
3278 4719 3345 4763 se
3396 4700 3655 4763 tertium
3712 4701 3991 4777 radium,

2495 4802 2775 4863 animam
2818 4801 3007 4882 primi
3041 4800 3209 4874 coeli,
3240 4818 3382 4881 quae
3410 4807 3506 4861 est
3535 4799 3739 4862 virtus
3778 4800 3995 4881 ipsum

2499 4919 2761 4962 movens
2813 4900 3114 4961 localiter.
3170 4898 3415 4961 Coelum
3464 4897 3707 4980 quippe
3754 4897 3997 4959 anima-

2499 5008 2633 5061 tum
2677 5017 2817 5061 esse
2861 4997 3179 5070 dixerunt,
3210 5004 3400 5078 atque
3444 4995 3869 5077 compositum
3911 5013 3995 5058 ex

2498 5115 2761 5178 corpore
2811 5096 3072 5178 proprio
3122 5103 3293 5158 moto
3344 5102 3643 5175 tanquam
3702 5094 3990 5168 materia,

2498 5203 2560 5258 et
2589 5214 2666 5256 ex
2704 5195 2919 5256 anima
2958 5193 3049 5254 sic
3092 5199 3385 5255 movente
3418 5200 3719 5273 tanquam
3758 5191 3987 5253 forma.

2500 5293 2821 5356 Decimam
2856 5309 3005 5355 vero
3046 5290 3531 5372 intelligentiam
3564 5290 3861 5352 dixerunt
3891 5307 3993 5351 es-
