4334 6242
590 2452 765 2496 Bzech.

538 2530 683 2567 xxviii,
723 2520 789 2566 Μ.

542 2583 604 2622 15.

828 472 947 538 334

1499 495 1563 540 IN
1606 495 1828 540 Limum
1869 493 1915 539 ΙΙ
1958 491 2442 538 δΒΝΊἙΝΤΙΑῙὶΠΜ.
2487 507 2568 520 --
2609 491 2762 537 ms'r.
2807 489 2886 554 v;
2931 492 3154 546 QUAEST.
3202 491 3271 537 m

830 670 1041 725 cantat
1070 663 1149 725 de
1178 665 1419 746 angelis
1450 666 1683 727 sanctis
1716 628 1993 728 secunda
2024 665 2149 738 die,
2187 663 2337 746 quia
2368 663 2418 726 A
2448 662 2705 725 hemoth
2755 681 2948 744 quem
2998 662 3120 724 feci
3165 669 3399 724 tecum.
3443 662 3557 724 Per
3595 659 3954 722 Behemoth

831 769 973 842 post
1004 762 1206 824 Deum
1236 762 1544 825 debemus
1574 765 1816 844 angelis
1847 764 2202 825 secundum
2235 762 2340 824 ho-

830 878 1075 935 norem,
1130 859 1241 942 qui
1299 880 1415 924 nos
1464 881 1541 924 ex
1592 863 1702 924 Dei
1763 869 2083 944 praecepto
2132 869 2338 924 custo-

830 959 1035 1033 diunt,
1069 967 1131 1021 et
1163 961 1509 1044 secundam
1546 960 1917 1041 dignitatem
1961 959 2337 1022 naturaliter

829 1057 1067 1120 habent
1119 1066 1261 1139 post
1312 1058 1533 1120 Deum.
1580 1059 1721 1122 Haec
1775 1057 2332 1121 Antisiodorensis.

909 1156 1201 1238 Amplius
1241 1157 1595 1219 Alexander
1638 1158 1715 1219 ad
1762 1166 2097 1239 utramque
2141 1155 2336 1236 hujus

829 1255 1052 1337 puncti
1085 1263 1329 1336 partem
1374 1255 1817 1338 multipliciter
1848 1255 2075 1336 arguit,
2108 1262 2172 1316 et
2205 1262 2336 1316 tan-

831 1355 975 1417 dem
1028 1353 1369 1435 respondet
1417 1373 1430 1416 :
1478 1353 1827 1436 Utrumque
1876 1353 2196 1435 opinando
2244 1352 2337 1416 di-

830 1461 1003 1514 ctum
1050 1459 1167 1526 est,
1212 1451 1273 1514 id
1320 1459 1437 1526 est,
1482 1471 1626 1534 quae
1675 1471 1791 1534 pro
1840 1461 2106 1534 utraque
2158 1459 2336 1533 parte

829 1550 1101 1614 adducta
1142 1555 1309 1624 sunt,
1344 1568 1470 1613 non
1510 1551 1836 1624 assertive,
1872 1551 1981 1612 sed
2013 1549 2337 1632 opinative

830 1649 1073 1732 prolata
1116 1656 1282 1710 sunt.
1318 1649 1452 1711 Non
1496 1649 1668 1710 enim
1706 1668 1784 1710 ex
1826 1649 2151 1729 Scriptura
2188 1646 2338 1708 alte-

831 1767 974 1809 rum
1025 1747 1254 1808 horum
1302 1756 1398 1810 est
1450 1747 1881 1809 manifestum.
1938 1746 2113 1808 Unde
2164 1745 2334 1827 quod

2445 770 2658 822 autem
2701 761 3070 840 designatur
3109 761 3420 822 diabolus.
3455 761 3520 822 Si
3563 777 3712 840 ergo
3753 757 3956 820 simul

2447 877 2594 920 cum
2626 857 2886 920 homine
2914 858 3122 921 factus
3152 866 3269 933 θεῖ,
3297 866 3360 921 θῖ
3393 857 3808 939 transgressio
3836 874 3961 917 sua

2447 976 2626 1018 suam
2661 957 3046 1020 creationem
3080 964 3297 1019 secuta
3325 963 3605 1038 est,ergo
3632 963 3779 1017 ante
3811 955 3959 1034 ejus

2446 1055 3034 1137 praevaricationem
3065 1063 3128 1117 et
3159 1055 3410 1138 lapsum
3451 1056 3642 1118 homo
3675 1061 3770 1117 est
3807 1071 3960 1116 con-

2447 1154 2636 1216 ditus.
2671 1155 2814 1217 Haec
2856 1154 3226 1216 Alexander.

2526 1351 2829 1414 Praeterea
2859 1350 3129 1416 Thomas
3159 1351 3239 1413 de
3269 1351 3479 1433 primo
3509 1349 3736 1413 horum
3763 1369 3778 1413 ε
3803 1349 3956 1412 Sus-

2449 1449 2730 1524 tinendo,
2795 1448 3026 1531 inquit,
3089 1448 3349 1531 angelos
3417 1449 3484 1511 in
3547 1449 3750 1530 gratia
3811 1466 3958 1510 esse

2448 1549 3026 1622 creatOS‚meritum
3062 1548 3416 1611 certissime
3449 1548 3772 1630 praecessit
3801 1566 3962 1628 prae-

2449 1647 2648 1708 mium
2683 1666 2794 1709 seu
2828 1646 3287 1709 beatitudinem
3322 1646 3712 1727 angelorum.
3750 1646 3814 1708 Si
3845 1665 3960 1707 au-

2450 1752 2576 1807 tem
2624 1764 2749 1807 non
2795 1752 2945 1807 sunt
2987 1745 3180 1806 creati
3229 1745 3295 1807 in
3338 1745 3559 1825 gratia,
3597 1744 3706 1806 sed
3749 1743 3959 1824 gratia

828 1846 1221 1926 Augustinus
1250 1864 1444 1928 super
1474 1845 1768 1908 Genesim
1800 1845 1909 1916 ait,
1939 1843 2217 1924 Angelus
2252 1843 2334 1905 l'a-
2371 1848 2418 1910 B
2447 1844 2541 1905 cis
2572 1844 2599 1905 f
2604 1845 2694 1904 uit
2724 1844 2869 1906 data
2899 1863 3045 1905 cum
3075 1843 3296 1924 gloria,
3325 1852 3476 1905 tunc
3507 1851 3652 1904 sunt
3685 1842 3793 1905 hic
3825 1851 3958 1903 tres

831 1953 993 2018 ctus,
1026 1945 1330 2007 continuo
1376 1963 1443 2006 εθ
1486 1963 1525 2006 a
1569 1944 1711 2006 luce
1753 1943 2037 2005 veritatis
2081 1943 2331 2016 avertit,

832 2042 1133 2124 superbia
1192 2043 1497 2117 tumiduS,
1550 2050 1612 2105 et
1673 2041 1946 2124 propriae
2006 2041 2335 2123 potestatis

832 2142 1249 2204 delectatione
1290 2149 1663 2223 corruptus3
1706 2149 1768 2203 et
1808 2142 1978 2223 quod
2016 2140 2105 2203 ait
2141 2141 2337 2202 Isido-

832 2259 962 2315 rus,
996 2240 1135 2303 Mox
1175 2248 1245 2302 ut
1284 2241 1489 2302 sactus
1529 2248 1645 2314 est,
1680 2239 1744 2301 in
1788 2239 2155 2322 superbiam
2195 2257 2338 2300 eru-

832 2340 963 2422 pit3
1004 2347 1193 2421 atque
1226 2339 1395 2422 quod
1432 2339 1497 2400 in
1536 2338 1865 2401 Ezechiele
1898 2336 2334 2420 conscriptum

831 2437 1321 2511 est,Ambulasti
1355 2436 1675 2519 perfectus
1708 2437 1773 2499 in
1806 2437 1927 2498 viis
1963 2436 2107 2508 tuis,
2133 2437 2335 2498 donec

834 2536 1093 2598 inventa
1140 2544 1237 2598 est
1283 2535 1588 2617 iniquitas
1639 2535 1702 2596 in
1748 2543 1809 2597 te
1854 2519 1869 2598 Ξ
1912 2554 2040 2597 non
2088 2541 2336 2616 oportet

832 2634 925 2696 sic
974 2634 1202 2716 accipi,
1246 2633 1427 2715 quasi
1478 2633 1740 2713 angelus
1792 2633 2007 2694 statim
2059 2640 2202 2714 post
2247 2632 2339 2692 in-

833 2740 1004 2794 stans
1050 2752 1179 2795 suae
1224 2731 1609 2794 conditionis
1660 2731 1969 2812 peccavit,
2014 2737 2122 2792 aut
2165 2729 2338 2811 quod

834 2831 1021 2911 longo
1066 2838 1349 2910 tempore
1399 2829 1464 2891 in
1509 2829 1611 2891 via
1658 2828 1922 2908 justitiae
1971 2828 2182 2905 stetit;
2225 2827 2335 2888 sed

832 2930 1001 3011 quod
1032 2929 1141 2991 diu
1175 2947 1301 2990 non
1340 2927 1607 3001 steterit,
1643 2944 1759 2988 nec
1798 2946 1911 3008 per
1943 2936 2195 3008 tempus
2227 2944 2336 2988 no-

2445 1942 2803 2023 opiniones,
2846 1950 2966 2003 etc.
3010 1943 3110 2022 (ut
3159 1960 3360 2023 supra
3403 1942 3468 2002 in
3517 1940 3822 2020 Alberto).
3869 1975 3959 1984 —

2445 2041 2672 2123 Opinio
2702 2049 2916 2102 autem
2949 2038 3324 2114 dicentium,
3359 2040 3529 2122 quod
3566 2039 3776 2120 angeli
3811 2039 3959 2100 bea-

2446 2139 2786 2202 titudinem
2830 2158 3233 2222 nequaquam
3275 2145 3667 2212 meruerunt,
3703 2156 3829 2200 non
3863 2138 3959 2200 vi-

2445 2239 2630 2301 detur
2679 2239 3066 2300 conveniens
3119 2257 3134 2301 z
3188 2237 3336 2319 quia
3385 2237 3713 2300 beatitudo
3760 2236 3958 2298 habet

2446 2337 2756 2399 rationem
2816 2336 3099 2419 praemii3
3153 2336 3488 2416 praemium
3547 2342 3760 2397 autem
3811 2335 3956 2396 sine

2447 2435 2674 2497 merito
2721 2453 2860 2496 esse
2912 2451 3038 2496 non
3099 2441 3327 2516 potest,
3379 2434 3546 2495 sicut
3595 2452 3713 2495 nec
3761 2451 3958 2515 poena

2446 2533 2582 2595 sine
2633 2532 2839 2614 culpa.
2895 2567 2976 2577 —-
3021 2532 3134 2594 Illa
3192 2550 3446 2613 quoque
3505 2531 3724 2614 opinio
3778 2531 3954 2613 quod

2445 2631 2907 2693 beatitudinem
2956 2639 3284 2692 merentur
3333 2649 3447 2711 per
3487 2630 3796 2712 obsequia
3845 2648 3958 2692 no-

2445 2728 2546 2790 bis
2593 2730 2899 2803 exhibita,
2953 2729 3352 2810 improbatur
3396 2747 3410 2791 ε
3459 2729 3760 2810 quoniam
3812 2726 3960 2790 bea-

2445 2828 2650 2889 titudo
2701 2828 2891 2890 habet
2940 2827 3248 2888 rationem
3301 2825 3595 2904 termini3
3649 2826 3956 2888 meritum

2445 2933 2658 2988 autem
2693 2945 2891 3007 quum
2935 2927 3018 2987 sit
3049 2926 3315 2986 tendens
3357 2925 3423 2986 in
3459 2925 3726 3006 aliquid,
3762 2924 3956 2987 habe-t

829 3028 1023 3090 tabile
1087 3024 1605 3109 perseveraverit,
1672 3033 1735 3088 et
1792 3024 1961 3107 quod
2027 3026 2335 3107 perfectio
2371 3033 2413 3095 C
2448 3024 2756 3088 rationem
2787 3025 2924 3086 vite.
2961 3023 3119 3085 Hinc
3149 3023 3372 3085 beatus
3410 3040 3540 3085 non
3574 3030 3781 3105 potest
3811 3041 3956 3086 esse

830 3126 1135 3188 naturalis
1185 3123 1485 3186 bonitatis
1536 3123 1729 3186 fuerit
1774 3124 1839 3186 in
1882 3141 1958 3185 eo
2002 3141 2337 3207 quousque

830 3233 1263 3304 transgressus
1306 3227 1419 3285 est.
1456 3223 1598 3284 Haec
1638 3222 2007 3284 Alexander.

913 3323 1029 3396 Qui
1060 3323 1252 3385 etiam
1284 3322 1455 3383 circa
1493 3323 1612 3383 hoc
1650 3321 1898 3402 quaerit,
1933 3340 2009 3382 an
2044 3320 2338 3382 diabolus

832 3431 978 3483 ante
1010 3419 1289 3483 hominis
1321 3420 1705 3482 creationem
1744 3419 2118 3500 peccaverit.
2154 3419 2338 3480 Vide-

832 3528 939 3582 tur
986 3519 1156 3601 quod
1216 3519 1329 3592 sic,
1383 3518 1534 3601 quia
1591 3517 1657 3579 in
1716 3517 1880 3580 libro
1937 3518 2015 3579 de
2075 3518 2339 3580 Summo

835 3618 1005 3681 bono
1045 3617 1203 3680 dicit
1232 3616 1509 3678 isidorus
1545 3635 1559 3679 ε
1594 3616 1772 3679 Prius
1804 3617 1880 3677 de
1912 3616 2073 3678 coelo
2108 3615 2340 3678 cecidit

834 3715 1147 3790 diaboluS,
1190 3734 1383 3796 quam
1425 3714 1618 3776 homo
1662 3713 1955 3776 conditus
1998 3713 2139 3775 fuit.
2185 3714 2338 3776 Rur-

833 3834 963 3889 suS‚
1016 3815 1209 3876 homo
1259 3813 1465 3875 factus
1514 3820 1610 3874 est
1658 3819 1833 3874 sexta
1881 3812 2004 3886 dic,
2048 3811 2339 3874 diabolus

833 3922 1049 3976 autem
1092 3913 1307 3995 lapsus
1338 3919 1435 3973 est
1466 3913 1674 3995 prima
1713 3918 1821 3972 aut
1850 3910 2073 3972 saltem
2114 3929 2339 3972 secun-

834 4012 915 4074 da
963 4011 1087 4085 die,
1141 4010 1309 4072 sicut
1361 4009 1494 4091 jam
1557 4010 1781 4092 patuit.
1833 4044 1914 4054 —
1961 4008 2336 4083 Dicendum,

834 4111 1003 4194 quod
1064 4109 1421 4173 secundum
1478 4109 1858 4171 sententiam
1919 4108 2177 4170 illorum
2227 4109 2335 4190 qui

2447 3124 2510 3185 in
2547 3129 2713 3184 statu
2756 3121 3062 3183 merendi.
3097 3119 3310 3183 Nihilo
3341 3120 3554 3182 minus
3593 3122 3953 3182 secundum

2445 3220 2686 3303 aliquid
2746 3226 2954 3302 potest
3005 3218 3234 3282 salvari
3285 3218 3396 3280 illa
3443 3219 3682 3300 opinio,
3738 3227 3810 3280 ut
3855 3220 3954 3281 di-

2447 3327 2671 3381 cantur
2704 3317 2930 3380 mereri
2966 3317 3299 3398 praemium
3332 3316 3744 3390 accident-ale,
3777 3318 3954 3398 quod

2446 3425 2541 3479 est
2587 3417 2891 3497 gaudium
2943 3423 3326 3496 conceptum
3370 3433 3448 3476 ex
3499 3414 3624 3476 illis
3673 3416 3784 3496 qui
3839 3434 3957 3497 per

2445 3534 2667 3579 eorum
2701 3515 3025 3578 salvantur
3054 3512 3292 3576 officia.
3329 3550 3406 3560 -
3435 3514 3596 3576 Hinc
3627 3533 3776 3576 cum
3807 3514 3955 3577 aliis

2447 3615 2699 3678 videtur
2746 3613 3113 3686 dicendum,
3165 3613 3336 3693 quod
3388 3613 3688 3674 meritum
3739 3613 3806 3674 in
3857 3613 3954 3676 eis

2448 3731 2574 3776 non
2616 3711 2940 3794 praecessit
2979 3710 3314 3792 praemium
3353 3717 3661 3792 tempore,
3694 3711 3806 3773 sed
3845 3731 3956 3774 na-

2449 3820 2606 3874 tura.
2643 3810 3189 3885 Quemadmodum
3221 3809 3392 3871 enim
3424 3819 3603 3871 actus
3636 3809 3823 3873 liberi
3853 3829 3954 3872 ar-

2448 3911 2624 3973 bitrii
2669 3918 2764 3972 est
2808 3908 3140 3990 dispositio
3183 3908 3262 3970 ad
3302 3909 3592 3990 gratiam,
3637 3909 3729 3970 sic
3769 3917 3954 3974 actus

2446 4009 2649 4092 gratia
2708 4006 3087 4069 informatus
3147 4013 3242 4068 est
3301 4006 3602 4068 meritum
3660 4006 3880 4088 gloriae
3933 4027 3949 4072 ε

2449 4109 2669 4191 sicque
2715 4125 2881 4168 unus
2919 4113 2983 4168 et
3025 4105 3194 4167 idem
3240 4113 3451 4167 motus
3491 4105 3950 4182 conversioniS,

835 4209 1306 4272 successionem
1340 4208 1590 4270 dierum
1624 4207 1965 4290 ponebant,
1994 4208 2172 4289 prius
2203 4225 2342 4290 pec·
2369 4215 2419 4279 D
2450 4216 2546 4271 est
2576 4205 2951 4289 praeparatio
2981 4205 3058 4266 ad
3090 4205 3749 4285 gratiam‚secundum
3782 4206 3956 4287 quod

836 4309 1005 4371 cavit
1044 4306 1298 4370 Lucifer
1337 4326 1530 4389 quam
1577 4306 1769 4369 homo
1812 4305 2104 4368 conditus
2148 4314 2334 4370 esset.

838 4407 1203 4471 Secundum
1262 4414 1477 4469 autem
1543 4405 1927 4487 positionem
1986 4405 2337 4468 dicentium

837 4505 1055 4569 omnia
1112 4504 1304 4567 simul
1352 4523 1491 4566 esse
1551 4512 1759 4566 creata
1817 4521 1945 4565 non
2004 4503 2214 4565 solum
2274 4504 2340 4566 in

838 4605 1121 4678 materia,
1155 4603 1265 4666 sed
1306 4603 1460 4664 item
1505 4603 1571 4665 in
1612 4602 1837 4676 forma,
1873 4602 2051 4684 prius
2093 4610 2341 4665 creatus

835 4712 933 4767 est
975 4704 1167 4765 homo
1212 4721 1403 4785 quam
1456 4700 1563 4763 ille
1610 4709 2035 4782 transgressus
2072 4721 2085 4764 ε
2120 4701 2341 4783 sicque

836 4804 1167 4868 distinctio
1208 4803 1317 4864 illa
1357 4802 1629 4874 dierum,
1662 4802 1738 4863 ad
1772 4803 2061 4863 ordinem
2102 4809 2343 4864 naturae

838 4922 1049 4967 rerum
1082 4911 1146 4964 et
1175 4900 1476 4982 angelicae
1518 4899 2005 4962 illuminationis
2047 4900 2337 4962 refertur.

840 5003 1015 5066 Unde
1042 5002 1224 5083 juxta
1258 5000 1377 5063 hoc
1410 4981 1693 5080 loquitur
1723 4999 2137 5079 AugustinuS,
2173 5000 2341 5079 quod

842 5101 1135 5165 diabolus
1186 5099 1396 5162 statim
1450 5104 1786 5181 postquam
1831 5097 2209 5179 superbivit,
2255 5098 2347 5160 in-

843 5200 1025 5273 vidit,
1076 5207 1296 5281 utpote
1354 5196 1600 5260 homini
1657 5196 1791 5276 jam
1848 5197 2198 5258 exsistenti.
2250 5197 2344 5258 Ad

560 5321 643 5367 ,τοῦ
658 5322 805 5375 xum.
848 5299 1019 5382 quod
1057 5299 1251 5360 etiam
1293 5296 1601 5376 allegatur
1644 5295 1800 5356 illud
1838 5293 1951 5356 Job
1988 5312 2002 5356 :
2037 5295 2199 5357 Ecce
2239 5295 2347 5358 Be-

2450 4325 2527 4369 ex
2576 4306 2775 4368 libero
2815 4303 3102 4386 procedit
3144 4303 3444 4382 arbitri03
3485 4311 3550 4365 et
3587 4305 3954 4368 meritorius

2449 4406 2687 4488 gloriae,
2750 4410 2938 4486 prout
2994 4410 3087 4466 est
3145 4403 3348 4483 gratia
3408 4402 3828 4483 informatus;
3887 4412 3956 4466 et

2451 4523 2670 4566 rursus
2729 4500 3054 4565 fruitionis
3111 4509 3312 4574 actuS,
3369 4503 3722 4563 secundum
3781 4503 3954 4585 quod

2452 4603 2811 4684 completur
2854 4619 2966 4682 per
3010 4600 3300 4662 habitum
3343 4599 3578 4681 gloriae.
3613 4601 3757 4663 Haec
3797 4602 3957 4664 Tho-

2454 4721 2587 4765 mas
2633 4702 2698 4763 in
2743 4702 3010 4782 Scripto.

2533 4801 2846 4863 Consonat
2895 4801 3114 4862 Petrus
3168 4818 3181 4862 :
3235 4802 3344 4882 qui
3404 4802 3772 4884 opinionem
3833 4803 3956 4865 Ma-

2452 4900 2632 4981 gistri
2663 4900 2818 4961 dicit
2848 4898 3046 4962 fuisse
3077 4901 3490 4982 Praepositivi.
3527 4902 3600 4964 Et
3627 4903 3800 4965 addit
3835 4919 3850 4964 ε
3885 4903 3956 4964 In

2453 4999 2695 5079 angelis
2741 4998 2976 5079 duplex
3019 5007 3113 5060 est
3159 5000 3278 5072 viS,
3314 5009 3466 5081 puta
3511 5022 3523 5064 :
3566 5002 3957 5084 contempla-

2457 5099 2605 5172 tiva,
2657 5096 2843 5178 cujus
2892 5096 3218 5177 objectum
3268 5107 3361 5160 est
3412 5099 3599 5171 Deus,
3651 5119 3778 5181 qua
3828 5119 3957 5163 non

2457 5205 2922 5280 promerentur,
2957 5197 3066 5259 sed
3112 5198 3561 5279 praemiantur3
3604 5199 3727 5262 alia
3777 5201 3962 5262 mini-

2457 5296 2736 5368 strativa,
2771 5297 2956 5377 cujus
2987 5297 3309 5377 objectum
3343 5306 3439 5360 est
3468 5306 3757 5362 creatura
3789 5319 3804 5363 ε
3840 5300 3958 5362 hac
