4334 6242
660 511 861 560 manu
902 515 1126 562 ANGELI
1170 515 1501 561 POTcEntNT
1543 514 1834 572 PECCARE,
1880 515 1951 560 m*
1993 516 2111 571 QUA
2158 515 2366 562 SPEClE
2409 516 2656 564 PECCATI
2700 519 2896 574 ATQUF:
2939 520 3234 575 QUALITER

3385 499 3503 563 323

398 701 502 744 ma
548 681 673 744 fuit
725 684 963 746 invidia
1016 705 1029 748 :
1079 685 1207 747 Nec
1258 685 1371 760 ira,
1416 684 1735 767 inquienS,
1780 704 1896 747 nec
1926 684 1975 748 A
2009 685 2240 749 Christi
2289 689 2366 750 ad
2409 689 2654 752 Patrem
2703 709 2776 752 66
2821 689 3130 771 Spiritum
3179 690 3500 752 Sanctum.

393 781 595 854 dolor,
646 801 766 842 nec
824 783 1065 856 odium,
1118 784 1327 865 primo
1386 784 1593 845 inesse
1652 784 1894 864 angelis

394 886 760 959 potuerunt,
795 881 917 942 nisi
959 880 1169 943 forsan
1202 881 1381 943 dolor
1418 881 1695 954 invidiae,
1730 881 1895 943 sicut

388 978 718 1039 nonnullis
757 986 854 1040 est
890 979 1123 1053 visum,
1159 981 1271 1061 qui
1311 980 1608 1041 dixerunt
1650 979 1893 1041 Lucife-

388 1094 533 1137 rum
584 1074 891 1139 invidisse
942 1077 1098 1140 Filio
1144 1078 1277 1152 Dei,
1321 1097 1515 1160 quem
1558 1077 1720 1141 vidit
1768 1077 1891 1140 sibi

386 1173 646 1236 infinita
686 1175 902 1256 gloriae
946 1177 1489 1258 supereminentia
1533 1177 1895 1258 praecellen·

389 1280 539 1334 tem.
575 1273 973 1337 Conveniens
1014 1293 1162 1355 ergo
1202 1283 1299 1338 est
1332 1274 1409 1338 de
1450 1275 1570 1338 hoc
1608 1275 1894 1358 aliquan-

388 1371 597 1433 tulum
639 1374 1043 1454 perscrutari.
1078 1374 1215 1436 Non
1255 1375 1427 1436 enim
1471 1375 1893 1456 praetereundi

391 1478 539 1532 sunt
572 1478 888 1534 tantorum
922 1471 1309 1553 sapientium
1344 1491 1669 1536 sermones
1701 1473 1765 1535 in
1799 1491 1893 1535 re-

395 1568 513 1630 bus
557 1577 682 1631 tam
726 1570 963 1644 61111115,
996 1578 1060 1632 61
1096 1590 1133 1632 6
1177 1580 1391 1634 1165116
1434 1570 1893 1634 consuetudine

398 1675 523 1729 tam
569 1667 753 1749 longe
796 1669 1198 1731 distantibus.

474 1767 627 1828 Dico
676 1785 846 1848 ergo,
898 1769 1067 1850 quod
1128 1769 1309 1831 dolor
1367 1768 1621 1831 invidiae
1684 1769 1893 1831 locum

2006 785 2308 868 Hancque
2355 795 2792 869 tempestatem
2845 789 3128 869 intellige
3172 787 3365 850 totius
3406 806 3510 869 ge—

2004 885 2178 946 neris
2222 885 2483 946 humani
2530 887 2778 967 lapsum
2821 887 2886 948 in
2928 887 3399 968 corruptionem
3435 906 3507 948 ac

2006 991 2298 1045 mortem.
2335 984 2506 1046 Hanc
2549 984 2746 1046 Filius
2792 985 2903 1046 Dei
2945 984 3104 1047 dixit
3145 993 3404 1066 propter
3440 1003 3507 1046 se

2005 1087 2550 1164 ortam,tanquam
2583 1082 2648 1144 in
2682 1081 2989 1144 invidiam
3019 1102 3202 1145 suam
3233 1101 3268 1144 a
3298 1083 3507 1164 primo

2005 1179 2229 1261 angelo
2277 1180 2676 1243 concitatam.
2727 1181 3180 1244 Verumtamen
3238 1181 3506 1244 admira-

2004 1276 2245 1339 tionem
2291 1277 2482 1340 habet
2526 1296 2654 1341 non
2702 1279 2928 1355 levem,
2963 1280 3282 1362 quomodo
3324 1298 3509 1361 ange-

2006 1374 2107 1437 lus
2146 1375 2253 1438 ille
2289 1375 2422 1439 haec
2459 1378 2771 1459 appetivit
2801 1385 2908 1440 aut
2937 1385 3236 1460 appetere
3278 1379 3504 1460 potuit,

2007 1473 2117 1555 qui
2177 1493 2245 1536 se
2303 1475 2626 1538 scivit‘ab
2686 1476 3054 1539 omnimoda
3111 1476 3508 1556 subjectione

2006 1571 2148 1633 Filii
2181 1571 2292 1634 Dei
2323 1573 2688 1636 nullatenus
2719 1575 2912 1637 eximi
2945 1592 3149 1656 posse.
3175 1575 3303 1637 Nec
3336 1575 3510 1655 igno-

2008 1670 2168 1731 ravit
2215 1691 2282 1733 se
2334 1671 2492 1733 nihil
2551 1691 2734 1754 posse
2790 1673 2853 1734 in
2907 1692 2974 1736 56
3028 1681 3136 1734 6111
3181 1673 3245 1735 111
3296 1672 3511 1735 subdi-

2008 1777 2125 1842 tos,
2160 1769 2284 1830 nisi
2325 1771 2388 1832 in
2422 1779 2731 1852 quantum
2773 1772 2950 1833 daret
2980 1779 3088 1833 aut
3119 1771 3514 1852 permitteret

396 1865 672 1936 sortitur,
691 1867 797 1928 ubi
830 1885 906 1929 ex
938 1867 1145 1930 aliena
1174 1886 1571 1949 quacumque
1605 1876 1897 1949 praestan-
1936 1866 1981 1927 B
2008 1868 2406 1950 DeuS,quu1n
2441 1889 2556 1931 nec
2589 1870 2879 1932 homines
2912 1870 2975 1932 id
3010 1871 3294 1932 nesciant
3323 1870 3513 1932 etiam

395 1965 481 2025 tia
538 1973 649 2027 aut
706 1966 1187 2047 praeeminentia
1245 1967 1693 2048 quoquomodo
1752 1966 1895 2047 quis

396 2063 721 2143 cognoscit
760 2071 867 2125 aut
899 2065 1081 2126 timet
1114 2065 1505 2128 excellentiae
1545 2085 1675 2128 suae
1717 2064 1899 2126 dimi-

396 2162 749 2236 nutionem,
797 2163 1143 2236 laesionem,
1196 2183 1308 2227 seu
1358 2164 1894 2238 obscurationem,

396 2281 605 2324 suaeve
633 2263 1021 2344 apparentiae
1054 2263 1561 2326 minorationem.
1592 2263 1747 2326 Nam
1786 2261 1893 2324 ubi

396 2358 486 2420 nil
518 2359 747 2421 horum
778 2367 895 2430 est,
930 2380 1071 2441 quae
1102 2380 1291 2423 causa
1330 2370 1539 2443 potest
1569 2379 1707 2423 esse
1740 2361 1900 2422 invi·

397 2458 514 2520 diae
542 2466 653 2518 aut
682 2459 962 2521 doloris?
994 2459 1115 2522 nisi
1150 2459 1311 2522 sorte
1344 2460 1488 2542 quis
1521 2461 1711 2533 dicat,
1735 2477 1899 2520 amo-

398 2573 529 2616 rem
562 2557 1019 2636 singularitatis
1051 2557 1117 2619 in
1148 2557 1333 2620 bonis
1366 2557 1762 2638 quibuslibet
1795 2558 1901 2618 do-

400 2654 595 2716 lorem
628 2655 991 2734 hujusmodi
1024 2674 1325 2736 generare
1346 2675 1359 2719 :
1380 2656 1548 2737 quod
1580 2656 1645 2717 in
1675 2655 1899 2736 angelo

399 2772 800 2835 nequaquam
855 2753 1067 2816 locum
1118 2753 1415 2816 habuisse
1465 2754 1735 2815 videtur.
1790 2753 1902 2814 Ea—

398 2852 541 2913 dem
580 2853 819 2914 etenim
861 2852 1105 2914 ratione
1146 2852 1480 2913 invidisset
1510 2851 1669 2913 Patri
1710 2858 1900 2933 atque

399 2951 663 3031 Spiritui
695 2952 945 3022 Sancto,
979 2969 1252 3031 quorum
1286 2958 1551 3031 uterque
1586 2951 1648 3011 in
1684 2950 1899 3011 inlini-

2008 1965 2204 2026 stulti.
2243 1967 2404 2046 Ergo
2444 1967 2630 2028 scivit
2661 1987 2730 2029 se
2760 1986 2877 2030 nec
2911 1987 3125 2049 regem
3167 1985 3284 2030 nec
3314 1968 3514 2030 domi-

2008 2084 2162 2125 num
2225 2083 2410 2145 posse
2461 2085 2598 2129 esse
2649 2074 2868 2128 contra
2928 2066 3100 2128 illius
3150 2067 3511 2148 dispositio-

2009 2181 2180 2236 nem,
2233 2163 2359 2225 nisi
2418 2165 2852 2226 nominatione
2912 2164 3105 2227 stulta
3161 2172 3223 2226 et
3280 2185 3443 2227 vana
3494 2185 3509 2229 ε

2008 2260 2360 2341 praesertim
2394 2281 2592 2343 quum
2624 2262 2816 2324 sciret
2845 2280 3101 2324 omnem
3136 2270 3512 2344 potestatem

2008 2365 2073 2420 et
2117 2378 2385 2439 regnum
2438 2360 2498 2421 in
2555 2379 2745 2422 11161111
2797 2361 3144 2423 consistere
3195 2360 3514 2442 Unigeniti

2010 2457 2143 2530 Dei,
2187 2477 2264 2522 ex
2311 2458 2496 2538 cujus
2543 2467 2742 2540 parte,
2777 2479 2892 2522 sua
2935 2477 3060 2522 non
3107 2459 3516 2521 minuebatur

2010 2555 2119 2616 sed
2166 2555 2564 2636 dependebat
2605 2556 2894 2619 felicitas.
2933 2557 3058 2620 Cur
3096 2574 3246 2637 ergo
3286 2556 3380 2617 illi
3426 2555 3518 2618 in-

2010 2653 2286 2715 viderit?
2317 2690 2395 2698 —
2435 2655 2734 2736 Cogimur
2780 2674 2932 2737 ergo
2981 2655 3187 2729 lateri,
3232 2655 3515 2737 primum

2012 2750 2186 2812 illius
2236 2760 2568 2832 peccatum
2621 2750 2819 2814 luisse
2870 2752 3238 2834 superbiam
3284 2771 3298 2815 :
3347 2752 3516 2834 quod

2011 2855 2071 2910 ct
2116 2850 2278 2911 sacri
2329 2850 2626 2912 Doctores
2678 2852 3076 2914 concorditer
3117 2851 3360 2924 dicunt,
3405 2849 3516 2932 qui

2010 2955 2074 3008 et
2134 2947 2441 3010 invidiam
2509 2956 2940 3030 protestantur
2996 2968 3135 3012 6556
3199 2948 3516 3031 superbiae

398 3057 531 3110 tum
564 3049 805 3110 eminet
834 3049 891 3110 ei
928 3065 941 3112 ε
976 3049 1197 3130 sicque
1230 3067 1343 3130 per
1374 3066 1899 3130 unumquemque
1937 3045 1980 3108 C
2012 3045 2241 3119 filiam,
2275 3053 2339 3107 et
2381 3047 2564 3108 multi
2607 3047 3096 3128 primogenitam
3137 3047 3341 3109 filiam
3373 3047 3514 3128 ejus

398 3165 615 3210 eorum
670 3147 1018 3229 impeditur
1066 3146 1473 3228 singularitas
1522 3166 1634 3208 5611
1683 3146 1902 3208 5611111-

399 3247 497 3319 do,
540 3265 734 3328 quam
778 3245 982 3307 fertur
1022 3265 1288 3307 amasse.
1323 3245 1449 3307 Nec
1495 3244 1899 3326 singularitas

402 3345 504 3406 illa
554 3345 762 3425 potuit
808 3362 947 3406 esse
998 3343 1121 3405 nisi
1172 3344 1237 3404 in
1287 3344 1429 3414 hoc,
1476 3344 1645 3425 quod
1696 3342 1900 3404 noluit

402 3451 755 3504 creaturam
786 3441 1036 3503 habere
1088 3441 1392 3522 majorem
1445 3448 1554 3501 aut
1607 3459 1823 3522 parem
1882 3457 1897 3502 ε

402 3540 565 3622 quod
597 3548 661 3601 et
688 3540 777 3601 ita
805 3538 947 3601 fuit.
973 3539 1213 3621 Nempe
1246 3547 1316 3600 ut
1346 3538 1588 3601 dictum
1622 3546 1739 3612 est,
1773 3556 1899 3600 non

404 3639 767 3719 concupivit
798 3656 917 3701 nec
956 3657 1189 3720 cupere
1235 3637 1440 3720 potuit
1481 3655 1619 3700 6556
1660 3635 1903 3718 simpli-

403 3737 557 3800 citer
612 3737 742 3800 Deo
801 3737 1082 3818 aequaliS.
1135 3772 1216 3783 -
1260 3735 1401 3798 Alia
1459 3735 1655 3818 igitur
1714 3753 1904 3798 causa

404 3835 541 3910 fuit,
594 3854 711 3897 cur
766 3834 927 3897 Filio
975 3835 1087 3898 Dei
1148 3834 1397 3897 invidit.
1452 3834 1581 3896 Nec
1640 3840 1903 3916 apparet

402 3934 551 4016 quid
609 3933 1027 3996 verisimilius
1086 3933 1211 3994 dici
1273 3933 1494 4014 possit,
1548 3932 1902 3994 secundum

402 4050 542 4094 eum
579 4031 690 4116 qui
723 4031 842 4094 ista
872 4031 1051 4103 dixit,
1085 4039 1236 4114 puta
1269 4031 1333 4092 Β.
1359 4029 1774 4102 Bernardum,
1808 4029 1903 4091 ni-

402 4131 451 4192 si
489 4130 660 4213 quod
692 4128 947 4192 Lucifer
987 4129 1095 4192 ille
1136 4128 1431 4211 praevidit
1460 4128 1619 4190 Filio
1657 4128 1767 4189 Dei
1810 4145 1903 4190 16-

2014 3143 2188 3205 illam
2232 3144 2550 3206 dixerunt.
3073 3207 3096 3228 .

2091 3242 2267 3315 Quod
2307 3243 2360 3304 si
2400 3243 2634 3305 dixerit
2668 3243 2833 3325 quis,
2868 3244 3036 3326 quod
3075 3244 3319 3306 dederit
3349 3243 3516 3305 Deus

2011 3339 2252 3421 angelis
2297 3358 2422 3402 non
2471 3342 2898 3403 ministerium
2945 3343 3054 3403 sed
3100 3341 3367 3403 liberam
3412 3342 3517 3404 do-

2013 3437 2428 3499 minationem
2473 3439 2536 3500 in
2581 3438 2770 3500 rebus
2811 3457 2884 3500 ac
2916 3439 3162 3501 viribus
3202 3440 3335 3501 suis
3375 3439 3515 3501 abs-

2014 3555 2137 3618 que
2172 3535 2326 3616 legis
2360 3536 2778 3612 restrictione,
2802 3537 3152 3599 destruitur
3182 3537 3301 3599 1166
3327 3555 3340 3598 :
3369 3538 3518 3620 quia

2012 3634 2360 3696 secundum
2389 3633 2510 3696 hoc
2539 3652 2941 3716 nequaquam
2974 3643 3372 3716 peccassent3
3392 3635 3520 3698 imo

2013 3732 2368 3795 secundum
2420 3732 2538 3795 hoc
2591 3733 2943 3814 potuissent
2987 3733 3286 3796 omnibus
3331 3733 3516 3797 donis

2014 3830 2325 3908 Creatoris
2373 3831 2461 3892 uti
2507 3831 2573 3892 in
2621 3832 3072 3894 contumeliam
3120 3841 3308 3915 atque
3353 3832 3518 3914 inju-

2014 3929 2173 3991 riam
2207 3929 2348 4010 ejus
2387 3930 2524 3992 51116
2567 3937 2844 4011 peccato,
2881 3931 3165 4013 Denique
3197 3950 3372 3995 error
3410 3932 3515 3994 hic

2016 4027 2082 4090 in
2125 4035 2374 4091 tanturn
2422 4029 2796 4091 Sarracenos
2840 4030 3092 4092 seduxit
3131 4049 3246 4113 pro
3289 4051 3518 4113 magna

2015 4134 2214 4208 parte,
2260 4134 2328 4187 ut
2371 4127 2630 4188 credant
2677 4145 2744 4189 56
2794 4126 3095 4189 omnibus
3145 4128 3334 4192 rebus
3383 4129 3516 4192 suis

400 4247 595 4310 gnum
638 4247 715 4290 ex
756 4228 1033 4292 humano
1070 4245 1301 4310 genere
1338 4226 1801 4309 acquirendum
1842 4231 1906 4288 61
1936 4226 1984 4289 D
2015 4223 2216 4287 libere
2255 4243 2440 4307 posse
2482 4225 2573 4287 uti
2615 4225 2750 4288 sive
2790 4225 2966 4289 abuti
3002 4243 3016 4288 :
3050 4233 3310 4310 propter
3346 4227 3517 4311 quod

404 4326 937 4408 congregandum,
972 4327 1105 4388 sive
1146 4326 1212 4388 in
1244 4333 1432 4399 terra,
1466 4325 1600 4387 sive
1642 4324 1706 4387 in
1743 4323 1904 4388 coelo

406 4435 465 4489 et
500 4427 563 4488 in
606 4435 792 4488 terra.
830 4424 992 4506 Ergo
1031 4423 1385 4488 seeundum
1432 4423 1619 4486 istam
1660 4431 1905 4485 senten-

408 4527 581 4598 tiam,
624 4521 896 4586 ambivit
943 4523 1153 4586 simile
1202 4541 1469 4604 regnum
1522 4523 1585 4584 in
1637 4521 1907 4584 homini-

409 4623 547 4698 11115,
582 4623 879 4706 quamvis
924 4623 1310 4685 contrarium
1362 4640 1556 4703 regno
1606 4622 1698 4683 illi
1745 4621 1909 4684 ordi-

409 4732 553 4786 nato
592 4742 667 4785 ac
704 4721 895 4802 juste.
932 4722 1051 4784 Sed
1092 4741 1207 4783 cur
1250 4739 1376 4783 non
1416 4721 1715 4782 similiter
1743 4727 1806 4782 61
1840 4720 1905 4781 111

409 4822 649 4903 angelis
694 4838 961 4902 regnum
1006 4820 1128 4882 sibi
1170 4818 1461 4892 ambivit,
1494 4838 1693 4900 quum
1738 4818 1909 4880 vide-

412 4931 503 4984 ret
534 4921 767 4984 Filium
808 4920 919 4982 Dei
963 4929 1112 4982 tunc
1154 4920 1217 4982 in
1257 4919 1498 5000 angelis
1539 4927 1906 4999 regnantem

412 5039 480 5082 ac
512 5027 733 5103 postea
762 5017 1496 5100 regnaturumtAdducit
1524 5025 1737 5078 autem
1768 5017 1913 5078 San-

164 5127 548 5184 ασκεω-111115
594 5119 701 5180 ille
748 5117 943 5180 verba
984 5117 1174 5191 Jonae,
1209 5117 1500 5189 dicentiS,
1545 5115 1607 5177 Si
1654 5123 1912 5196 propter

418 5239 513 5281 me
544 5225 891 5299 tempestas
930 5216 1063 5278 haec
1102 5222 1238 5278 orta
1277 5223 1391 5288 est,
1432 5213 1666 5275 mittite
1708 5231 1809 5274 me
1846 5213 1909 5274 in

418 5335 581 5380 mare
628 5334 641 5377 :
688 5315 844 5388 haec,
887 5314 1173 5397 inquam,
1217 5311 1487 5374 dicentis
1535 5311 1598 5372 111
1644 5327 1913 5392 persona

2015 4331 2078 4386 61
2128 4324 2329 4386 servis
2378 4324 2678 4387 masculis
2728 4324 3082 4387 abutuntur
3131 4333 3192 4389 et
3233 4327 3518 4390 6111111611-

2018 4422 2137 4485 bus
2170 4422 2412 4485 multis.
2447 4423 2708 4498 RursuS,
2742 4423 2833 4486 nil
2869 4423 3072 4505 magis
3103 4432 3198 4487 est
3227 4433 3515 4488 nostrum

2018 4541 2208 4603 quam
2250 4523 2507 4605 propria
2547 4522 2835 4584 membra
2871 4531 2933 4584 et
2974 4531 3182 4604 partes
3221 4524 3516 4606 viresque

2016 4621 2263 4683 animae.
2301 4620 2462 4700 Ergo
2507 4629 2567 4682 et
2614 4620 2848 4701 linguis
2899 4619 3131 4682 nostris
3181 4622 3379 4684 libere
3423 4621 3515 4685 uti

2018 4737 2349 4800 possemus
2377 4719 2454 4779 ad
2488 4719 2921 4781 mentiendum
2949 4727 3013 4780 61
3043 4717 3513 4800 perjurandum,

2020 4819 2147 4879 imo
2187 4819 2264 4879 ad
2303 4817 2900 4898 blasphemandum,
2937 4819 3230 4882 manibus
3261 4838 3514 4902 quoque

2018 4917 2094 4977 ad
2144 4915 2488 4977 furandum
2533 4923 2594 4976 61
2640 4915 3039 4997 rapiendum,
3082 4925 3146 4978 et
3188 4917 3516 4980 intellectu

2018 5033 2091 5075 ac
2140 5012 2465 5075 voluntate
2513 5014 2590 5075 ad
2639 5014 3043 5094 cogitandum
3097 5034 3169 5076 ac
3220 5024 3519 5096 appeten-

2020 5113 2174 5173 dum
2211 5129 2629 5192 quaecumque
2672 5112 3006 5193 placentia,
3041 5113 3400 5194 divinaeque
3435 5114 3517 5176 le-

2020 5210 2079 5291 gi
2124 5209 2456 5271 contraria.
2493 5210 2860 5271 Tenendum
2901 5219 2996 5272 est
3031 5211 3242 5291 igitur,
3275 5212 3517 5292 angelis

2023 5309 2225 5389 legem
2279 5307 2532 5370 vivendi
2592 5326 2731 5369 6556
2780 5307 3060 5370 innatam
3123 5309 3517 5373 naturaliter-
