4334 6242
817 470 937 537 482
1489 493 1552 542 m
1594 493 1816 542 mnium
1857 497 1900 541 11
1943 489 2426 541 seuram-unm.
2472 511 2553 521 —
2592 493 2746 540 msr.
2788 492 2893 557 1x3
2936 491 3161 551 ouffis‘r.
3204 493 3247 542 11

816 669 914 725 sta
943 670 1013 724 ut
1041 664 1298 728 viatore.
1334 665 1480 728 Ideo
1514 666 1820 727 minimus
1855 666 2116 746 angelus
2151 664 2315 725 hier-
2342 663 2391 725 A
2423 681 2607 725 sonas
2638 663 2961 746 pertingit,
2993 663 3175 744 juxta
3213 664 3371 727 illud
3398 663 3515 727 Job
3550 681 3563 724 :
3594 662 3923 745 Numquid
3957 681 4047 725 ,τοι
4072 694 4177 731 xxv,
4202 685 4242 724 3.

816 761 1044 826 archiae
1092 763 1368 826 coelestis
1418 772 1617 846 potest
1664 782 1786 827 non
1837 764 2041 826 solum
2093 781 2312 844 purga·
2421 769 2519 824 est
2546 781 2852 825 numerus
2884 763 3163 825 militum
3194 763 3375 843 ejus?
3402 762 3475 825 Et
3508 781 3700 844 super
3730 781 3927 844 quem

583 1669 666 1709 art.
695 1667 734 1706 3.

547 4631 640 4676 etp.
663 4620 730 4663 80.

815 878 906 934 re,
940 861 1050 923 sed
1094 863 1284 924 etiam
1333 863 1696 925 illuminare
1743 870 1933 944 atque
1974 861 2309 943 perficere,

813 966 877 1019 et
921 960 1298 1023 eminentius
1343 980 1530 1043 quam
1571 961 1824 1025 ordines
1869 959 2315 1022 ecclesiasticae

813 1056 1203 1122 hierarchiae.
1256 1060 1498 1122 Idcirco
1551 1059 1904 1123 secundum
1959 1057 2317 1120 distinctio-

813 1175 961 1219 nem
1019 1157 1341 1220 actionum
1394 1158 1659 1220 istarum
1714 1157 1969 1219 ordines
2026 1156 2315 1218 coelestes

815 1271 942 1316 non
974 1255 1474 1337 distinguuntur,
1496 1257 1605 1318 sed
1636 1255 1987 1318 secundum
2019 1254 2175 1316 alias
2205 1253 2317 1316 dif-

815 1350 1116 1414 serentias
1155 1354 1502 1425 actionum,
1549 1354 1627 1415 de
1671 1353 1907 1435 quibus
1951 1353 2217 1413 dicetur.

897 1450 976 1512 At
1014 1469 1163 1513 vero
1206 1452 1283 1513 ad
1329 1451 1517 1524 istud,
1561 1458 1776 1512 utrum
1819 1451 1885 1512 in
1929 1468 2056 1512 uno
2095 1450 2317 1512 ordine

820 1548 1034 1630 plures
1075 1549 1202 1611 sint
1231 1549 1463 1630 angeli,
1497 1556 1754 1611 sanctus
1793 1549 2022 1612 Doctor
2063 1565 2320 1629 respon-

820 1647 926 1710 det
972 1666 986 1710 :
1033 1647 1150 1720 Qui
1200 1648 1480 1729 perfecte
1529 1647 1854 1728 cognoscit
1901 1665 1999 1708 res
2047 1646 2316 1728 aliquaS,

821 1753 1028 1827 potest
1059 1764 1260 1827 usque
1300 1745 1375 1807 ad
1419 1745 1706 1818 minima,
1739 1753 2016 1818 naturas,
2048 1744 2317 1806 virtutes

2425 878 2551 922 non
2596 860 2887 941 splendet
2934 862 3149 923 lumen
3195 861 3442 942 ipsius?
3481 861 3713 923 Verum
3764 860 3931 923 infe-

2426 959 2625 1021 riores
2684 958 3047 1022 intellectus
3107 977 3236 1021 non
3294 961 3359 1021 in
3408 978 3483 1022 ea
3533 959 3931 1042 perfectione

2428 1059 2629 1138 ipsam
2662 1058 3006 1140 recipiunt,
3030 1058 3198 1140 quod
3232 1077 3344 1141 per
3372 1077 3513 1121 eam
3544 1076 3933 1140 cognoscere

2426 1163 2663 1237 queant
2721 1157 2972 1238 singula
3028 1157 3107 1218 ad
3162 1157 3451 1219 ordinem
3513 1158 3937 1238 providentiae

2426 1255 2659 1318 divinae
2699 1255 3052 1337 spectantia
3092 1275 3233 1337 quae
3272 1274 3387 1338 per
3424 1273 3533 1318 eos
3574 1265 3723 1318 sunt
3751 1274 3936 1318 exse-

2426 1352 2699 1433 quenda,
2733 1353 2843 1414 sed
2888 1353 3095 1415 solum
3142 1353 3207 1415 in
3252 1354 3525 1435 quadam
3575 1354 3941 1417 communi-

2426 1458 2552 1513 tate
2588 1469 2601 1512 :
2636 1460 2697 1513 et
2736 1459 2973 1532 quanto
3016 1459 3166 1514 sunt
3210 1451 3566 1526 inferioreS,
3599 1459 3773 1514 tanto
3818 1469 3941 1533 per

2428 1549 2962 1611 illuminationem
2994 1568 3031 1611 a
3059 1550 3189 1612 Deo
3227 1559 3553 1632 acceptam
3603 1550 3815 1612 minus
3860 1549 3937 1610 in

2428 1645 2690 1729 speciali
2740 1647 2940 1709 divini
2992 1647 3233 1710 ordinis
3284 1648 3709 1729 cognitionem
3768 1647 3939 1710 acci-

2430 1745 2637 1826 piunt,
2680 1745 2745 1807 in
2785 1753 3032 1808 tantum
3083 1747 3253 1828 quod
3305 1745 3665 1808 intellectus
3707 1747 3937 1809 huma-

821 1853 884 1906 et
913 1853 1091 1906 actus
1120 1863 1336 1906 earum
1374 1844 1782 1924 distinguere.
1817 1843 1934 1916 Qui
1973 1851 2187 1904 autem
2219 1860 2319 1905 co-
2354 1849 2401 1912 Β
2431 1863 2573 1917 nuS,
2607 1843 2717 1925 qui
2756 1843 3020 1911 infimus
3050 1853 3146 1906 est
3176 1844 3526 1906 secundum
3572 1844 3935 1906 naturalem

819 1943 1068 2024 gnoscit
1101 1961 1201 2004 res
1242 1941 1636 2024 imperfecte,
1671 1942 1894 2023 nequit-
1925 1941 2316 2023 distinguere

818 2041 942 2103 nisi
991 2040 1055 2102 in
1099 2041 1444 2104 universali
1481 2058 1494 2102 ε
1529 2060 1670 2122 quae
1714 2040 2040 2102 distinctio
2084 2039 2158 2101 fit
2205 2059 2319 2121 per

817 2139 1136 2222 pauciora.
1190 2140 1733 2213 Quemadmodum
1781 2139 1894 2220 qui
1945 2137 2319 2221 imperfecte

817 2239 1130 2300 naturalia
1168 2239 1396 2312 noscit,
1430 2237 1766 2318 distinguit
1796 2255 2061 2319 corpora
2095 2236 2160 2299 in
2194 2255 2318 2300 coe-

819 2336 1002 2399 lestia
1030 2343 1093 2398 et
1122 2345 1409 2415 terrena3
1442 2335 1552 2418 qui
1583 2343 1798 2398 autem
1831 2335 2178 2417 perfectius
2211 2355 2317 2398 na-

818 2435 1046 2498 turalia
1089 2434 1287 2508 novit,
1324 2441 1529 2515 potest
1573 2452 1911 2517 corporum
1958 2434 2315 2497 coelestium

816 2535 1071 2598 ordines
1128 2534 1447 2614 assignare
1496 2534 1801 2607 diversoS,
1855 2552 2120 2616 corpora
2167 2551 2320 2615 quo-

819 2653 943 2717 que
992 2631 1294 2695 inferiora
1342 2632 1610 2694 diversis
1663 2631 1868 2694 modis
1917 2631 2201 2694 dividere
2251 2632 2319 2693 in

818 2732 1089 2814 plantas,
1133 2731 1200 2792 in
1245 2729 1598 2803 mineralia‚
1631 2737 1751 2792 etc.
1786 2729 1910 2792 Nos
1955 2737 2168 2791 autem
2214 2747 2319 2790 an-

815 2828 990 2910 gelos
1032 2836 1097 2890 et
1139 2845 1360 2890 eorum
1405 2825 1626 2890 officia
1672 2826 2046 2909 imperfecte
2093 2844 2319 2908 cogno-

818 2926 1081 3000 scimuS,
1125 2933 1195 2988 ut
1241 2933 1418 2988 sexto
1467 2924 1754 2988 Coelestis
1800 2925 2173 2988 hierarchiae
2222 2943 2319 2987 ca-

2429 1941 2879 2022 cognitionem,
2930 1943 3138 2005 solum
3197 1943 3620 2024 quorumdam
3680 1944 3941 2006 univer-

2428 2040 2891 2102 salissimorum
2952 2040 3144 2102 habet
3191 2040 3504 2103 notitiam.
3558 2042 3939 2123 Superiores

2428 2157 2578 2220 ergo
2618 2138 2987 2202 substantiae
3034 2138 3493 2201 intellectuales
3537 2139 3614 2201 de
3658 2159 3787 2204 suae
3830 2157 3943 2202 co-

2427 2237 2731 2317 gnitionis
2780 2236 3130 2300 eminentia
3187 2237 3599 2300 inferioribus
3648 2238 3937 2312 tradunt,

2428 2336 2964 2417 quemadmodum
3018 2336 3298 2417 cognitio
3348 2336 3648 2419 discipuli
3701 2339 3941 2421 imper-

2426 2434 2594 2496 fecta
2634 2454 2671 2496 a
2716 2435 3016 2516 magistro
3058 2433 3414 2516 perficitur.

2516 2534 2585 2596 In
2650 2532 2935 2614 qualibet
2997 2533 3257 2596 demum
3319 2533 3736 2597 Providentiae
3796 2534 3938 2598 dis-

2428 2631 2764 2714 positione,
2816 2631 3131 2693 ordinatio
3187 2630 3539 2695 effectuum
3590 2651 3667 2695 ex
3724 2633 3941 2696 forma

2427 2729 2749 2792 derivatur
2796 2730 3189 2810 agentium-z
3241 2728 3513 2793 effectus
3566 2750 3841 2813 namque
3894 2752 3939 2795 a

2426 2827 2635 2889 causis
2664 2827 2799 2889 suis
2828 2827 3179 2888 secundum
3208 2827 3693 2891 similitudinem
3719 2849 3939 2911 quam·

2426 2925 2571 2987 dam
2630 2925 3001 3006 procedunt.
3055 2925 3229 2999 Quod
3287 2933 3498 2988 autem
3548 2945 3741 3008 agens
3796 2948 3937 2992 suae

818 3025 1024 3107 pitulo
1073 3023 1326 3086 dicitur.
1380 3023 1622 3085 Idcirco
1672 3040 1890 3085 eorum
1953 3023 2207 3084 ordines
2256 3030 2318 3084 et
2350 3027 2393 3092 C
2427 3023 2647 3086 formae
2686 3022 3177 3085 similitudinem
3217 3025 3649 3087 communicet
3686 3025 3940 3089 effecti·

818 3122 1039 3186 officia
1096 3121 1488 3203 distinguere
1545 3138 1672 3183 non
1720 3121 2007 3182 valemus
2067 3120 2191 3183 nisi
2251 3121 2316 3183 in

817 3221 1097 3302 generali
1133 3237 1146 3282 ε
1181 3219 1533 3282 secundum
1579 3237 1771 3300 quem
1823 3219 2081 3280 modum
2131 3219 2317 3280 multi

819 3320 1026 3402 angeli
1070 3319 1190 3382 sub
1221 3336 1348 3380 uno
1389 3318 1610 3379 ordine
1642 3317 2066 3380 continentur.
2104 3317 2168 3379 Si
2209 3336 2317 3378 au-

819 3427 947 3481 tem
977 3418 1347 3500 angelorum
1377 3415 1596 3479 officia
1619 3435 1692 3478 ac
1718 3415 2154 3478 distinctiones
2186 3435 2323 3498 per·

819 3517 982 3580 fecte
1016 3533 1565 3597 cognosceremuS,
1589 3514 1898 3575 sciremus
1930 3514 2101 3595 quod
2135 3514 2321 3594 quili-

819 3613 927 3678 bet
950 3613 1209 3696 angelus
1239 3611 1428 3674 habet
1454 3611 1781 3694 proprium
1816 3630 2000 3673 suum
2028 3611 2319 3674 officium

818 3732 893 3775 ac
935 3712 1268 3795 proprium
1313 3709 1602 3773 ordinem
1651 3710 1716 3771 in
1762 3709 1975 3782 rebus,
2009 3717 2070 3772 et
2117 3711 2319 3774 multo

818 3810 964 3892 plus
1012 3828 1205 3890 quam
1253 3807 1555 3890 quaelibet
1601 3806 1803 3881 stella,
1856 3807 2147 3888 quamvis
2203 3826 2317 3870 nos

819 3907 1025 3970 lateat.
1060 3908 1276 3988 Itaque
1315 3904 1610 3987 specialis
1652 3904 1979 3967 distinctio
2019 3906 2316 3968 ordinum

817 4014 879 4068 et
935 4005 1326 4077 officiorum,
1387 4003 1741 4066 secundum
1799 4022 1988 4085 quam
2047 4003 2319 4085 quilibet

817 4103 1080 4185 angelus
1132 4101 1464 4184 proprium
1513 4099 1706 4163 habet
1753 4100 2048 4164 officium
2097 4121 2170 4163 ac
2220 4121 2318 4164 or-

2428 3122 2570 3194 buS,
2612 3129 2709 3183 est
2752 3128 3012 3202 propter
3053 3121 3335 3204 aliquem
3378 3122 3599 3187 finem.
3642 3124 3937 3188 Primum

2427 3237 2577 3300 ergo
2608 3219 3002 3302 principium
3045 3219 3109 3281 in
3146 3220 3562 3302 dispositione
3597 3222 3942 3286 Providen-

2428 3318 2532 3381 tiae
2580 3325 2675 3380 est
2722 3317 2915 3396 finis3
2967 3318 3344 3396 secundum,
3394 3318 3599 3382 forma
3645 3321 3937 3402 agentis;

2426 3417 2709 3489 tertium,
2745 3415 3076 3497 dispositio
3114 3416 3357 3481 ordinis
3394 3416 3767 3480 effectuum.
3804 3419 3943 3482 Sie-

2430 3533 2553 3596 que
2597 3532 2971 3596 supremum
3023 3514 3089 3575 in
3134 3514 3358 3577 ordine
3409 3515 3793 3590 intellectuS,
3834 3526 3941 3580 est

2429 3613 2598 3694 quod
2639 3613 2705 3673 in
2744 3610 2876 3673 fine
2920 3612 3279 3674 attendatur
3318 3613 3478 3675 ratio
3516 3613 3797 3694 ordinis3
3838 3634 3939 3678 se-

2429 3711 2710 3773 cundum
2759 3717 2995 3782 autem,
3048 3711 3216 3791 quod
3266 3710 3331 3772 in
3381 3710 3620 3791 forma3
3670 3713 3935 3776 tertium

2428 3826 2600 3881 ver0,
2644 3807 2811 3889 quod
2860 3807 2997 3890 ipsa
3039 3807 3283 3870 ordinis
3324 3809 3657 3891 dispositio
3699 3828 3935 3892 cogno-

2429 3914 2641 3970 scatur
2672 3907 2737 3968 in
2769 3925 2835 3968 se
2868 3906 3026 3987 ipsa,
3060 3924 3187 3968 non
3229 3906 3292 3968 in
3334 3907 3542 3969 altiori
3584 3908 3929 3992 principio.

2427 4005 2587 4067 Hinc
2635 4023 2737 4066 ars
2786 4003 3193 4066 considerans
3250 4003 3474 4078 finem,
3525 4015 3791 4068 vocatur
3834 4027 3935 4070 ar·

2430 4101 2871 4173 chitectonica,
2915 4101 2978 4162 id
3021 4109 3118 4163 est
3162 4101 3535 4183 principalis
3584 4111 3647 4165 et
3695 4123 3933 4185 praece-

819 4202 1058 4275 dinem,
1101 4209 1199 4262 est
1245 4199 1429 4262 nobis
1479 4200 1708 4280 ignota.
1747 4233 1824 4244 —
1861 4199 2004 4262 Haec
2048 4200 2318 4263 Thomas
2349 4211 2398 4272 D
2433 4200 2626 4281 ptiva‚
2680 4206 2971 4280 respectu
3020 4198 3161 4279 ejus
3211 4218 3355 4280 quae
3401 4200 3758 4263 considerat
3808 4201 3937 4264 for·

821 4301 888 4363 in
933 4299 1143 4383 prima
1184 4305 1362 4381 parte
1407 4299 1702 4360 Summae.

901 4399 1168 4480 Insuper
1205 4397 1283 4458 de
1319 4396 1420 4458 his
1460 4397 1525 4458 in
1566 4396 1829 4458 Summa
1867 4405 2086 4459 contra
2121 4397 2322 4478 genti-

825 4497 938 4572 les,
991 4497 1155 4558 libro
1213 4495 1422 4569 tertio,
1472 4495 1680 4556 adhuc
1729 4495 2109 4576 profundius
2167 4497 2321 4558 scri-

824 4595 982 4658 bens
1011 4614 1024 4659 :
1060 4593 1452 4676 SuperioreS,
1485 4593 1731 4667 asserit,
1769 4593 1931 4655 inter
1969 4593 2324 4656 intellectu-

824 4694 954 4756 ales
1003 4691 1410 4764 substantia5‚
1455 4691 1621 4752 sicut
1657 4699 1805 4752 sunt
1845 4691 2321 4756 universalioris

823 4791 1100 4865 virtutiS,
1133 4790 1220 4852 ita
1250 4789 1593 4871 perfectius
1625 4789 1856 4852 divinae
1885 4789 2321 4871 dispositionis

825 4891 1116 4955 notitiam
1164 4909 1202 4950 a
1247 4889 1377 4950 Deo
1425 4887 1805 4969 suscipiunt,
1858 4887 1923 4948 in
1971 4888 2090 4950 hoc
2149 4891 2320 4970 quod

823 5009 1026 5072 usque
1064 4989 1143 5050 ad
1183 4987 1551 5068 singularia,
1585 4985 1828 5047 ordinis
1870 4986 2179 5048 rationem
2222 5007 2321 5050 co-

821 5093 1152 5170 gnoscunt.
1187 5087 1329 5149 Haec
1374 5093 1590 5147 autem
1633 5084 1864 5146 divinae
1901 5085 2319 5149 ordinationis

823 5184 1249 5248 manifestatio
1293 5183 1601 5246 divinitus
1645 5181 1832 5256 facta,
1867 5202 2069 5265 usque
2105 5185 2185 5246 ad
2230 5185 2323 5246 ul-

822 5284 1010 5346 timas
1057 5281 1586 5344 intellectualium
1637 5280 2137 5343 substantiarum
2183 5301 2322 5364 per-

2433 4315 2635 4376 mam3
2667 4306 2725 4360 et
2759 4316 2901 4378 quae
2931 4297 3287 4360 considerat
3318 4297 3611 4372 formam,
3635 4308 3937 4382 respectu

2430 4395 2571 4477 ejus
2620 4414 2761 4477 quae
2805 4395 3162 4457 considerat
3208 4395 3417 4458 solum
3461 4397 3753 4460 ordinem
3802 4417 3941 4462 mo-

2432 4502 2614 4555 tuum
2660 4493 2771 4574 qui
2816 4492 3191 4555 ordinantur
3231 4493 3309 4555 ad
3351 4493 3644 4556 formam.
3678 4531 3761 4540 —
3788 4496 3941 4560 Haec

2433 4592 2542 4654 ibi.
2570 4592 2711 4665 Quo
2741 4591 2806 4652 in
2840 4590 2977 4653 loco
3008 4589 3262 4672 plenius
3293 4591 3463 4654 istud
3501 4594 3935 4676 prosequitur,

2433 4699 2503 4753 ut
2549 4708 2694 4753 mox
2737 4690 2901 4752 infra
2947 4698 3239 4770 tangetur
3274 4707 3288 4751 ε
3323 4691 3475 4773 quia
3518 4691 3639 4754 hoc
3681 4692 3759 4754 ad
3805 4693 3939 4754 dis-

2431 4789 2806 4851 tinctionem
2851 4788 3147 4850 ordinum
3194 4789 3360 4850 inter
3403 4807 3471 4851 se
3514 4796 3775 4870 spectat.

2510 4887 2683 4950 Idem
2727 4887 2968 4958 Petrus,
3004 4885 3189 4967 cujus
3234 4881 3472 4969 scripta
3510 4888 3587 4949 de
3633 4887 3753 4950 ista
3801 4907 3941 4951 ma-

2430 4986 2589 5048 teria
2631 4986 3040 5047 continentur
3081 4985 3147 5046 in
3190 4985 3396 5047 dictis.

2508 5084 2856 5166 Responsio
2900 5101 3152 5165 quoque
3199 5083 3495 5146 Richardi
3538 5103 3767 5166 parum
3808 5084 3939 5148 dif-

2430 5184 2554 5247 fert
2614 5183 2693 5245 ab
2753 5183 2854 5245 his
2919 5202 2935 5246 ε
3000 5202 3143 5265 quae
3207 5189 3421 5245 tamen
3487 5182 3767 5246 breviter
3828 5192 3933 5246 est

2432 5283 2765 5363 tangenda,
2797 5281 3102 5365 quoniam
3138 5279 3385 5345 confert
3417 5280 3495 5344 ad
3532 5281 3937 5366 praeinducta
