4334 6242
97 1269 344 1326 lauh-xm,

103 1337 154 1377 ³0.

141 3727 232 3774 Luc.
267 3744 337 3785 xv,

104 3791 136 3839 8,
155 3793 190 3835 9.

671 496 758 544 ΑΝ
799 497 1012 546 Anum.
1051 498 1433 546 RATmNAms
1483 497 1596 545 SEU
1635 495 1906 543 nummis
1946 495 2032 544 AD
2073 495 2441 544 ANGELORUH
2482 495 2741 544 onman
2784 496 3183 544 AssmN'run
3354 478 3475 544 509

373 663 630 740 Quarto,
676 667 1048 732 hominibus
1097 675 1240 752 post
1287 668 1450 731 hanc
1498 667 1693 730 vitam
1745 685 1874 730 non
1905 667 1956 729 A
1982 665 2182 747 gium,
2211 684 2325 748 per
2351 664 2640 729 homines
2670 673 2991 748 augeatur.
3011 664 3263 728 —Hinc
3292 665 3479 727 tertia

373 765 769 828 conveniunt
798 776 976 830 actus
1007 768 1116 849 qui
1146 767 1480 831 ordinibus
1509 773 1877 848 competunt

371 861 771 943 angelorum,
804 865 1101 928 videlicet
1133 865 1429 928 nuntiare
1461 864 1710 928 minora
1738 863 1872 926 sive

372 960 641 1042 maj0ra.

457 1059 526 1121 ln
554 1060 922 1143 oppositum
959 1069 1077 1138 est,
1112 1063 1281 1144 quod
1311 1061 1482 1144 apud
1511 1060 1873 1124 Matthaeum

370 1158 464 1220 ait
505 1159 813 1235 Salvator,
858 1160 1028 1242 quod
1069 1161 1362 1224 homines
1405 1167 1548 1243 post
1596 1176 1876 1221 resurre-

371 1257 654 1320 ctionem
703 1266 892 1320 erunt
943 1259 1109 1322 sicut
1164 1259 1371 1340 angeli
1423 1257 1555 1320 Dei.
1605 1257 1873 1320 Sanctus

371 1373 628 1439 quoque
659 1354 993 1440 Dionysius
1035 1357 1244 1439 primo
1285 1355 1564 1438 capitulo
1595 1357 1674 1418 de
1703 1354 1873 1418 Divi-

367 1454 474 1516 nis
512 1455 886 1517 nominibus
925 1455 1210 1537 loquitur
1243 1473 1256 1518 :
1289 1454 1590 1518 Homines
1623 1453 1873 1535 angelo-

367 1570 516 1614 rum
545 1552 814 1634 gloriam
853 1553 1215 1616 sortientur.
1250 1553 1588 1635 Gregorius
1620 1553 1772 1614 item
1805 1551 1872 1613 in

367 1650 639 1713 homilia
668 1650 974 1726 affirmat,
997 1651 1166 1733 quod
1196 1651 1490 1714 homines
1519 1651 1871 1713 secundum

366 1748 805 1812 diversitatem
846 1750 1222 1812 meritorum
1263 1767 1524 1812 suorum
1559 1750 1636 1810 ad
1668 1748 1873 1811 diver-

365 1865 470 1910 sos
515 1846 990 1911 transferuntur
1031 1847 1286 1910 ordines
1329 1847 1720 1930 angelorum.

445 2043 542 2107 Ad
582 2045 720 2108 haec
758 2044 1029 2107 Thomas
1064 2061 1078 2108 :
1113 2044 1293 2108 Circa
1329 2046 1474 2119 hoc,
1511 2044 1742 2126 inquit,
1774 2050 1872 2106 est

365 2143 608 2224 triplex
635 2143 876 2225 opinio.
910 2143 1044 2206 Una
1071 2143 1373 2206 Eustratii
1405 2143 1604 2206 Graeci
1635 2143 1872 2224 episco-

367 2243 459 2324 pi,
494 2241 606 2323 qui
657 2259 851 2323 super
898 2250 1147 2304 sextum
1197 2241 1423 2304 asserit
1473 2240 1866 2315 Ethicorum,

365 2340 538 2421 quod
575 2357 763 2402 nemo
793 2347 1040 2402 tantum
1076 2339 1305 2403 animae
1345 2358 1474 2402 suae
1508 2337 1866 2421 profectum

367 2446 578 2520 potest
615 2457 894 2521 sperare,
929 2445 998 2500 ut
1035 2438 1113 2500 ad
1153 2437 1586 2520 operationem
1628 2437 1871 2500 intelle-

365 2544 590 2600 ctuum
631 2545 1067 2618 separatorum
1110 2537 1450 2618 pertingat.
1487 2535 1716 2618 Sicque
1761 2535 1871 2597 ho-

363 2637 618 2699 minum
657 2637 1006 2699 electorum
1046 2643 1212 2698 esset
1240 2635 1527 2697 decimus
1565 2635 1740 2705 ordo,
1775 2635 1870 2696 in-

359 2733 562 2798 ferior
608 2734 754 2797 aliis
803 2752 1055 2797 novem.
1091 2735 1240 2807 Quae
1285 2732 1503 2815 opinio
1546 2740 1640 2795 est
1682 2732 1870 2795 dictis

362 2835 744 2896 Sanctorum
784 2832 1136 2912 contraria;
1177 2839 1239 2894 et
1279 2831 1533 2893 videtur
1574 2831 1868 2894 haeresim

361 2949 609 3013 sapere,
650 2949 853 3012 quum
893 2929 1264 2992 beatissima
1300 2929 1489 3010 Virgo
1532 2947 1725 3010 super
1763 2948 1870 2991 an-

1981 763 2213 846 positio
2252 764 2529 846 amplius
2567 764 2727 826 mihi
2767 764 2995 846 placet,
3028 762 3197 845 quod
3236 762 3480 825 scilicet

1983 863 2199 925 cuncti
2228 862 2413 925 electi
2443 862 2735 925 homines
2772 868 3179 924 assumantur
3205 861 3284 923 ad
3313 860 3482 925 ordi-

1981 979 2095 1023 nes
2124 961 2518 1042 angelorum‚
2537 960 2796 1042 quidam
2827 961 2904 1023 ad
2935 960 3316 1042 superiores,
3339 959 3479 1042 qui-

1980 1059 2126 1121 dam
2164 1059 2243 1121 ad
2284 1058 2639 1134 inferioreS,
2673 1058 2933 1140 quidam
2966 1059 3045 1120 ad
3087 1057 3349 1132 mediOS,
3384 1076 3480 1120 se-

1982 1157 2265 1220 cundum
2296 1157 2728 1220 diversitatem
2760 1157 3132 1220 meritorum
3164 1174 3427 1219 suorum
3459 1174 3475 1220 :

1982 1275 2160 1336 sacra
2189 1264 2399 1319 autem
2421 1256 2607 1338 Virgo
2635 1275 2821 1338 super
2847 1275 3067 1320 omnes
3095 1264 3192 1318 est
3220 1257 3477 1320 elevata.

1981 1356 2170 1418 Porro
2223 1374 2303 1418 an
2359 1363 2451 1419 tot
2502 1355 2793 1418 homines
2845 1362 3269 1430 assumentur,
3324 1362 3481 1437 quot

1981 1452 2191 1535 angeli
2232 1461 2737 1536 permanserunt,
2770 1473 2851 1516 an
2886 1461 3042 1535 quot
3080 1462 3475 1529 corruerunt,

1979 1560 2090 1614 aut
2138 1561 2294 1634 quot
2346 1551 2608 1615 fuerunt
2655 1552 2933 1634 utrique,
2983 1553 3086 1615 vel
3134 1553 3350 1635 plures
3396 1573 3479 1616 an

1981 1649 2282 1733 potioreS‚
2317 1650 2423 1713 ille
2463 1651 2584 1714 scit
2623 1650 2727 1714 cui
2757 1651 2877 1714 soli
2916 1651 3206 1732 cognitus
3240 1659 3335 1714 est
3364 1671 3481 1714 nu-

1981 1766 2196 1810 merus
2234 1748 2581 1811 electorum
2626 1748 2694 1810 in
2736 1767 3012 1831 superna
3050 1747 3352 1812 felicitate
3390 1749 3479 1813 lo-

1906 1848 1954 1912 B
1983 1847 2243 1909 candus.

2062 1945 2347 2027 Denique
2388 1947 2687 2009 meritum
2724 1946 3059 2009 hominum
3099 1953 3308 2030 potest
3338 1946 3479 2010 effi-

1980 2044 2193 2106 cacius
2223 2062 2363 2106 esse
2392 2044 2621 2107 merito
2648 2044 3008 2126 angelorum
3027 2062 3041 2106 ε
3061 2053 3193 2108 tum
3223 2053 3479 2128 propter

1979 2140 2454 2218 difficultatem,
2488 2162 2631 2224 quae
2660 2151 2757 2206 est
2784 2143 3045 2226 majoris
3085 2151 3347 2207 conatus
3378 2163 3479 2207 oc-

1979 2241 2186 2320 casi03
2237 2248 2375 2304 tum
2433 2249 2694 2324 propter
2738 2241 3065 2305 assiduum
3121 2250 3183 2304 et
3234 2243 3478 2305 diutur-

1978 2359 2134 2400 num
2167 2339 2526 2422 profectum
2558 2340 2624 2402 in
2654 2340 2914 2403 caritate
2943 2348 3007 2404 et
3034 2341 3255 2422 gratia,
3274 2360 3477 2422 quum

1978 2437 2169 2501 homo
2202 2438 2285 2500 sit
2322 2437 2526 2501 multo
2562 2438 2805 2502 diutius
2834 2439 3041 2502 viator
3069 2458 3259 2522 quam
3292 2458 3479 2521 ange-

1980 2532 2080 2595 lus
2110 2533 2337 2616 fuerit3
2369 2543 2508 2597 tum
2547 2536 2851 2616 quoniam
2884 2536 3111 2599 merita
3141 2537 3477 2600 hominum

1978 2632 2337 2696 efficaciam
2384 2633 2738 2696 sortiuntur
2785 2652 2864 2697 ex
2907 2634 3137 2698 merito
3179 2644 3243 2698 et
3276 2635 3478 2716 gratia

1980 2729 2233 2806 Christi,
2267 2732 2379 2813 qui
2419 2750 2545 2795 non
2584 2731 2841 2814 angelos
2880 2733 2990 2795 sed
3029 2751 3248 2796 semen
3286 2733 3477 2796 Abra·
3502 2765 3766 2818 gestum,

1979 2829 2076 2892 hae
2114 2830 2553 2912 apprehendit.
2588 2830 2735 2893 Ideo
2765 2830 3057 2894 homines
3098 2831 3298 2912 magis
3337 2850 3476 2914 pos-

1981 2934 2130 2988 sunt
2169 2926 2499 2990 transferri
2544 2928 2609 2990 in
2656 2928 2923 3009 gradum
2969 2928 3186 3010 gloriae
3231 2929 3475 2993 altioris

361 3029 656 3110 gelorum
696 3029 922 3093 choros
953 3028 1035 3090 sit
1073 3027 1346 3090 exaltata
1378 3044 1392 3089 ε
1427 3027 1548 3089 nisi
1582 3025 1746 3090 forte
1775 3027 1868 3089 di·
1908 3025 1951 3090 C
1980 3032 2223 3088 naturae
2276 3044 2349 3088 ac
2401 3026 2667 3101 ordinis,
2721 3045 2913 3108 quam
2971 3027 3201 3110 angeli.
3251 3064 3334 3074 —
3376 3029 3475 3091 Fit

363 3135 542 3190 ctum
593 3127 753 3190 illud
799 3125 1104 3188 Eustratii
1159 3124 1550 3207 intelligatur
1597 3125 1674 3188 de
1720 3143 1869 3207 ope-

365 3225 614 3288 ratione
643 3225 722 3287 ad
754 3243 944 3306 quam
975 3224 1168 3286 homo
1202 3242 1279 3285 ex
1311 3221 1707 3290 naturalibus
1737 3223 1869 3285 suis

363 3323 536 3386 valet
584 3323 964 3405 pertingere.
1013 3357 1094 3367 —
1144 3321 1434 3384 Secunda
1481 3320 1700 3402 opinio
1748 3328 1866 3396 est,

365 3421 538 3503 quod
597 3420 799 3502 aliqui
858 3421 1192 3484 hominum
1248 3419 1328 3480 ad
1385 3419 1640 3482 ordines
1697 3438 1870 3481 assu-

367 3526 636 3582 muntur
691 3518 1114 3599 angelorum;
1165 3517 1276 3580 alii
1336 3534 1488 3578 vero
1545 3516 1868 3580 decimum

367 3617 770 3681 constituunt
798 3617 1110 3692 ordinem,
1141 3616 1324 3697 juxta
1364 3613 1728 3697 parabolam
1764 3616 1872 3677 de-

367 3716 556 3780 cimae
601 3714 920 3778 drachmae
967 3715 1229 3796 perditae
1275 3732 1350 3776 ac
1399 3713 1696 3776 inventae.
1739 3713 1869 3776 Hoc

367 3832 626 3898 quoque
684 3813 1110 3876 diversimode
1167 3811 1546 3893 assignatur,
1609 3810 1872 3892 quibus-

365 3914 516 3976 dam
563 3910 948 3985 dicentibuS,
991 3910 1160 3992 quod
1209 3910 1416 3973 solum
1464 3909 1743 3990 virgines
1791 3909 1868 3972 ad

363 4011 624 4075 ordines
681 4017 1098 4072 assumuntur
1151 4008 1492 4090 angelicoS,
1545 4008 1868 4090 ceterique

363 4110 555 4174 electi
585 4109 876 4172 homines
915 4106 1158 4170 faciunt
1190 4107 1479 4169 ordinem
1519 4106 1864 4169 decimum.

1980 3122 2194 3204 itaque
2242 3141 2321 3186 ex
2367 3125 2615 3187 cunctis
2666 3124 2887 3188 electis
2938 3145 3065 3188 una
3116 3126 3475 3191 hierarchia

1980 3221 2279 3284 coelestis.
2330 3222 2872 3296 Quemadmodum
2929 3225 3104 3287 enim
3160 3243 3227 3287 se
3281 3224 3473 3288 habet

1979 3318 2335 3382 hierarchia
2374 3319 2671 3382 Ecclesiae
2710 3321 2788 3383 ad
2828 3321 3251 3385 hierarchiam
3290 3341 3475 3404 ange-

1980 3416 2191 3491 licam,
2252 3418 2345 3480 sic
2403 3417 2763 3480 hierarchia
2824 3419 3166 3502 Synagogae
3225 3421 3305 3483 ad
3367 3439 3475 3485 no-

1979 3522 2197 3590 stram,
2241 3523 2313 3578 ut
2362 3516 2421 3579 S.
2468 3515 2805 3599 Dionysius
2852 3517 3058 3579 docet.
3101 3517 3263 3580 Hinc
3309 3519 3475 3582 sicut
3512 3543 3763 3590 nectam,

1979 3621 2162 3676 vetus
2203 3613 2561 3677 hierarchia
2596 3613 2721 3676 fuit
2749 3613 2855 3677 via
2892 3621 2955 3676 et
2991 3613 3201 3696 figura
3237 3616 3472 3681 hierar-
3498 3607 3767 3715 }ffi·⁰3{‡⁶

1981 3711 2140 3775 chiae
2190 3711 2509 3786 Ecclesiae,
2542 3720 2731 3794 atque
2780 3712 2859 3775 ad
2908 3731 3049 3775 eam
3098 3720 3159 3775 et
3206 3714 3286 3776 ad
3333 3714 3473 3796 ejus
3500 3702 3614 3777 οη]
3749 3702 3761 3716 ’

1978 3810 2233 3872 ordines
2262 3817 2358 3872 est
2386 3811 2848 3892 assumpta3sic
2879 3819 3093 3874 nostra
3120 3812 3478 3879 hierarchia

1979 3916 2074 3970 est
2101 3908 2227 3983 via,
2261 3909 2515 3989 signum
2555 3927 2667 3971 seu
2697 3908 2907 3990 figura
2943 3909 3313 3976 hierarchiae
3353 3930 3477 3976 coe-

1981 4006 2178 4081 lestiS,
2212 4014 2275 4070 ct
2302 4006 2380 4068 ad
2414 4025 2555 4068 eam
2586 4006 2855 4089 ejusque
2884 4008 3140 4072 ordines
3168 4009 3472 4074 elevatur.

1976 4105 2114 4168 Non
2170 4112 2385 4167 tamen
2441 4104 2833 4168 conveniunt
2882 4105 3085 4170 beatis
3141 4108 3478 4173 animabus

365 4209 544 4284 Quod
586 4225 714 4271 non
742 4207 1018 4282 videtur,
1054 4224 1254 4287 quum
1295 4205 1480 4267 multi
1520 4223 1648 4268 non
1679 4205 1871 4286 virgi·
1898 4203 1947 4266 D
1977 4203 2197 4268 officia
2223 4204 2594 4286 angelorum
2624 4205 2795 4268 circa
2822 4204 3145 4280 inferiora,
3173 4206 3477 4288 quoniam

365 4327 504 4382 nes,
546 4313 618 4367 ut
654 4306 872 4369 Petrus
913 4311 976 4367 et
1012 4303 1378 4384 Magdalena
1420 4303 1639 4365 multis
1679 4303 1872 4384 virgi-

365 4405 560 4468 nibus
618 4402 1070 4467 eminentiores
1126 4401 1494 4465 consistant.
1547 4400 1707 4464 Hinc
1758 4401 1870 4464 alii

365 4504 734 4586 opinantur,
768 4502 938 4584 quod
981 4499 1250 4583 perfecti
1288 4501 1615 4563 dumtaxat
1653 4501 1729 4562 ad
1770 4518 1869 4564 or-

367 4602 552 4665 dines
601 4601 972 4682 angelorum
1023 4600 1407 4682 pertingant,
1459 4599 1653 4662 ceteri
1701 4599 1870 4663 deci-

368 4719 548 4763 mum
599 4699 889 4762 ordinem
940 4698 1322 4780 compleant.
1369 4699 1490 4761 Sed
1543 4717 1742 4781 quum
1792 4718 1870 4761 ex

368 4797 741 4862 hominibus
779 4804 842 4860 et
881 4797 1123 4878 angelis
1163 4815 1291 4859 una
1328 4796 1612 4859 Ecclesia
1651 4797 1735 4860 sit
1773 4797 1871 4858 fu-

369 4905 534 4970 tura,
569 4913 822 4977 unaque
854 4894 1230 4969 hierarchia,
1255 4912 1382 4957 non
1413 4902 1508 4958 est
1537 4894 1869 4977 probabile

372 4994 544 5079 quod
603 5011 908 5056 numerus
965 4994 1262 5056 ordinum
1322 4993 1564 5056 coelesti
1621 5012 1872 5075 compe-

373 5103 516 5157 tens
558 5092 949 5166 hierarchias,
987 5110 1102 5172 per
1130 5090 1252 5152 tria
1286 5098 1466 5153 terna
1507 5092 1866 5168 distinctuS‚

378 5200 694 5275 quatenus
725 5208 1031 5253 numerus
1060 5189 1357 5251 ordinum
1386 5207 1460 5252 ac
1488 5188 1870 5252 hierarchia-

377 5310 523 5354 rum
569 5308 837 5353 summae
873 5286 1197 5351 Trinitatis
1238 5295 1646 5369 repraesentet
1681 5287 1870 5351 vesti-

1977 4303 2199 4366 officia
2246 4303 2356 4365 illa
2402 4309 2883 4387 consequuntur
2928 4304 3181 4366 ordines
3228 4305 3477 4386 angelo·

1927 4415 1934 4422 ·
1979 4421 2122 4464 rum
2153 4409 2463 4485 quantum
2492 4402 2571 4464 ad
2601 4402 2867 4482 gradum
2897 4409 3139 4466 naturae
3165 4403 3345 4484 (quia
3373 4423 3477 4466 an-

1977 4501 2181 4582 gelica
2238 4509 2463 4564 natura
2514 4500 2680 4563 inter
2726 4500 2927 4564 Deum
2978 4507 3043 4563 et
3093 4518 3208 4563 nos
3266 4503 3477 4566 media

1979 4600 2102 4682 est)
2163 4599 2363 4681 magis
2428 4618 2618 4681 quam
2688 4600 3037 4662 secundum
3105 4601 3475 4665 essentiales

1977 4698 2275 4761 ordinum
2328 4697 2764 4780 proprietates
2826 4698 2973 4760 ldeo
3024 4697 3191 4760 sicut
3244 4699 3474 4764 animae

1977 4797 2421 4860 damnatorum
2460 4813 2587 4859 non
2628 4796 3014 4877 deputantur
3042 4795 3228 4858 nobis
3269 4797 3335 4859 in
3372 4816 3475 4860 ex-

1977 4895 2297 4970 ercitium,
2330 4894 2419 4956 ita
2448 4913 2565 4956 nec
2594 4894 2824 4956 animae
2859 4894 3234 4957 Sanctorum
3268 4896 3334 4957 in
3365 4915 3476 4959 cu-

1977 4994 2271 5057 stodiam.
2305 5029 2385 5039 —
2420 4992 2564 5056 Haec
2608 4993 2877 5056 Thomas
2928 4991 2993 5054 in
3043 4993 3310 5076 Scripto.
3358 4995 3474 5058 Per
3524 5019 3528 5024 ·

1979 5112 2120 5174 quae
2160 5099 2334 5174 patet
2374 5091 2769 5172 objectorum
2814 5090 3065 5154 solutio.

2058 5191 2363 5252 Praeterea
2391 5190 2457 5251 in
2490 5189 2697 5270 prima
2727 5197 2927 5271 parte,
2947 5191 3293 5271 quaestione
3322 5209 3469 5255 cen-

1977 5287 2207 5350 tesima
2257 5296 2478 5350 octava
2529 5304 2543 5349 :
2596 5286 2861 5351 Ordines
2906 5287 3051 5370 (ait)
3098 5290 3469 5371 angelorum
3547 5315 3631 5358 m.
3652 5311 3696 5357 a.
