4334 6242
137 1464 230 1518 Sap.
243 1478 266 1512 ι,
283 1468 326 1506 13

121 1531 176 1569 tt.

157 4611 214 4653 104
228 4629 274 4663 tv,
287 4621 326 4659 18

873 501 1096 559 QUAEST.
1143 503 1186 548 11
1233 503 1250 548 ἶ
1294 503 1380 550 ΑΝ
1422 501 1616 550 OMNIA
1659 504 2131 551 PROFLUxERUN'r
2170 505 2214 552 A
2257 503 2376 552 1)Εο
2418 505 2533 551 PER
2574 505 2957 553 CREATIONEH

3382 484 3463 552 53

367 669 479 732 eis.
514 670 642 733 Nec
681 670 923 734 directe
964 672 1236 734 intendit
1271 673 1770 736 destructionem
1800 681 1862 734 et
1891 672 1943 735 A
1973 673 2142 736 idem
2206 674 2431 756 pictor,
2485 675 2767 757 pulchrae
2814 695 2887 738 ac
2936 676 3119 740 soedae
3167 675 3465 757 imaginis

369 769 846 851 corruptionem
877 788 1122 846 eorum,
1142 773 1252 834 sed
1285 771 1592 834 indirecte
1623 779 1686 834 et
1715 791 1865 854 qua-

368 868 421 929 si
459 885 576 949 per
612 869 930 942 accidenS,
966 869 1030 930 in
1061 877 1372 952 quantum
1412 871 1489 932 ad
1531 871 1720 932 unius
1759 889 1862 950 ge-

369 966 785 1040 nerationem,
827 969 1372 1031 conservationem
1421 978 1483 1031 et
1528 969 1859 1051 pabulum,

367 1064 656 1145 sequitur
695 1066 830 1127 sive
861 1066 1208 1147 requiritur
1244 1067 1505 1129 alterius
1539 1068 1862 1149 corruptio

365 1169 556 1243 atque
585 1163 934 1226 destructio
960 1181 974 1225 ε
1001 1165 1164 1226 sicut
1195 1166 1272 1226 ad
1306 1165 1690 1228 cibationem
1725 1166 1861 1226 uni-

369 1279 442 1320 us
479 1260 778 1322 animalis
817 1262 1106 1343 sequitur
1145 1281 1314 1324 mors
1345 1264 1677 1344 cujusdam
1714 1264 1863 1325 alte-

367 1357 516 1420 rius.
544 1358 690 1421 Ideo
721 1359 1031 1441 scriptum
1062 1368 1158 1422 est
1189 1361 1254 1422 in
1289 1361 1452 1424 libro
1482 1361 1856 1443 Sapientiae:

327 1455 530 1518 ‚Deus
593 1465 861 1520 mortem
913 1476 1040 1521 non
1099 1457 1271 1534 fecit,
1323 1477 1441 1521 nec
1491 1458 1736 1522 laetatur
1795 1459 1860 1521 in

365 1555 721 1636 perditione
767 1556 1058 1618 vivorum
1098 1574 1112 1619 :
1148 1558 1386 1619 creavit
1429 1559 1599 1620 enim
1656 1566 1724 1619 ut
1767 1577 1861 1620 es-

365 1661 504 1716 sent
537 1654 776 1727 omnia,
808 1663 872 1716 et
903 1655 1218 1718 sanabiles
1257 1654 1409 1718 fecit
1450 1657 1736 1719 nationes
1766 1675 1863 1718 or-

364 1749 462 1812 bis
507 1759 840 1813 terrarum.
875 1752 1178 1815 Praeterea
1220 1753 1644 1815 Damasccnus
1698 1753 1862 1816 libro

363 1849 594 1930 primo,
639 1849 920 1931 capitulo
968 1850 1214 1932 quinto,
1259 1852 1708 1933 compendiose
1757 1853 1861 1914 de-
1895 1855 1942 1916 B

365 1955 694 2020 monstrat,
745 1947 1144 2031 impossibile
1193 1968 1332 2012 esse
1390 1950 1606 2031 plures
1655 1951 1862 2013 consi-

364 2055 526 2109 stere
571 2048 744 2122 de0S,
780 2066 896 2110 nec
940 2049 1251 2110 mundum
1297 2067 1481 2130 posse
1521 2051 1858 2131 persistere

367 2146 488 2208 nisi
549 2153 802 2226 regatur
848 2146 928 2207 ab
978 2164 1106 2209 'uno
1156 2166 1408 2210 summo
1466 2149 1786 2230 principio
1841 2166 1854 2211 :

365 2244 535 2326 quod
575 2243 628 2307 si
676 2263 890 2326 pugna
928 2252 992 2306 et
1032 2245 1442 2308 contrarietas
1488 2254 1652 2308 esset
1696 2247 1860 2310 inter

367 2351 664 2414 rectoreS,
696 2342 1168 2405 dissolveretur.
1203 2343 1394 2406 Libro
1438 2344 1590 2406 item
1637 2363 1859 2406 secun-

367 2442 446 2503 do
477 2448 762 2514 testatur,
796 2441 966 2522 quod
998 2441 1238 2503 malum
1269 2442 1350 2503 sit
1382 2442 1652 2523 privatio
1683 2442 1856 2518 boni,

367 2549 426 2602 et
456 2541 736 2604 tenebrae
771 2541 1044 2622 privatio
1074 2541 1354 2604 luminis,
1391 2543 1554 2616 Quas
1587 2544 1860 2606 rationes

367 2640 718 2702 Alexander
759 2640 1168 2721 prosequitur
1211 2641 1462 2702 clariuS.

443 2737 990 2810 Quemadmodum
1043 2737 1236 2800 etiam
1285 2739 1726 2801 Bonaventura
1765 2758 1861 2803 os-

366 2836 586 2908 tendit,
622 2854 850 2916 magna
891 2843 954 2897 et
997 2836 1174 2898 rudis
1219 2836 1340 2898 suit
1383 2837 1705 2920 imperitia
1741 2838 1861 2899 Ma-

367 2932 589 2996 nichaei
631 2933 724 2996 sic
753 2933 1078 3014 arguentis
1105 2951 1118 2995 τ
1145 2933 1591 3017 oppositorum
1625 2944 1686 2997 ct
1716 2954 1861 2998 con-

1973 791 2162 834 causa
2201 781 2296 834 est
2330 791 2345 834 τ
2381 774 2511 836 imo
2550 775 2819 857 pulcher
2856 775 3062 857 pictor
3099 774 3466 857 frequenter

1972 878 2224 953 turpem
2274 871 2427 934 facit
2477 872 2844 953 imaginem,
2895 881 2958 935 et
3008 873 3211 955 turpis
3262 873 3468 956 pictor

1971 969 2338 1032 formosam.
2374 971 2510 1034 Non
2556 972 2729 1033 enim
2773 979 3041 1054 oportet,
3086 973 3216 1035 imo
3255 990 3465 1053 neque
3527 962 3542 976 ’

1973 1068 2277 1149 possibile
2317 1076 2432 1142 est,
2465 1069 2771 1132 effectum
2816 1089 2945 1134 suae
2986 1089 3191 1133 causae
3234 1070 3298 1132 in
3338 1088 3467 1132 om·

1972 1163 2162 1226 nibus
2223 1165 2603 1228 conformari
2658 1183 2671 1226 z
2730 1166 2858 1228 imo
2910 1185 3098 1230 omne
3157 1174 3461 1241 creatum,

1972 1270 2560 1346 quantumcumque
2592 1264 3341 1346 perfect-um,necessario
3368 1284 3467 1328 oc-

1973 1360 2219 1423 cumbit
2266 1380 2339 1423 ac
2389 1362 2610 1425 deficit
2660 1363 2911 1425 infinite
2962 1363 3040 1426 ab
3090 1365 3465 1427 excellentia

1972 1460 2301 1522 creatoris,

2410 1777 2885 1850 QUAESTIO
2942 1781 3021 1844 II

2093 2049 2355 2112 Ecundo
2403 2051 2729 2132 quaeritur,
2780 2053 2909 2118 An
2964 2053 3231 2119 omnia
3288 2067 3465 2133 pro·

2104 2147 2513 2215 fluxerunt
2530 2165 2577 2216 a
2596 2152 2757 2216 Deo
2784 2165 2926 2231 per
2950 2151 3462 2217 creationem.

2047 2247 2313 2309 Videtur
2340 2249 2509 2329 quod
2552 2266 2698 2310 non.
2733 2249 2963 2323 Primo,
2998 2251 3149 2330 quia
3179 2267 3463 2311 commu-

1969 2365 2050 2406 ne
2080 2353 2178 2406 est
2206 2347 2375 2427 apud
2411 2346 2823 2428 philosophos
2853 2347 3119 2420 dictum,
3153 2366 3230 2409 ex
3262 2347 3464 2410 nihilo

1969 2443 2132 2505 nihil
2172 2443 2336 2505 fieri.
2370 2479 2449 2490 ——
2479 2445 2790 2519 Secunde,
2822 2445 3123 2526 quoniam
3156 2446 3325 2526 quod
3362 2445 3461 2518 fit,

1969 2541 2093 2602 ruit
2141 2543 2207 2603 in
2257 2543 2541 2623 potentia
2586 2550 2925 2624 antequam
2975 2543 3197 2620 fieret3
3242 2551 3306 2605 et
3355 2543 3465 2606 illa

1971 2641 2255 2723 potentia
2318 2641 2440 2702 fuit
2499 2641 2771 2723 passiva,
2833 2649 2896 2704 et
2952 2641 3339 2705 fundabatur
3396 2643 3462 2707 in

1969 2739 2206 2821 aliquo,
2240 2746 2395 2821 puta
2425 2740 2490 2801 in
2522 2740 2831 2802 materiali
2868 2740 3211 2822 principio,
3245 2741 3465 2824 sicque

1969 2856 2047 2898 ex
2096 2837 2207 2899 illo
2255 2846 2348 2899 est
2400 2846 2537 2899 orta
2585 2839 2936 2919 productio.
2988 2873 3068 2884 —
3116 2839 3347 2912 Tertio,
3400 2839 3464 2901 in

1971 2935 2495 3017 permanentibus
2537 2936 2677 2997 fieri
2717 2945 2813 2998 cst
2842 2937 2946 2998 via
2982 2937 3060 3000 ad
3101 2936 3341 2999 factum
3374 2957 3467 3000 es-

368 3032 700 3095 trariorum
746 3032 1055 3114 oppositae
1103 3040 1292 3114 atque
1337 3034 1668 3096 contraria)
1712 3040 1858 3096 sunt
1895 3033 1940 3096 C
1971 3053 2059 3108 se,
2093 3041 2283 3115 atque
2328 3034 2628 3114 praecedit
2674 3034 2828 3096 illud
2874 3053 2888 3098 ε
2934 3036 3043 3097 sed
3086 3036 3256 3117 quod
3300 3055 3467 3099 crea-

367 3149 586 3193 causae.
649 3130 824 3204 Quod
883 3131 962 3193 de
1019 3131 1227 3192 causis
1285 3131 1671 3203 intrinsecis,
1731 3150 1857 3194 non

365 3227 756 3302 extrinseciS,
786 3228 1158 3291 verificatur
1182 3229 1456 3310 :alioqui
1489 3229 1661 3292 aliud
1693 3238 1858 3292 esset

365 3327 644 3408 primum
697 3325 948 3389 causale
991 3326 1382 3408 principium
1432 3328 1642 3401 calidi,
1685 3328 1856 3390 aliud

367 3425 1060 3506 frigidi.Verumtamen
1091 3424 1216 3486 dici
1249 3427 1660 3507 potest,quod
1692 3427 1858 3488 Deus

367 3523 866 3605 unumquodque
914 3523 1172 3604 propria
1222 3523 1506 3585 condidit
1555 3523 1796 3586 ratione
1839 3543 1853 3587 :

363 3623 580 3704 sicque
621 3621 1017 3685 diversorum
1053 3629 1116 3682 et
1145 3622 1583 3704 oppositorum
1625 3622 1857 3684 ideales

365 3720 424 3782 in
455 3721 588 3783 Deo
619 3720 894 3781 rationes
934 3720 1455 3802 exemplaresque
1494 3739 1698 3782 causae
1737 3721 1859 3781 dis-

364 3819 574 3881 tinctae
605 3825 774 3880 sunt.
804 3817 1016 3880 Nihilo
1049 3818 1261 3880 minus
1291 3817 1370 3880 ab
1401 3818 1626 3880 eodem
1659 3818 1858 3880 libero

362 3917 626 3980 arbitrio
684 3923 892 3998 potest
949 3936 1090 3978 esse
1148 3917 1390 3979 bonum
1449 3917 1728 3989 virtutis,
1791 3917 1856 3978 in

363 4022 672 4096 quantum
719 4014 1057 4095 participat
1091 4015 1333 4096 aliquid
1374 4015 1606 4078 divinae
1652 4015 1857 4097 perse-

363 4112 624 4192 ctionis3
657 4120 722 4174 et
763 4112 1004 4174 malum
1045 4111 1270 4194 culpae,
1306 4112 1372 4173 in
1413 4120 1722 4194 quantum
1768 4112 1858 4175 di-

363 4219 478 4274 stat
525 4231 566 4274 a
615 4211 932 4284 Creatore,
971 4217 1035 4272 et
1081 4229 1158 4272 ex
1209 4211 1413 4273 nihilo
1461 4219 1577 4284 est,
1617 4231 1690 4272 ac
1744 4211 1857 4272 im-
1889 4216 1938 4277 D
1968 4212 2311 4274 Causarum
2367 4229 2381 4273 :

365 4310 744 4392 perlectum,
777 4307 1072 4370 vertibile
1109 4316 1299 4390 atque
1343 4309 1646 4370 mutabile
1686 4309 1748 4370 in
1791 4328 1858 4370 56

368 4409 522 4490 ipso,
555 4407 684 4470 nisi
729 4426 846 4489 per
886 4407 1052 4469 dona
1089 4407 1306 4488 gratiae
1345 4414 1454 4469 aut
1497 4407 1712 4488 gloriae
1752 4408 1858 4469 ad-

363 4507 618 4586 juvetur
657 4523 731 4566 ac
766 4503 1202 4566 confirmetur.
1240 4506 1414 4568 Unde
1447 4505 1510 4567 in
1555 4505 1716 4568 libro
1744 4505 1858 4568 Job

329 4605 634 4668 ‚habetur
677 4621 692 4665 :
737 4602 898 4664 Ecce
937 4602 1048 4683 qui
1101 4604 1387 4664 serviunt
1431 4605 1489 4666 ci
1536 4621 1660 4667 non
1713 4612 1862 4666 sunt

367 4677 646 4776 stabiles,
678 4709 744 4762 et
787 4700 852 4762 in
902 4700 1144 4782 angelis
1194 4701 1327 4764 suis
1377 4702 1610 4783 reperit
1653 4703 1860 4783 pravi-

365 4808 554 4863 tatem
591 4819 606 4864 :
644 4805 882 4880 quanto
927 4799 1126 4879 magis
1170 4799 1236 4861 hi
1276 4800 1387 4881 qui
1432 4800 1717 4862 habitant
1758 4802 1862 4862 do-

369 4917 499 4962 mos
551 4899 756 4960 luteas
815 4905 1272 4960 consumentur
1330 4898 1502 4960 velut
1551 4919 1588 4960 a
1637 4899 1860 4961 tinea?

367 4997 578 5080 Itaque
611 5013 814 5078 quum
856 4995 1020 5056 Deus
1062 4995 1144 5057 sit
1183 5014 1370 5058 causa
1401 4996 1755 5059 voluntarie
1791 5017 1863 5059 ac

372 5095 564 5158 libere
613 5111 888 5176 operans
937 5112 1011 5154 ac
1051 5101 1256 5156 totum
1309 5095 1598 5157 ordinem
1647 5113 1862 5157 rerum

373 5193 735 5265 instituenS,
769 5197 977 5273 potest
1021 5193 1484 5255 contrariorum
1523 5201 1586 5254 et
1617 5193 1868 5275 opposi-

1969 3138 2093 3205 tur‚
2127 3131 2225 3193 fit.
2262 3130 2423 3211 Ergo
2460 3138 2801 3212 antequam
2842 3141 3123 3194 creatum
3166 3139 3282 3206 est,
3316 3133 3461 3196 fieri

1970 3228 2128 3290 illud
2176 3227 2239 3289 in
2284 3227 2500 3309 aliquo
2544 3227 2938 3308 subjectatur
2972 3246 2985 3291 ε
3021 3248 3147 3292 non
3192 3246 3342 3310 ergo
3384 3249 3461 3291 ex

1969 3325 2172 3388 nihilo
2202 3325 2594 3408 producitur.
2624 3362 2702 3371 —
2732 3327 2984 3400 Quarto,
3019 3327 3070 3389 si
3105 3327 3337 3390 creatio
3366 3336 3464 3390 est

1966 3423 2232 3505 aliquid,
2265 3431 2373 3485 aut
2402 3432 2498 3486 est
2529 3432 2792 3498 creator,
2825 3432 2934 3486 aut
2964 3431 3252 3487 creatura
3284 3443 3299 3488 ε
3334 3442 3460 3488 non

1969 3529 2233 3596 creator,
2267 3522 2417 3603 quia
2457 3540 2585 3585 non
2630 3522 3068 3600 denominaret
3108 3522 3463 3586 formaliter

1968 3627 2359 3698 creaturam3
2402 3638 2520 3682 nec
2560 3629 2869 3694 creatura,
2902 3621 3055 3702 quia
3093 3621 3185 3683 sic
3225 3640 3464 3684 creare-

1967 3725 2091 3791 tur,
2125 3725 2189 3780 et
2231 3717 2569 3780 creationis
2617 3727 2783 3780 essct
2827 3719 3084 3793 creatio,
3126 3739 3327 3801 quum
3377 3727 3464 3781 ta-

1968 3837 2114 3878 men
2158 3817 2511 3878 secundum
2557 3817 3007 3898 Philosophum
3040 3819 3265 3899 quinto
3306 3819 3461 3901 Phy-

1967 3917 2270 3988 sicorum‚
2322 3917 2748 3996 generationis
2796 3934 2924 3979 non
2982 3917 3065 3979 sit
3113 3918 3457 3998 generati0‚

1967 4035 2084 4077 ncc
2129 4013 2499 4077 mutationis
2544 4015 2829 4076 mutatio.

2046 4113 2116 4174 In
2147 4113 2511 4194 oppositum
2544 4120 2637 4174 est
2670 4112 3091 4194 Scriptura‚et
3122 4112 3281 4174 illud
3315 4112 3458 4175 libri

2435 4210 2642 4273 Prima
2697 4228 2911 4271 rerum
2962 4217 3315 4272 creatarum
3364 4215 3461 4272 est

1967 4329 2124 4372 esse.

2047 4506 2138 4568 Ad
2182 4506 2303 4567 hoc
2332 4505 2603 4567 Thomas
2644 4505 2983 4586 respondet
3016 4523 3031 4566 ε
3066 4505 3459 4569 Creationem

1967 4623 2127 4676 esse,
2178 4621 2305 4665 non
2366 4610 2609 4666 tantum
2667 4602 2832 4664 fides
2891 4609 3083 4676 tenet,
3135 4605 3243 4666 scd
3302 4605 3464 4668 ratio

1972 4721 2221 4784 quoque
2253 4702 2663 4763 demonstrat.
2690 4699 2889 4762 Omne
2923 4719 3197 4781 namque
3229 4701 3462 4784 imper-

1969 4801 2207 4862 fectum
2253 4799 2319 4860 in
2362 4797 2579 4879 aliquo
2620 4815 2872 4877 genere,
2910 4805 3120 4859 manat
3156 4796 3236 4858 ab
3277 4817 3351 4860 eo
3394 4800 3459 4862 in

1970 4914 2094 4978 quo
2135 4901 2359 4956 natura
2398 4893 2650 4975 generis
2690 4891 2865 4954 illius
2905 4893 3218 4973 reperitur
3256 4893 3465 4976 perfe-

1971 5003 2087 5056 cte.
2141 4994 2476 5074 Quumque
2524 4991 2739 5054 omnia
2788 4992 2947 5054 citra
3003 4991 3285 5073 primum
3334 4992 3464 5056 sint

1971 5092 2141 5155 entia
2202 5089 2597 5172 imperfecta,
2649 5096 2713 5151 et
2763 5089 2974 5171 ipsum
3026 5109 3163 5152 esse
3211 5091 3465 5172 partici-

1975 5198 2147 5273 pent,
2182 5196 2429 5270 oportet
2472 5195 2541 5248 ut
2590 5195 2790 5249 totum
2842 5187 3008 5269 quod
3058 5195 3205 5248 sunt
3254 5196 3316 5250 et
3359 5189 3465 5250 ha-

374 5299 581 5354 torum
629 5308 774 5352 esse
820 5289 1070 5352 causale
1128 5289 1543 5372 principium,
1597 5291 1760 5353 sicut
1809 5298 1870 5352 et
1977 5289 2151 5362 bent,
2184 5308 2221 5349 a
2251 5287 2460 5370 primo
2490 5293 2553 5348 et
2582 5283 2865 5366 perlecto
2902 5303 3040 5347 esse
3071 5285 3465 5366 originaliter
