4334 6242
567 991 831 1043 Marma-25.
861 965 1300 1031 obmutescere
1326 968 1739 1049 jussit,etiam
1768 974 2020 1053 quando
2050 991 2201 1034 vera
2229 990 2364 1054 pro-

860 476 982 543 378
1540 499 1605 546 m
1644 500 1866 547 mentm
1906 501 1950 546 u
1992 500 2474 547 snm-nuruum.
2520 520 2601 531 —
2640 504 2793 549 msr.
2832 503 2958 567 vn3
3001 504 3224 561 QUAEsr.
3268 505 3291 551 1

862 669 1150 745 credunt,
1187 677 1251 732 et
1289 672 1810 735 contremiscunt.
1845 674 1970 737 Aut
2009 674 2359 737 intentione
2392 671 2442 736 A
2473 673 2569 735 vis
2602 694 2749 736 eum
2782 693 2906 737 non
2938 675 3275 757 exprimat.
3302 677 3519 759 Itaque
3548 676 3755 758 arguit
3784 675 3973 738 ratio-

861 768 1223 851 decipiendi
1260 788 1274 832 ε
1310 778 1380 832 ut
1420 790 1618 852 quum
1660 792 1810 834 vera
1851 773 2111 855 profert,
2144 782 2362 856 quate-

861 886 983 930 nus
1031 868 1190 931 falsa
1234 871 1660 934 commisceat.
1697 873 1843 936 Ideo
1883 873 2168 937 Christus
2212 892 2360 936 eum

862 1066 1175 1128 nuntiavit
1226 1067 1304 1128 de
1353 1086 1439 1130 se.
1485 1070 1712 1132 Paulus
1761 1088 2015 1152 quoque
2058 1071 2355 1152 spiritum

563 1180 836 1232 Aetnam-
862 1164 1278 1247 pythonicum
1311 1184 1461 1228 vera
1489 1168 1566 1230 de
1598 1168 1737 1249 ipso
1770 1169 2111 1243 dicentem,
2145 1170 2355 1249 ejecit.

860 1265 985 1326 Aut
1015 1264 1210 1325 simili
1241 1265 1454 1347 aliqua
1491 1267 1822 1347 pravitate,
1857 1268 2357 1339 circumstantia,

857 1370 968 1424 aut
999 1362 1024 1423 l'
1028 1362 1130 1425 ine
1161 1382 1479 1446 perverso.
1497 1365 1625 1427 Nec
1657 1384 1912 1427 causam
1944 1366 2138 1446 hujus
2172 1366 2360 1428 credo

858 1459 1148 1523 habitum
1183 1461 1462 1535 malitiae,
1499 1471 1568 1524 ut
1607 1463 1790 1525 multi
1834 1463 2056 1525 dicunt
2089 1480 2103 1525 t
2137 1463 2360 1545 quoni-

854 1578 955 1621 am
988 1559 1096 1620 ille
1127 1577 1250 1622 non
1285 1560 1618 1623 inclinaret
1647 1562 1722 1623 ad
1754 1580 1943 1623 omne
1973 1560 2357 1634 malum,sed

857 1666 1105 1720 tantum
1165 1658 1242 1720 ad
1299 1677 1494 1740 opera
1543 1659 1666 1722 sibi
1717 1660 1954 1723 similia
2001 1659 2354 1723 secundum

853 1757 1133 1837 speciem
1181 1758 1443 1838 peccati.

2470 791 2618 834 nem
2660 773 3118 855 praeinductam
3160 794 3352 856 quam
3382 775 3651 838 Thomas
3689 775 3971 855 assignat
4024 784 4245 841 panc:

2470 870 2916 934 obstinationis
2950 873 3210 947 diaboli,
3245 874 3562 947 videlicet,
3595 876 3763 956 quod
3804 875 3975 936 sicut

2471 969 2870 1051 impossibile
2910 980 3005 1033 est
3043 991 3080 1033 a
3119 972 3441 1035 voluntate
3482 972 3975 1035 immutabiliter

2468 1067 2827 1129 adhaerente
2868 1076 3041 1131 recto
3078 1067 3222 1142 fini,
3257 1070 3597 1151 procedere
3636 1088 3797 1152 opus
3832 1088 3975 1151 pra-

2470 1182 2661 1243 vum3
2694 1165 2785 1227 sic
2824 1167 3179 1229 econtrario
3218 1168 3617 1249 impossibile
3656 1176 3752 1230 est
3790 1188 3827 1230 a
3866 1186 3975 1230 vo-

2471 1264 2712 1326 luntate
2754 1264 3241 1329 immutabiliter
3268 1267 3627 1329 adhaerente
3668 1285 3865 1349 pravo
3896 1267 3977 1329 fi-

2470 1362 2560 1434 ni,
2614 1362 2956 1444 procedere
3001 1380 3164 1445 opus
3214 1363 3472 1425 bonum.
3523 1364 3753 1427 Contra
3800 1365 3976 1447 quod

2470 1460 2695 1540 objicit
2724 1460 2818 1522 sic
2851 1477 2865 1520 t
2899 1461 3035 1523 Non
3074 1470 3171 1523 est
3210 1462 3442 1544 aliquis
3484 1461 3635 1525 finis
3669 1481 3835 1525 unus
3868 1464 3980 1525 cui

2470 1576 2693 1620 omnes
2727 1557 2906 1621 malae
2933 1560 3293 1621 voluntates
3322 1560 3661 1634 adhaerent,
3682 1561 3847 1623 sicut
3880 1568 3983 1623 est

2471 1676 2637 1718 unus
2670 1656 2821 1719 sinis
2862 1657 2967 1719 cui
3006 1675 3227 1721 omnes
3269 1657 3451 1721 bonae
3481 1658 3840 1722 voluntates
3870 1660 3982 1721 ad-

2472 1755 2730 1817 haerent.
2765 1754 2983 1836 Neque
3012 1756 3186 1818 enim
3228 1764 3325 1819 est.
3352 1755 3608 1838 aliquod
3644 1776 3979 1819 summum

935 1856 1140 1929 Quum
1173 1874 1322 1937 ergo
1353 1856 1646 1919 relictum
1681 1857 1764 1919 sit
1792 1858 1850 1919 ei
1885 1856 2157 1919 liberum
2190 1855 2356 1918 arbi·
2393 1856 2440 1919 B
2475 1854 2711 1915 malum
2763 1853 2828 1915 in
2877 1872 3005 1934 quo
3057 1855 3237 1917 malae
3286 1855 3642 1917 voluntates
3686 1856 3981 1937 quietan-

854 1953 1072 2027 trium‚
1108 1960 1280 2036 patet
1328 1955 1497 2035 quod
1541 1954 1918 2036 impotentia
1959 1955 2080 2017 ista
2121 1955 2200 2017 ad
2251 1954 2358 2017 bo-

857 2072 1013 2114 num
1058 2071 1184 2115 non
1231 2054 1395 2115 tollit
1433 2053 1513 2116 ab
1555 2072 1631 2117 eo
1675 2054 2034 2116 libertatem
2082 2053 2351 2116 arbitrii.

856 2151 1163 2225 Quoniam
1226 2160 1435 2215 tamen
1499 2162 1832 2234 peccatum
1892 2153 2184 2215 vulnerat
2248 2173 2357 2215 na-

856 2250 1086 2313 turalia
1131 2259 1439 2333 quantum
1484 2254 1559 2314 ad
1603 2251 1965 2314 habilitates
2007 2270 2228 2313 eorum
2276 2251 2355 2313 ad

860 2348 1121 2423 bonum,
1175 2350 1413 2413 idcirco
1471 2370 1585 2433 per
1641 2349 2037 2413 immobilem
2099 2350 2357 2413 malitiae

855 2448 1146 2510 habitum
1191 2448 1449 2511 libertas
1491 2449 1736 2511 arbitrii
1787 2449 2060 2510 multum
2108 2448 2175 2509 in
2218 2448 2359 2530 ipso

855 2554 952 2608 est
982 2546 1299 2608 diminuta
1327 2556 1636 2628 quantum
1678 2548 1754 2609 ad
1786 2547 1850 2608 id
1884 2547 1947 2608 in
1980 2564 2106 2628 quo
2140 2546 2360 2626 praeci-

858 2660 982 2725 pue
1023 2642 1313 2705 consistit
1351 2642 1492 2723 ejus
1533 2642 1812 2714 libertas,
1848 2644 2016 2724 quod
2055 2649 2150 2704 est
2185 2642 2360 2704 habi-

859 2740 1000 2802 litas
1044 2741 1119 2803 ad
1165 2741 1426 2803 bonum.
1463 2740 1787 2803 Diminuta
1828 2750 1924 2803 est
1964 2749 2179 2802 autem
2230 2758 2358 2801 non

856 2857 972 2919 per
1019 2838 1298 2919 aliquam
1345 2838 1752 2911 ablationem,
1785 2839 1893 2901 sed
1940 2858 2054 2919 per
2097 2838 2359 2899 inclina-

857 2936 1096 2999 tionem
1141 2937 1218 2998 ad
1264 2938 1652 3019 oppositum,
1689 2956 1802 3019 per
1851 2936 2136 2998 habitum
2190 2935 2360 2997 mali-

2471 1960 2594 2025 tur,
2628 1952 2795 2014 sicut
2830 1961 2928 2014 est
2966 1953 3223 2035 aliquod
3264 1974 3589 2017 summum
3629 1954 3871 2017 bonum
3904 1956 3977 2017 in

2470 2069 2597 2133 quo
2635 2068 2857 2113 omnes
2901 2050 3083 2113 bonae
3118 2051 3478 2114 voluntates
3521 2053 3909 2115 concordant
3954 2071 3973 2115 ε

2466 2158 2531 2212 et
2561 2156 2771 2211 tamen
2805 2150 2925 2211 hoc
2958 2150 3115 2211 ratio
3146 2150 3255 2212 illa
3294 2151 3616 2232 supponit.
3653 2151 3972 2225 Secund0,

2468 2247 2619 2328 quia
2654 2265 2691 2307 a
2723 2247 3044 2309 voluntate
3083 2248 3441 2311 adhaerente
3481 2256 3655 2311 recto
3684 2248 3827 2321 sini,
3860 2268 3976 2331 po-

2469 2353 2590 2408 test
2636 2348 2980 2427 procedere
3021 2363 3183 2427 opus
3228 2360 3495 2428 pravum
3539 2348 3795 2428 quando
3840 2366 3975 2411 non

2469 2445 2741 2508 refer-tur
2781 2446 2859 2507 ad
2902 2445 3103 2509 finem
3148 2446 3367 2525 illum3
3409 2447 3707 2510 similiter
3746 2467 3824 2509 ex
3871 2466 3981 2509 vo·-

2470 2544 2711 2605 luntate
2760 2543 3120 2607 adhaerente
3164 2562 3359 2626 pravo
3402 2543 3545 2620 fini,
3579 2554 3789 2627 potest
3831 2564 3981 2627 pro-

2469 2643 2694 2704 cedere
2733 2660 2894 2724 opus
2936 2641 3177 2705 bonum
3218 2644 3388 2724 quod
3429 2661 3553 2706 non
3592 2644 3867 2707 refertur
3894 2645 3979 2707 ad

2472 2741 2653 2803 illum
2699 2740 2893 2803 finem
2933 2758 2946 2801 :
2986 2748 3057 2801 ut.
3096 2741 3499 2824 praestituens
3540 2741 3663 2803 sibi
3704 2742 3981 2805 delecta-

2469 2838 2708 2901 tionem
2766 2838 3188 2900 adulterinam
3250 2856 3365 2920 pro
3419 2837 3572 2913 fine,
3624 2839 3979 2922 eleemosy-

2470 2955 2617 2997 nam
2669 2943 2877 3018 potest
2930 2936 3219 2999 conferre
3272 2954 3400 2999 non
3461 2945 3722 3019 propter
3767 2938 3975 3001 finem

856 3036 982 3108 tiae,
1025 3043 1216 3117 atque
1262 3054 1376 3117 per
1421 3035 1861 3117 impotentiam
1909 3036 2180 3117 propriae
2229 3054 2358 3096 suae
2396 3036 2439 3099 C
2472 3034 2677 3109 illum,
2710 3042 2773 3097 et
2814 3033 2977 3097 bene
3020 3033 3190 3096 facit.
3228 3036 3369 3097 Haec
3414 3035 3767 3098 Durandus.

857 3141 1116 3196 naturae.
1151 3170 1232 3179 —
1261 3134 1404 3196 Haec
1445 3134 1792 3197 UdalricuS.

936 3233 1003 3293 In
1047 3232 1233 3312 cujus
1274 3232 1485 3294 verbis
1525 3232 1778 3295 videtur
1805 3232 2150 3294 obscurum
2189 3231 2357 3312 quod

855 3330 945 3392 ait
979 3346 992 3390 :
1025 3329 1153 3392 Nec
1198 3349 1452 3392 causam
1493 3330 1686 3410 hujus
1727 3331 1916 3392 credo
1955 3329 2215 3391 malitiae
2254 3329 2361 3391 ha-

855 3428 1086 3502 bitum,
1136 3436 1253 3489 etc.
1308 3428 1510 3501 Quum
1561 3428 1733 3489 enim
1784 3427 2040 3489 habitus
2089 3427 2357 3488 vitiosus

855 3528 934 3588 e'x
970 3526 1187 3588 multis
1221 3526 1403 3588 malis
1441 3526 1690 3587 actibus
1719 3532 2078 3606 generetur,
2112 3531 2359 3587 constat

855 3626 1176 3687 daemones
1219 3625 1432 3705 pravis
1481 3624 1729 3686 actibus
1775 3624 2012 3704 jugiter
2061 3624 2357 3685 insisten-

858 3731 972 3795 teS‚
1010 3722 1256 3785 vitiosis
1296 3722 1622 3784 habitibus
1666 3741 1804 3784 esse
1845 3721 2138 3803 repletos.
2180 3720 2358 3783 Udal-

859 3821 1029 3883 ricus
1093 3838 1347 3902 quoque
1411 3820 1476 3881 in
1534 3818 1748 3882 verbis
1809 3826 2106 3902 praetacta
2161 3818 2356 3881 verba

857 3918 1294 4001 sequentibus,
1331 3918 1562 3980 fatetur
1593 3917 1882 3980 habitum
1925 3917 2184 3979 malitiae
2218 3934 2356 3978 esse

857 4018 923 4079 in
956 4016 1133 4099 ipsis.
1169 4017 1342 4090 Quod
1375 4034 1524 4096 ergo
1553 4016 1642 4077 ait
1671 4015 2020 4089 UdalricuS,
2053 4015 2189 4077 Non
2224 4033 2356 4075 cre-

853 4116 936 4177 do
985 4134 1238 4177 causam
1294 4114 1488 4195 hujus
1539 4132 1676 4175 esse
1728 4113 2018 4174 habitum
2072 4112 2352 4185 malitiae,

2550 3133 2857 3206 Quocirca
2904 3132 3156 3195 videtur
3203 3133 3569 3207 dicendum,
3620 3136 3789 3215 quod
3841 3153 3971 3197 non

2466 3231 2675 3311 arguit
2704 3230 3077 3301 efficaciter,
3114 3230 3243 3293 imo
3280 3249 3399 3293 nec
3431 3240 3650 3294 contra
3684 3240 3971 3295 mentem

2468 3329 2527 3391 S.
2562 3328 2838 3402 Thomae,
2870 3337 2935 3390 et
2963 3328 3231 3391 aliorum
3276 3346 3550 3409 quorum
3591 3337 3688 3391 est
3718 3329 3971 3412 illapo-

2468 3427 2636 3499 sitio,
2672 3433 2846 3509 puta,
2867 3426 3131 3501 Alberti,
3164 3427 3351 3500 Petri,
3386 3427 3684 3497 Udalrici‚
3717 3428 3973 3491 Richar-

2466 3526 2550 3587 di.
2588 3525 2663 3585 Et
2707 3525 2850 3586 dico
2894 3525 2958 3586 in
3004 3524 3252 3606 primiS‚
3287 3526 3455 3606 quod
3500 3527 3795 3606 quamvis
3839 3546 3971 3589 non

2466 3624 2549 3685 sit
2603 3623 2860 3704 aliquod
2926 3624 3270 3705 positivum
3334 3642 3657 3686 summum
3724 3627 3967 3689 malum

2466 3722 2637 3803 quod
2677 3722 2760 3783 sit
2797 3721 3221 3783 essentialiter
3260 3721 3523 3795 malum,
3557 3742 3675 3785 nec
3709 3724 3973 3806 aliquod

2467 3819 2707 3881 bonum
2740 3826 3020 3881 creatum
3054 3819 3436 3901 simpliciter
3466 3822 3969 3883 contentativum

2469 3918 2699 3978 mentis
2748 3924 2973 3979 ereatae
3025 3934 3039 3978 :
3093 3923 3187 3978 est
3237 3925 3447 3979 tamen
3500 3918 3813 4000 privative
3862 3919 3975 3981 ali-

2469 4016 2636 4097 quod
2678 4034 3003 4076 summum
3046 4015 3312 4088 malum,
3347 4016 3645 4078 videlicet
3688 4018 3971 4080 carentia

2466 4112 2699 4176 divinae
2728 4112 3031 4191 visionis3
3063 4112 3361 4175 similiter
3388 4113 3771 4195 est-aliquod
3802 4134 3971 4177 sum·

856 4214 1156 4295 intelligit
1198 4213 1297 4275 vel
1347 4214 1425 4275 de
1477 4212 1695 4273 habitu
1745 4211 2001 4273 malitiae
2049 4211 2352 4291 generali,
2384 4217 2435 4279 D
2469 4230 2646 4274 mum
2700 4210 2939 4272 malum
2995 4210 3221 4292 culpae,
3274 4218 3345 4272 ut
3392 4211 3612 4273 odium
3667 4212 3821 4292 Dei3
3871 4222 3969 4275 est

855 4320 962 4376 aut
1002 4312 1284 4394 speciali.
1319 4311 1455 4374 Non
1495 4310 1796 4391 generali,
1831 4330 2029 4391 quum
2072 4308 2303 4371 subdat
2336 4327 2351 4371 t

855 4412 1163 4486 Quoniam
1199 4410 1305 4471 ille
1346 4428 1470 4471 non
1515 4409 1848 4471 inclinaret
1887 4409 1961 4470 ad
2003 4427 2193 4471 omne
2230 4427 2356 4469 ma-

855 4511 1012 4581 lum,
1073 4510 1183 4572 sed
1242 4516 1488 4571 tantum
1551 4509 1627 4570 ad
1687 4526 1878 4589 opera
1934 4507 2054 4569 sibi
2117 4508 2355 4569 similia

853 4610 1206 4672 secundum
1241 4608 1520 4690 speciem
1554 4608 1816 4689 peccati.
1852 4606 1978 4669 Nec
2018 4615 2221 4688 potest
2253 4626 2355 4668 ve-

853 4707 1095 4771 rificari
1142 4708 1220 4769 de
1270 4706 1492 4768 habitu
1553 4705 1810 4767 malitiae
1866 4706 2151 4787 speciali,
2205 4706 2355 4788 quia

853 4808 933 4871 ad
973 4806 1275 4888 specialia
1305 4805 1462 4867 vitia
1500 4822 1577 4865 ex
1617 4804 2004 4885 specialibus
2043 4804 2355 4867 inclinan-

853 4914 957 4967 tur
991 4904 1335 4967 habitibus.
1371 4904 1511 4985 Ipse
1552 4920 1806 4983 quoque
1838 4903 2162 4965 Udalricus
2200 4904 2355 4966 tales

853 5004 1109 5067 babitus
1158 5003 1222 5064 in
1276 5000 1672 5065 daemonibus
1732 5019 1967 5083 ponere
2020 5002 2085 5064 in
2141 5002 2356 5064 verbis

855 5102 1172 5186 praetactis
1216 5101 1486 5163 videtur.

924 5204 1228 5266 Fra-terea
1261 5200 1578 5263 Durandus
1610 5199 1777 5261 circa
1805 5200 1939 5261 haec
1971 5200 2190 5261 recitat
2219 5199 2363 5262 alio-

857 5320 1000 5369 rum
1036 5299 1405 5382 positiones,
1441 5297 1801 5383 specialiter
1831 5298 2107 5374 Thomae,
2142 5317 2361 5383 quam-

2468 4312 2618 4375 item
2652 4329 2978 4372 summum
3014 4309 3249 4371 malum
3285 4311 3553 4391 poenale.
3587 4348 3668 4357 —
3698 4313 3959 4387 RursuS,

2465 4412 2630 4473 sicut
2661 4411 2863 4472 honor
2892 4417 2956 4471 et
2983 4410 3184 4489 gloria
3215 4409 3322 4471 'Dei
3355 4417 3452 4472 est
3484 4411 3797 4491 generalis
3828 4414 3967 4495 qui·

2465 4510 2610 4571 dam
2640 4508 2794 4570 finis
2834 4508 3123 4569 omnium
3165 4508 3477 4571 bonorum
3510 4509 3858 4573 electorum
3890 4530 3965 4574 ac

2465 4607 2822 4679 Beatorum,
2856 4606 2943 4668 ita
2989 4613 3086 4667 est
3126 4606 3361 4687 aliquis
3403 4606 3559 4669 sinis
3602 4610 3967 4671 communis

2466 4706 2754 4767 omnium
2787 4722 3127 4786 pravorum
3170 4704 3583 4787 reproborum
3617 4713 3681 4768 et
3711 4707 3969 4769 damna-

2466 4812 2699 4877 torum,
2733 4811 2802 4864 ut
2845 4801 3012 4865 bono
3056 4803 3493 4865 commutabili
3540 4804 3829 4867 ultimate
3872 4807 3967 4868 in-

2467 4903 2724 4965 haerere.
2777 4901 2933 4964 Nam
2994 4910 3057 4963 et
3117 4900 3371 4963 Lucifer
3427 4918 3502 4964 ac
3556 4904 3765 4984 angeli
3822 4904 3967 4985 ejus

2466 5009 2772 5083 perpetuo
2801 5010 2864 5062 et
2894 5000 3375 5063 inavertibiliter
3402 5011 3652 5065 manent
3684 5002 3748 5065 in
3781 5022 3857 5066 ea
3883 5003 3971 5065 af-

2468 5100 2741 5162 fectione
2776 5100 2837 5161 in
2874 5119 3000 5180 qua
3029 5101 3107 5162 de
3147 5099 3308 5163 coelo
3347 5100 3535 5179 ejecti
3574 5110 3761 5181 sunt;
3794 5102 3969 5164 simi-

2472 5200 2615 5262 liter
2645 5200 2875 5261 animae
2907 5218 3115 5280 pravae
3156 5199 3221 5261 in
3255 5198 3365 5261 illo
3401 5199 3638 5261 affectu
3668 5200 3733 5262 in
3765 5220 3893 5283 quo
3930 5222 3969 5264 a

2470 5317 2735 5382 corpore
2767 5299 3215 5379 migraverunt.
3252 5299 3427 5373 Quod
3456 5299 3631 5363 enim
3664 5300 3727 5362 in
3761 5300 3965 5364 homi-
