4334 6242
513 965 528 1010 l
554 966 666 1010 Tim.

483 1032 547 1072 ¹6.

487 3427 559 3484 Cf.
579 3432 614 3472 ί.
625 3427 730 3480 xlx.

465 3506 512 3547 p.
536 3495 614 3535 252
629 3491 692 3536 D'.

773 467 893 535 514

1421 489 1485 535 IN
1527 485 1748 534 LIBRUM
1789 485 1834 533 11
1875 481 2356 532 SENTENTIARmt.
2403 503 2484 513 —
2524 481 2677 532 ntsT.
2722 483 2825 548 1x3
2869 483 3092 542 QnAEs'r.
3130 483 3239 532 vm

773 658 867 720 hil
907 658 1336 740 redigeretur3
1369 659 1470 721 vel
1509 657 1660 741 quia
1697 665 1793 720 est
1829 657 2119 740 quaedam
2161 656 2277 717 im·
2306 655 2357 718 A
2388 663 2749 718 removetur
2785 656 3017 738 triplex
3051 657 3315 720 maculae
3350 647 3663 738 genus‘ab
3692 675 3882 737 ange-

775 757 1146 830 mortalitaS,
1186 757 1248 818 id
1298 765 1391 818 est
1441 757 1808 820 omnimoda
1859 755 2274 817 immutabili-

773 864 890 931 taS,
925 855 1042 918 soli
1073 857 1202 918 Deo
1241 857 1428 938 plene
1457 855 1864 929 convenienS,
1895 855 2076 935 juxta
2116 854 2273 915 illud

688 979 745 1016 νι.
772 954 1055 1036 Apostoli
1082 971 1095 1015 :
1120 953 1236 1027 Qui
1267 953 1439 1017 solus
1474 953 1665 1017 habet
1707 953 2269 1015 immortalitatem.

775 1053 851 1114 Et
903 1053 1087 1114 istam
1139 1052 1476 1134 participat
1531 1053 1792 1133 angelus
1843 1070 1956 1133 per
2005 1050 2273 1132 gratiam

774 1158 1301 1224 consummatam,
1337 1151 1402 1212 id
1450 1159 1545 1212 est
1595 1170 1706 1232 per
1753 1149 2018 1230 gloriam
2065 1166 2078 1210 :
2124 1149 2275 1230 quia

773 1249 840 1311 in
894 1256 1202 1330 quantum
1261 1248 1389 1310 Deo
1449 1248 1746 1311 beatifice
1802 1247 2057 1320 fruitur,
2111 1265 2273 1308 nun-

771 1365 966 1428 quam
998 1353 1300 1418 mutatur,
1336 1346 1464 1407 imo
1499 1345 1737 1426 jugiter
1768 1345 1833 1406 in
1874 1345 2095 1406 eodem
2134 1362 2271 1425 per-

771 1451 986 1506 manet
1023 1451 1190 1516 actu,
1226 1450 1289 1506 et
1319 1443 1386 1504 in
1425 1443 1842 1524 dispositione
1883 1441 2273 1504 invariabili—

769 1549 867 1603 ter
895 1541 1043 1604 fixa.
1079 1542 1254 1604 Unde
1288 1541 1352 1602 in
1388 1540 1762 1602 definitione
1803 1540 2124 1620 praedicta,
2159 1558 2273 1620 per

767 1640 1034 1720 gratiam
1094 1639 1460 1720 designatur
1514 1648 1576 1700 et
1628 1639 1844 1719 gloria.
1899 1639 2040 1700 Haec
2091 1639 2271 1700 Alex-

767 1739 981 1801 ander.

2386 755 2465 818 lo.
2500 755 2655 817 Nam
2698 756 3031 836 speculum
3076 763 3283 837 potest
3325 756 3648 818 sordidum
3688 774 3829 818 esse
3864 773 3880 816 :

2386 854 2615 936 prim0,
2646 854 2795 935 quia
2826 853 2891 914 in
2922 873 2991 915 se
3024 854 3336 916 maculam
3370 853 3581 927 habet,
3604 854 3681 914 ad
3715 854 3886 936 quod

2386 953 2843 1015 removendum
2883 951 2963 1014 ab
3002 952 3249 1033 angelo,
3284 952 3518 1014 dicitur
3549 953 3885 1034 speculum

2387 1073 2421 1108 «
2462 1051 2943 1113 immaculatum
2976 1068 3049 1128 »3
3082 1051 3181 1112 vel
3225 1051 3377 1133 quia
3427 1051 3491 1112 in
3542 1070 3609 1112 se
3658 1050 3891 1132 recipit

2385 1149 2699 1210 maculam
2747 1149 2828 1211 ab
2875 1149 3234 1211 extrinseco
3278 1166 3291 1210 ε
3334 1157 3397 1210 et
3444 1149 3565 1211 hoc
3614 1149 3889 1230 duplici-

2383 1255 2496 1309 ter.
2532 1247 2761 1322 Primo,
2796 1248 2948 1329 quia
2978 1266 3075 1310 res
3107 1247 3360 1311 sordida
3389 1247 3760 1328 adjungitur
3790 1248 3849 1310 ei
3866 1265 3885 1325 3

2382 1347 2683 1420 secundo,
2718 1347 2869 1428 quia
2901 1346 2989 1408 rei
3021 1345 3289 1409 sordidae
3315 1345 3625 1427 jungitur.
3661 1347 3886 1408 Remo-

2382 1452 2565 1505 vetur
2604 1462 2753 1524 ergo
2790 1444 2871 1506 ab
2908 1444 3132 1525 angelo
3173 1453 3506 1525 peccatum
3550 1445 3881 1525 originale,

2381 1560 2583 1622 quum
2622 1542 2857 1603 dicitur
2891 1564 2926 1600 «
2958 1542 3437 1604 immaculatum
3472 1560 3541 1620 »3
3572 1550 3633 1604 et
3670 1551 3884 1605 actua-

2382 1638 2461 1712 le,
2508 1659 2709 1721 quum
2758 1641 2994 1702 dicitur
3038 1663 3071 1700 «
3117 1641 3688 1704 incontaminatum
3735 1663 3768 1699 »
3820 1649 3887 1704 et

2383 1759 2417 1796 «
2460 1739 3011 1821 incoinquinatum
3053 1761 3087 1798 2>
3124 1758 3138 1802 z
3173 1739 3326 1822 quia
3366 1740 3613 1802 actuale
3662 1759 3885 1822 pecca-

847 1837 1113 1918 lnsuper
1159 1836 1512 1898 Alexander
1563 1852 1888 1917 exponens
1945 1834 2268 1897 definitio·
2304 1835 2350 1898 B
2382 1844 2516 1897 tum
2568 1844 2775 1918 potest
2827 1857 2964 1899 esse
3008 1837 3072 1899 in
3120 1838 3333 1900 anima
3380 1845 3491 1899 aut
3541 1856 3620 1899 ex
3669 1845 3885 1900 conta-

768 1953 915 1997 nem
966 1935 1179 2015 magni
1223 1933 1506 2016 Dionysii
1549 1934 1627 1996 de
1672 1934 1895 2014 angelo
1943 1934 2263 2008 traditam,

767 2032 991 2095 scribit
1023 2049 1037 2094 ε
1067 2033 1332 2095 Sanctus
1364 2033 1701 2114 Dionysius
1732 2040 1957 2114 quarto
1987 2031 2267 2112 capitulo

767 2131 915 2192 libri
961 2131 1038 2192 de
1079 2131 1326 2192 Divinis
1370 2129 1762 2203 nominibuS,
1805 2128 2033 2191 definit
2077 2147 2264 2209 ange-

767 2229 924 2304 lum,
949 2229 1168 2292 dicens
1194 2247 1207 2290 :
1233 2227 1510 2309 Angelus
1539 2235 1636 2290 est
1667 2228 1874 2308 imago
1904 2227 2038 2300 Dei,
2071 2229 2269 2289 mani-

765 2326 1018 2390 festatio
1048 2327 1285 2389 occulti
1317 2326 1602 2400 luminis,
1635 2326 1971 2408 speculum
2007 2344 2261 2406 purum,

764 2425 1379 2508 splendidissimum,
1433 2424 1938 2498 immaculatum,
1987 2423 2267 2486 inconta-

763 2525 1098 2598 minatum,
1124 2523 1698 2605 incoinquinatum,
1722 2521 2037 2604 recipiens
2069 2529 2265 2584 totam

761 2623 844 2704 (si
883 2623 1130 2704 justum
1169 2630 1266 2684 est
1306 2622 1547 2700 dicere)
1585 2621 2054 2703 speciositatem
2101 2619 2263 2682 bene

762 2721 1048 2785 formatae
1100 2721 1569 2795 deiformitatiS,
1622 2729 1685 2783 et
1731 2739 1889 2802 pure
1937 2720 2263 2782 declarans

761 2819 828 2881 in
875 2839 940 2882 se
993 2819 1152 2902 ipso,
1187 2820 1353 2881 sicut
1403 2818 1706 2901 possibile
1760 2826 1877 2891 est,
1911 2817 2263 2880 bonitatem

759 2935 902 2998 quae
933 2917 996 2978 in
1028 2917 1261 2979 abditis
1292 2923 1406 2978 est.
1438 2952 1520 2961 —
1549 2916 1793 2977 Dicitur
1831 2917 2044 2996 itaque
2075 2933 2262 2995 ange-

2381 1936 2749 2010 minatione,
2812 1945 2921 1998 aut
2983 1956 3061 1999 ex
3124 1937 3662 2019 coinquinatione.
3734 1937 3881 2000 Haec

2376 2034 2746 2096 Alexander.

2444 2131 2885 2194 Bonaventura
2913 2149 3168 2215 quoque
3189 2149 3203 2194 ε
3222 2132 3635 2208 Describitur,
3652 2133 3879 2216 inquit,

2374 2230 2636 2310 angelus
2684 2249 2721 2292 a
2772 2231 3181 2304 Damasceno,
3239 2240 3546 2313 quantum
3603 2232 3679 2293 ad
3728 2231 3882 2293 sub-

2376 2327 2694 2400 stantiam,
2729 2335 3041 2411 quantum
3084 2330 3163 2391 ad
3208 2329 3533 2403 virtutem,
3568 2337 3882 2412 quantum

2376 2426 2453 2487 ad
2502 2427 2957 2508 operationem,
3003 2435 3063 2488 et
3113 2435 3424 2510 quantum
3473 2429 3553 2490 ad
3603 2429 3883 2492 duratio·

2377 2542 2544 2586 nem.
2582 2524 2946 2588 Substantia
2974 2526 3182 2606 angeli
3220 2527 3519 2607 tangitur,
3554 2547 3755 2610 quum
3788 2528 3882 2589 di-

2375 2623 2542 2684 citur
2579 2624 2747 2705 quod
2782 2646 2816 2683 <t
2846 2625 3108 2706 angelus
3149 2633 3244 2687 est
3282 2625 3637 2687 substantia
3677 2626 3883 2689 incor-

2374 2739 2565 2802 porea
2595 2743 2649 2784 ».
2676 2723 3010 2804 Quumque
3040 2723 3314 2798 additur,
3341 2745 3375 2782 «
3404 2723 3877 2798 intellectualiS,

2373 2839 2628 2902 semper
2660 2820 2937 2894 mobilis,
2971 2820 3235 2884 arbitrio
3276 2821 3474 2884 libera
3506 2845 3563 2895 J),
3598 2824 3883 2903 tangitur

2374 2918 2603 2999 triplex
2643 2919 2847 2980 virtus
2890 2919 3196 2999 angelica,
3230 2919 3498 2993 scilicet,
3533 2921 3877 3000 cognitiva,

760 3015 859 3076 lus
901 3015 1174 3095 «imago
1219 3015 1420 3087 Dei»,
1453 3021 1710 3076 extense
1760 3013 2071 3075 sumendo
2113 3013 2265 3074 ima·
2294 3019 2337 3082 C
2371 3015 2716 3096 operativa,
2780 3016 3157 3098 imperativa
3209 3034 3223 3078 :
3276 3018 3615 3096 cognitiva,
3673 3037 3879 3100 quum

757 3112 994 3194 ginem,
1032 3131 1146 3195 pro
1183 3131 1258 3175 eo
1299 3112 1469 3194 quod
1512 3119 1606 3173 est
1649 3110 1728 3172 ab
1768 3111 1914 3184 alio,
1947 3119 2010 3172 et
2050 3117 2146 3172 est
2185 3110 2263 3172 si-

761 3210 1058 3274 militudo
1089 3209 1637 3293 ipsiuS.(Qualiter
1665 3217 1879 3271 autem
1911 3209 2173 3289 angelus
2198 3216 2263 3270 et-

759 3309 975 3372 anima
1003 3309 1427 3371 diversimode
1467 3308 1760 3370 dicantur
1791 3307 2000 3386 imago
2031 3307 2163 3381 Dei,
2199 3314 2262 3368 et

761 3409 916 3490 quid
949 3408 1147 3488 magis
1179 3407 1456 3490 proprie,
1493 3407 1735 3468 dictum
1777 3412 1872 3467 est
1911 3423 2103 3486 super
2133 3405 2261 3487 pri-

763 3507 997 3586 mum.)
1022 3506 1116 3569 Ad
1146 3514 1360 3568 actum
1401 3505 1575 3568 enim
1622 3503 2018 3584 intelligendi
2064 3503 2261 3584 exigi-

759 3614 866 3667 tur
895 3604 1126 3687 primo,
1161 3605 1330 3686 quod
1371 3603 1453 3665 sit
1481 3602 1758 3665 essentia
1791 3603 2004 3683 aliqua
2036 3610 2261 3683 potens

763 3703 1116 3784 intelligere
1161 3720 1174 3764 :
1217 3710 1280 3764 et
1327 3709 1638 3783 quantum
1687 3701 1764 3762 ad
1814 3701 1955 3775 hoc,
1997 3700 2261 3780 angelus

761 3801 952 3864 habet
996 3801 1302 3862 rationem
1346 3799 1661 3879 imaginis,
1695 3799 2063 3880 Requiritur
2112 3815 2265 3879 quo-

761 3921 886 3984 que
930 3902 1170 3974 lumen,
1217 3917 1343 3982 quo
1391 3898 1688 3962 effective
1737 3897 2036 3978 intelligit
2083 3915 2096 3959 :
2145 3896 2264 3958 sic-

763 4019 887 4082 que
927 4000 1190 4079 angelus
1233 3998 1590 4080 appellatur
1621 4019 1654 4056 «
1688 3995 2115 4058 manifestatio
2157 4014 2263 4057 oc-

763 4097 917 4161 culti
951 4097 1211 4160 luminis
1229 4096 1590 4176 ».Exigitur
1621 4096 1773 4157 item
1805 4112 1932 4176 quo
1963 4094 2262 4174 intelligit

2371 3113 2625 3187 dicitur,
2652 3135 2687 3173 «
2718 3114 3167 3176 intellectualis
3196 3131 3267 3191 »3
3300 3117 3645 3196 operativa,
3673 3136 3877 3198 quum

2372 3210 2688 3286 subditur,
2716 3233 2749 3272 «
2780 3231 3033 3293 semper
3064 3213 3320 3276 mobilis
3354 3237 3409 3288 η,
3434 3214 3737 3296 quoniam
3767 3234 3881 3278 an-

2371 3309 2550 3389 gelus
2583 3318 2789 3392 potest
2819 3311 2957 3372 sine
3002 3311 3369 3392 fatigatione
3409 3312 3881 3376 incessabiliter

2373 3409 2661 3488 operari3
2704 3409 3102 3490 imperativa,
3149 3410 3301 3471 dum
3354 3411 3663 3491 sequitur,
3706 3435 3739 3470 «
3777 3432 3879 3474 ar-

2371 3504 2565 3567 bitrio
2596 3505 2797 3569 libera
2826 3529 2860 3565 »
2898 3524 2912 3568 :
2946 3526 3137 3588 quam
3170 3507 3473 3569 virtutem
3505 3509 3712 3589 angeli
3747 3529 3879 3574 non

2370 3611 2618 3684 oportet
2666 3605 2922 3667 realiter
2966 3605 3047 3667 ab
3089 3605 3232 3667 aliis
3282 3606 3600 3688 praedictis
3648 3608 3881 3671 distin-

2368 3702 2497 3781 gui.
2562 3702 2854 3783 Operatio
2916 3703 3217 3784 tangitur,
3283 3723 3482 3785 quum
3550 3704 3877 3781 subditur,

2372 3823 2405 3860 «
2446 3802 2575 3863 Deo
2625 3802 2994 3865 ministrans
3026 3821 3098 3880 »ς
3142 3804 3412 3878 duratio,
3456 3804 3609 3866 dum
3660 3806 3883 3869 subdi-

2370 3907 2494 3972 tur,
2532 3921 2565 3958 «
2597 3901 2798 3980 gratia
2829 3901 3372 3964 immortalitatem
3402 3903 3759 3984 suscipiens
3794 3927 3829 3964 ι)
3860 3924 3877 3967 :

2370 3997 2480 4058 ubi
2542 4016 2656 4079 per
2701 3998 2966 4078 gratiam
3030 4018 3155 4062 non
3218 3999 3595 4081 intelligitur
3641 4000 3881 4084 aliquis

2370 4095 2623 4158 habitus
2663 4097 2856 4177 gratis
2897 4097 3101 4171 dat-us,
3135 4098 3244 4159 sed
3286 4099 3559 4178 gratuita
3598 4098 3883 4163 influen-

762 4196 1134 4270 formaliter,
1158 4201 1378 4276 utpote
1409 4195 1655 4275 species
1686 4199 1940 4274 recepta
1968 4192 2048 4253 ab
2081 4192 2261 4253 intel·
2290 4201 2339 4261 D
2374 4194 2459 4254 tia
2500 4193 2632 4255 Dei.

763 4295 999 4376 ligente
1033 4311 1047 4356 z
1080 4301 1144 4355 et
1175 4301 1484 4375 quantum
1515 4292 1592 4353 ad
1624 4291 1764 4364 hoc,
1789 4290 2023 4354 dicitur
2054 4313 2088 4348 «
2119 4311 2259 4373 spe—

764 4392 983 4454 culum
1016 4414 1070 4452 ».
1107 4390 1650 4464 Quemadmodum
1691 4388 1861 4450 enim
1898 4388 1962 4449 in
1999 4390 2261 4470 speculo

763 4490 1162 4572 recipiuntur
1188 4497 1378 4570 atque
1418 4488 1726 4550 resultant
1764 4486 2008 4567 species
2047 4506 2258 4549 rerum

763 4588 1120 4662 sensibileS,
1155 4588 1242 4648 ita
1275 4587 1337 4649 in
1370 4586 1592 4667 angelo
1623 4585 1868 4667 species
1899 4585 2262 4666 intelligibi-

764 4687 875 4749 les.
929 4685 1046 4759 Qui
1095 4684 1330 4746 dicitur
1378 4684 1710 4764 speculum
1765 4683 2257 4758 lucidissimum,

763 4786 842 4848 ad
877 4784 1308 4848 differentiam
1349 4783 1593 4857 animae,
1629 4801 1770 4863 quae
1812 4789 1952 4862 post
1990 4782 2262 4862 origina-

765 4885 844 4947 lis
875 4883 1116 4967 peccati
1149 4881 1668 4954 contractionem,
1703 4888 1962 4962 propter
1991 4881 2265 4943 venialia

766 5002 881 5046 sua
911 4982 1186 5053 assidua,
1219 4980 1445 5042 saltem
1477 4979 1865 5060 quotidiana,
1899 4995 2026 5040 non
2057 4987 2265 5059 potest

768 5081 1240 5145 lucidissimum
1297 5077 1632 5160 speculum
1695 5076 2070 5158 nuncupari.
2131 5077 2264 5150 Quo

765 5189 984 5245 contra
1024 5179 1285 5260 angelus
1329 5177 1564 5239 dicitur
1606 5175 1940 5257 speculum
1992 5197 2024 5234 «
2057 5176 2266 5257 splen-

764 5279 1170 5344 didissimum
1213 5299 1268 5337 ».
1321 5276 1435 5338 Per
1481 5273 1812 5356 sequentia
1861 5289 2012 5337 vero
2071 5273 2267 5336 verba

2452 4292 2717 4353 Sanctus
2766 4299 2977 4353 autem
3023 4292 3361 4374 Dionysius
3412 4292 3636 4354 definit
3688 4312 3879 4374 ange-

2372 4391 2529 4463 lum,
2566 4406 2688 4451 non
2723 4390 2927 4453 solum
2972 4398 3279 4471 quantum
3320 4391 3399 4452 ad
3428 4409 3565 4452 esse
3606 4397 3875 4466 naturae,

2371 4488 2481 4550 sed
2510 4486 2701 4549 etiam
2736 4494 3045 4568 quantum
3086 4488 3164 4549 ad
3196 4487 3357 4549 bene
3392 4507 3550 4551 esse.
3586 4492 3731 4553 ldeo
3762 4489 3879 4554 no-

2370 4585 2655 4647 tificatur
2683 4585 2787 4646 hic
2827 4585 3089 4664 angelus
3132 4585 3195 4646 in
3228 4593 3535 4666 quantum
3581 4587 3768 4651 habet
3806 4590 3879 4652 in

2372 4703 2439 4746 se
2468 4684 2578 4745 Dei
2611 4683 2954 4764 imaginem
2986 4703 3099 4765 per
3130 4691 3441 4758 naturam,
3474 4695 3537 4748 et
3580 4687 3641 4749 in
3674 4707 3880 4770 quan-

2372 4790 2508 4844 tum
2540 4781 2730 4844 habet
2770 4781 3257 4844 similitudinem
3290 4784 3398 4845 Dei
3440 4804 3553 4866 per
3581 4786 3877 4866 gratiam,

2372 4887 2561 4961 atque
2593 4881 2658 4942 in
2692 4888 2993 4961 quantum
3029 4879 3218 4943 habet
3244 4881 3726 4948 deiformitatem
3760 4905 3883 4967 per

2372 4978 2659 5059 gloriam.
2696 4978 2874 5040 Ratio
2912 4986 3123 5040 autem
3162 4978 3457 5059 imaginis
3494 4983 3885 5062 exprimitur
3919 5010 3933 5024 ·

2374 5084 2683 5159 quantum
2733 5077 2809 5138 ad
2860 5077 3006 5150 du0,
3056 5076 3375 5150 videlicet,
3430 5087 3739 5159 quantum
3791 5083 3879 5144 ad

2376 5176 2534 5237 illud
2574 5176 2743 5257 quod
2784 5194 3038 5237 sursum
3078 5182 3196 5250 est,
3228 5182 3289 5236 et
3330 5184 3639 5257 quantum
3682 5180 3761 5241 ad
3808 5180 3881 5244 id

2376 5275 2547 5357 quod
2578 5274 2896 5337 deorsum.
2927 5273 3211 5336 Primum
3240 5273 3521 5355 tangitur
3550 5295 3751 5360 quum
3780 5279 3883 5344 di-
