4334 6242
824 448 941 513 186

1504 468 1567 515 m
1608 468 1829 515 unam!
1870 467 1914 512 11
1954 465 2437 513 SENTENTtARnu.
2481 483 2562 494 -
2602 467 2754 512 Dls'r.
2801 465 2910 529 1113
2952 466 3177 523 QUAEST.
3221 467 3242 510 1

902 640 1117 720 Itaque
1164 640 1435 702 Thomas
1472 656 1484 702 :
1518 639 1699 704 Circa
1744 639 1900 712 haec,
1948 637 2177 720 inquit,
2223 645 2320 699 est
2346 638 2397 699 A
2427 645 2543 712 teS‚
2579 657 2718 720 quae
2769 655 2894 700 non
2945 645 3211 719 possunt
3251 655 3390 700 esse
3433 635 3556 699 nisi
3609 635 3944 718 praeintel-

822 737 1056 820 triplex
1085 738 1322 819 opinio.
1348 739 1499 812 Una,
1523 739 1690 820 quod
1726 738 1789 799 in
1821 737 1994 800 omni
2030 737 2318 799 substan-

820 837 911 899 tia
941 845 1147 900 creata
1177 837 1424 899 exsistit
1454 837 1737 911 materia,
1770 844 1959 918 atque
1990 836 2159 918 quod
2189 853 2320 896 om-

822 935 1004 998 nium
1059 943 1156 997 est
1212 955 1338 997 una
1396 936 1675 998 materia.
1728 935 1924 1015 Cujus
1984 933 2319 1016 positionis

821 1041 1041 1096 auctor
1069 1035 1319 1096 videtur
1348 1035 1723 1106 Avicebron,
1751 1034 1861 1116 qui
1895 1033 2045 1096 fecit
2079 1032 2318 1094 librum

823 1132 1035 1195 Fontis
1079 1132 1223 1195 vitae
1267 1151 1279 1194 ε
1322 1151 1514 1215 quem
1560 1132 1743 1194 multi
1788 1139 2163 1213 sequuntur.
2214 1132 2318 1193 Se-

822 1231 1029 1292 cunda
1074 1238 1191 1305 est,
1224 1232 1394 1313 quod
1440 1232 1700 1293 materia
1741 1248 1867 1293 non
1911 1238 2007 1292 est
2056 1229 2119 1290 in
2170 1229 2318 1291 sub-

820 1330 1069 1392 stantiis
1102 1330 1511 1412 incorporeiS,
1544 1331 1655 1392 sed
1695 1330 1759 1392 in
1793 1329 1967 1392 omni
2004 1328 2316 1410 corporali

820 1427 1192 1502 substantia,
1226 1427 1417 1490 etiam
1462 1427 1674 1509 specie
1720 1446 1845 1489 una
1884 1445 1897 1489 :
1940 1434 2004 1488 et
2046 1427 2182 1488 haec
2224 1433 2320 1486 est

820 1526 1051 1607 positio
1088 1525 1445 1588 Avicennae.
1480 1526 1687 1589 Tertia
1727 1525 1956 1607 positio
1998 1531 2114 1598 est,
2150 1525 2319 1605 quod

820 1641 1085 1706 corpora
1112 1623 1397 1688 coelestia
1428 1632 1491 1686 et·
1527 1625 1841 1686 elementa
1871 1641 1997 1685 non
2035 1641 2318 1684 commu-

820 1725 1037 1785 nicant
1066 1724 1130 1785 in
1164 1724 1441 1786 materia.
1470 1723 1547 1785 Et.
1576 1725 1709 1786 haec
1740 1731 1836 1784 est
1865 1722 2084 1804 opinio
2116 1721 2317 1785 Rabbi

2427 737 2657 818 ligatur
2685 736 3262 818 divisibilitaS,quae
3291 735 3701 818 consequitur
3731 754 3948 817 quan-

2427 835 2696 909 titatem,
2747 854 2890 917 quae
2947 835 3082 897 sine
3144 834 3559 917 corporeitate
3619 852 3747 896 non
3807 841 3938 896 est.

2429 934 2603 996 Unde
2643 939 2890 1014 oportet
2928 931 3096 1015 quod
3129 941 3258 995 tota
3298 933 3560 994 materia
3599 931 3680 993 sit
3721 932 3948 993 forma

2429 1030 2866 1114 corporeitatis
2910 1033 3183 1095 vestita:
3220 1033 3361 1093 ideo
3402 1049 3592 1093 omne
3635 1030 3944 1112 incorpo-

2429 1150 2610 1192 reum
2655 1139 2900 1212 oportet
2943 1150 3081 1194 esse
3126 1131 3560 1194 immateriale.

2510 1231 2957 1293 Verumtamen
3009 1230 3536 1312 compositionem
3584 1229 3944 1311 quamdam

2430 1329 2496 1389 in
2544 1328 2769 1409 angelo
2823 1327 3139 1410 ponimus,
3192 1327 3433 1409 Nempe
3489 1328 3554 1390 in
3607 1326 3796 1390 rebus
3851 1347 3940 1389 ex

2433 1427 2694 1489 materia
2743 1435 2804 1488 et
2855 1425 3059 1488 forma
3106 1426 3498 1507 compositiS,
3535 1433 3757 1488 natura
3809 1427 3940 1500 rei,

2429 1545 2570 1607 quae
2603 1524 2920 1606 quidditas
2951 1525 3051 1587 vel
3083 1524 3356 1587 essentia
3384 1523 3640 1596 dicitur,
3671 1543 3749 1586 ex
3779 1541 3942 1586 con-

2427 1624 2758 1704 junctione-
2799 1622 3019 1685 formae
3057 1623 3134 1684 ad
3167 1622 3494 1684 materiam
3536 1622 3822 1696 resultat,
3865 1629 3943 1684 ut

2432 1721 2792 1782 humanitas
2821 1739 2897 1783 ex
2940 1721 3389 1800 conjunctione
3427 1721 3655 1782 animae
3692 1727 3752 1781 et
3786 1738 3941 1782 cor-

819 1822 1046 1903 Moysis
1091 1829 1281 1904 atque
1326 1823 1641 1894 AverroiS,
1687 1841 1827 1904 quae
1883 1829 1946 1883 et
1994 1821 2313 1883 Aristoteli
2356 1820 2403 1882 B
2433 1819 2622 1900 poris.
2688 1820 2774 1881 De
2838 1820 3080 1881 ratione
3144 1826 3356 1880 autem
3419 1818 3788 1900 quidditatis
3863 1819 3938 1880 in

822 1921 1021 2001 magis
1068 1922 1449 1984 concordare
1500 1920 1750 1983 videtur
1793 1939 1806 1981 ε
1853 1920 2088 1981 idcirco
2141 1918 2317 2000 eligi-

822 2039 965 2082 mus
1008 2039 1169 2094 eam,
1204 2019 1486 2082 dicentes
1534 2020 1703 2102 quod
1753 2019 2065 2101 quidquid
2108 2017 2191 2079 sit
2241 2018 2317 2078 de

820 2118 1215 2200 corporibuS‚
1248 2126 1459 2180 tamen
1510 2118 1571 2180 in
1616 2118 1858 2199 angelis
1901 2117 2079 2179 nullo
2131 2116 2318 2178 modo

820 2225 1029 2300 potest
1055 2236 1194 2280 esse
1228 2217 1660 2287 materiatum
1694 2216 1933 2278 ratione
1969 2215 2321 2277 intellectu-

817 2315 1072 2389 alitatis,
1115 2322 1251 2378 tum
1296 2316 1535 2378 ratione
1582 2313 2104 2396 incorporeitatis,
2141 2312 2316 2386 Quod

817 2415 988 2477 enim
1049 2415 1297 2476 nullum
1360 2413 1786 2476 intellectuale
1834 2412 1912 2474 sit
1966 2410 2313 2483 materiale,

817 2514 1241 2576 communiter
1297 2520 1515 2575 tenent
1573 2511 1957 2593 philosophi.
2022 2509 2181 2572 Nam
2239 2529 2316 2569 ex

817 2612 1346 2675 immaterialitate
1379 2609 1882 2673 intellectualitas
1914 2616 2147 2670 naturae
2179 2625 2320 2670 con-

817 2711 1097 2773 cluditur
1132 2728 1145 2771 :
1179 2711 1328 2792 quia
1368 2708 1633 2771 materia
1677 2707 1881 2789 prima
1922 2705 2153 2787 recipit
2197 2705 2317 2767 for-

817 2829 987 2872 mam
1018 2827 1143 2870 non
1185 2808 1249 2869 in
1288 2814 1597 2892 quantum
1627 2813 1723 2868 est
1763 2805 1967 2868 forma
2007 2803 2317 2885 simplici-

819 2918 933 2981 ter,
966 2908 1077 2969 sed
1122 2906 1185 2968 in
1229 2913 1538 2987 quantum
1583 2912 1675 2966 est
1718 2903 1873 2966 haec.
1910 2903 2068 2964 Hinc
2114 2902 2319 2964 forma

2429 1925 2738 1999 quantum
2787 1925 2883 1980 est
2933 1917 3274 1999 quidditaS,
3310 1934 3436 1979 non
3485 1923 3580 1978 est
3622 1917 3790 1998 quod
3847 1917 3939 1978 sit

2430 2016 2781 2097 composita
2841 2033 2855 2076 :
2918 2014 3070 2097 quia
3136 2034 3464 2097 nunquam
3530 2014 3940 2076 inveniretur

2430 2115 2701 2197 simplex
2751 2122 3010 2192 natura3
3061 2113 3227 2195 quod
3280 2113 3358 2174 ad
3411 2113 3622 2175 minus
3671 2114 3746 2174 de
3793 2114 3938 2176 Deo

2429 2220 2524 2274 est
2555 2212 2806 2275 falsum.
2825 2212 2951 2275 Nec
2980 2219 3076 2274 est
3105 2212 3181 2273 de
3213 2211 3453 2274 ratione
3486 2219 3725 2274 naturae
3752 2213 3940 2293 quod

2429 2313 2510 2373 sit
2540 2312 2833 2392 simplex,
2868 2330 3064 2393 quum
3100 2311 3385 2393 quaedam
3428 2311 3511 2372 sit
3548 2311 3934 2392 composita,

2427 2411 2593 2472 sicut
2650 2410 3029 2471 humanitas,
3089 2410 3240 2472 Esse
3298 2417 3510 2471 autem
3569 2409 3936 2471 secundum

2427 2509 2594 2591 quod
2629 2527 2726 2570 res
2759 2507 2992 2569 dicitur
3021 2525 3158 2569 esse
3199 2509 3263 2570 in
3295 2516 3462 2582 actu,
3498 2507 3937 2570 diversimode

2427 2607 2616 2670 babet
2649 2626 2714 2669 se
2745 2607 2822 2668 ad
2863 2606 3142 2669 diversas
3181 2614 3437 2668 naturas
3467 2627 3578 2670 seu
3611 2607 3940 2689 quiddita-

2428 2715 2540 2768 tes.
2576 2706 2871 2779 Quaedam
2913 2723 3188 2786 namque
3228 2711 3453 2766 natura
3489 2713 3584 2767 est
3623 2706 3700 2767 de
3735 2705 3938 2785 cujus

2429 2804 2754 2866 intellectu
2801 2821 2928 2864 non
2969 2810 3064 2864 est
3107 2821 3292 2863 suum
3339 2821 3498 2876 esse,
3547 2803 3697 2884 quia
3738 2803 3936 2866 intel-

2429 2902 2538 2984 ligi
2589 2908 2795 2984 potest
2845 2901 3188 2982 ignorando
3237 2920 3316 2963 an
3365 2900 3470 2974 sit,
3518 2908 3586 2961 ut
3634 2901 3932 2982 phoenix.

816 3007 1125 3069 exsistens
1167 3005 1231 3066 in
1276 3003 1558 3076 materia,
1591 3021 1718 3064 non
1762 3010 1856 3064 est
1893 3000 2316 3081 intelligibilis
2353 3001 2397 3064 C
2428 3000 2566 3063 Alia
2597 3007 2820 3061 natura
2858 3007 2953 3061 est
2984 3000 3060 3060 de
3101 2999 3285 3079 cujus
3325 2999 3568 3062 ratione
3607 3006 3702 3062 est
3732 3019 3936 3062 suum

818 3105 940 3167 nisi
982 3104 1047 3166 in
1091 3103 1373 3185 potentia
1406 3119 1419 3163 :
1452 3102 1605 3182 quia
1642 3100 1922 3182 cognitio
1960 3106 2057 3161 est
2095 3099 2316 3161 formae

817 3203 883 3264 in
923 3210 1231 3284 quantum
1271 3208 1368 3263 est
1409 3199 1632 3262 forma.
1666 3199 1909 3261 Idcirco
1954 3197 2314 3259 intellectus

815 3299 1056 3364 habens
1096 3300 1423 3362 materiam
1465 3315 1589 3360 non
1636 3304 1848 3379 posset
1885 3315 2000 3378 per
2042 3295 2314 3356 formam

816 3419 995 3462 suam
1046 3398 1419 3478 intelligere,
1454 3415 1571 3458 nec
1616 3396 1820 3458 forma
1861 3414 1975 3456 sua
2016 3400 2179 3455 esset
2226 3394 2317 3454 in-

817 3498 1067 3560 tellecta
1097 3497 1219 3558 nisi
1252 3496 1317 3558 in
1352 3495 1649 3578 potentia.
1678 3493 1875 3574 Cujus
1908 3493 2161 3572 signum
2195 3498 2310 3564 est,

816 3597 981 3680 quod
1012 3596 1213 3658 forma
1244 3594 1579 3656 materialis
1611 3610 1733 3655 non
1765 3599 1860 3654 est
1891 3589 2314 3670 intelligibilis

817 3695 939 3757 nisi
984 3693 1382 3756 abstrahatur
1418 3711 1453 3754 a
1498 3689 1972 3754 conditionibus
2012 3687 2316 3769 appendi-

816 3793 1062 3874 ciisque
1098 3791 1377 3853 materiae
1401 3807 1415 3850 z
1438 3789 1656 3870 sicque
1690 3786 1978 3849 efficitur
2006 3783 2314 3867 perfectio

816 3891 1177 3954 intellectus
1205 3889 1263 3951 ei
1304 3887 1794 3970 proportionata.
1833 3885 1907 3947 Et
1949 3885 2069 3946 ista
2099 3902 2313 3945 neces-

815 3992 966 4054 sitas
1019 3986 1423 4050 abstrahendi
1478 4002 1606 4047 non
1663 3983 2075 4065 consequitur
2124 3988 2316 4043 mate-

816 4090 977 4152 riam
1017 4108 1095 4150 ex
1136 4093 1311 4169 parte
1350 4084 1623 4164 alicujus
1666 4082 1906 4154 formae,
1940 4100 2141 4162 quum
2183 4097 2314 4141 om-

2427 3119 2588 3173 esse,
2625 3099 2752 3160 imo
2786 3097 2921 3179 ipsa
2950 3104 3046 3159 est
3075 3116 3261 3158 suum
3293 3116 3450 3160 esse.
3482 3097 3754 3178 Taleque
3782 3117 3938 3161 esse

2428 3215 2555 3260 non
2605 3203 2812 3278 potest
2858 3215 2996 3258 esse
3048 3195 3431 3276 acquisitum
3485 3214 3498 3257 :
3550 3195 3702 3277 quia
3753 3198 3938 3277 quod

2427 3315 2526 3357 res
2568 3294 2758 3357 habet
2800 3315 2877 3356 ex
2922 3313 3036 3356 sua
3076 3293 3450 3375 quidditate‚
3483 3293 3674 3356 habet
3713 3313 3791 3357 ex
3831 3315 3932 3358 se.

2427 3396 2614 3457 Porro
2663 3411 2852 3455 omne
2902 3392 3071 3475 quod
3119 3399 3213 3453 est
3263 3392 3420 3453 citra
3467 3393 3690 3467 Deum,
3737 3393 3942 3456 habet

2429 3512 2565 3556 esse
2608 3491 2994 3574 acquisitum
3033 3490 3113 3552 ab
3163 3490 3289 3552 alio
3337 3508 3351 3552 :
3398 3490 3636 3552 idcirco
3682 3491 3744 3552 in
3790 3493 3940 3555 solo

2428 3592 2556 3654 Deo
2588 3610 2774 3653 suum
2807 3609 2944 3652 esse
2975 3595 3072 3650 est
3101 3609 3214 3650 sua
3244 3588 3534 3651 essentia.
3571 3589 3690 3651 Sed
3723 3609 3938 3671 quum

2429 3689 2748 3771 quidditas
2781 3706 2920 3768 quae
2951 3687 3236 3768 sequitur
3267 3686 3792 3767 compositionem
3825 3688 3940 3750 de-

2431 3788 2700 3868 pendeat
2738 3805 2814 3847 ex
2848 3784 3155 3866 partibuS‚
3189 3791 3436 3865 oportet
3466 3786 3632 3866 quod
3675 3803 3802 3847 non
3841 3785 3936 3847 sit

2429 3885 2783 3947 subsistens
2832 3883 2897 3945 in
2951 3902 3090 3945 esse
3138 3882 3309 3964 quod
3367 3881 3490 3944 sihi
3546 3883 3931 3964 acquiritur,

2429 3985 2538 4046 sed
2571 3983 2782 4064 ipsum
2813 3980 3262 4063 compositum,
3292 3981 3462 4061 quod
3493 3989 3753 4043 vocatur
3781 4001 3937 4065 sup-

2428 4083 2708 4164 positum
2735 4099 2750 4143 t
2777 4081 2919 4143 ideo
2949 4079 3270 4161 quidditas
3301 4080 3636 4160 compositi
3671 4099 3797 4143 non
3825 4090 3934 4145 est

818 4189 916 4250 nis
977 4187 1179 4248 forma
1241 4203 1355 4265 per
1410 4181 1898 4244 abstractionem
1957 4199 1994 4241 a
2053 4177 2317 4240 materia
2347 4177 2395 4238 D
2429 4181 2641 4261 ipsum
2686 4179 2856 4261 quod
2898 4186 3015 4251 est,
3050 4178 3159 4239 sed
3204 4184 3298 4239 est
3341 4178 3461 4239 hoc
3509 4196 3637 4259 quo
3682 4179 3934 4261 aliquid

819 4283 1243 4365 intelligibilis
1273 4282 1425 4359 fiat3
1458 4281 1568 4343 sed
1598 4278 2011 4359 consequitur
2040 4295 2181 4338 eam
2221 4295 2315 4336 se·

820 4384 1100 4447 cundum
1145 4401 1233 4454 se,
1266 4380 1400 4442 sive
1444 4379 1527 4440 sit
1568 4377 1689 4439 sub
1734 4376 1937 4438 forma
1976 4373 2312 4456 corporali,

819 4480 953 4542 sive
998 4477 1333 4560 spirituali.
1367 4511 1447 4520 ——
1477 4475 1787 4548 Secundo,
1821 4473 2063 4534 ratione
2110 4471 2314 4532 incor-

821 4577 1166 4661 poreitatis,
1201 4576 1407 4649 Quum
1438 4573 1609 4636 enim
1645 4572 1754 4632 uni
1796 4570 2182 4652 perfectibili
2215 4571 2318 4637 de-

820 4678 1045 4740 beatur
1075 4695 1199 4738 una
1237 4672 1563 4756 perfecti0‚
1597 4680 1659 4733 et
1700 4671 1761 4732 in
1807 4669 2070 4731 materia
2111 4669 2318 4750 prima

820 4796 946 4841 non
978 4777 1061 4838 sit
1092 4774 1222 4837 ulla
1250 4772 1603 4843 diversitaS,
1633 4776 1880 4851 oportet
1909 4769 2078 4849 quod
2108 4767 2318 4830 omnis

821 4877 1026 4939 forma
1070 4881 1217 4936 ante
1266 4889 1459 4953 quam
1508 4887 1635 4931 non
1682 4874 1889 4950 potest
1939 4867 2003 4928 in
2057 4866 2320 4928 materia

819 4994 959 5038 esse
1004 4990 1209 5054 neque
1260 4967 1531 5048 intelligi
1577 4966 1707 5028 ulla
1755 4965 2109 5039 diversitaS,
2144 4964 2318 5026 inve-

821 5075 969 5138 stiat
1016 5089 1158 5133 eam
1208 5077 1423 5130 totam.
1470 5066 1591 5128 Sed
1640 5072 1786 5126 ante
1834 5063 2320 5145 corporeitatem

823 5191 951 5235 non
996 5176 1203 5253 potest
1246 5167 1311 5229 in
1357 5163 1621 5227 materia
1669 5161 1939 5243 intelligi
1988 5160 2322 5223 diversitas

826 5270 1038 5351 aliqua
1072 5284 1087 5329 ε
1121 5265 1269 5349 quia
1318 5261 1652 5327 diversitas
1702 5258 2139 5344 praesupponit
2188 5277 2326 5339 par-

2427 4285 2543 4352 est,
2579 4278 2742 4340 sicut
2783 4275 3178 4337 humanitate
3218 4283 3315 4337 est
3357 4275 3564 4338 homo,
3601 4275 3934 4349 Quidditas

2426 4394 2578 4438 vero
2619 4374 2890 4456 simplex
2932 4392 3128 4455 quum
3173 4390 3300 4434 non
3342 4372 3646 4435 fundetur
3683 4374 3748 4436 in
3783 4394 3932 4457 par-

2429 4474 2622 4546 tibus,
2657 4471 2948 4534 subsistit
2981 4471 3044 4533 in
3085 4489 3222 4532 esse
3253 4471 3422 4552 quod
3462 4471 3520 4532 ei
3551 4489 3588 4534 a
3625 4472 3751 4534 Deo
3780 4491 3936 4536 con-

2429 4570 2648 4633 fertur.
2674 4571 2833 4632 Hinc
2864 4569 3185 4651 quidditas
3215 4568 3422 4650 angeli
3453 4577 3550 4630 est
3579 4571 3745 4651 quod
3778 4571 3934 4634 sub-

2429 4669 2617 4741 sistit,
2660 4675 2722 4730 et
2766 4687 2904 4730 esse
2949 4686 3136 4728 suum
3189 4673 3284 4728 est
3333 4685 3461 4748 quo
3507 4675 3605 4730 est
3647 4685 3659 4729 ε
3704 4668 3932 4750 sicque

2428 4766 2690 4848 angelus
2729 4765 2930 4828 fertur
2972 4765 3364 4846 compositus
3407 4783 3484 4826 ex
3523 4769 3696 4844 quod
3733 4777 3824 4827 est
3863 4777 3934 4830 et

2431 4886 2554 4944 quo
2586 4874 2702 4934 est,
2735 4883 2844 4926 seu
2877 4883 2954 4924 ex
2993 4861 3267 4924 essentia
3297 4869 3360 4924 et
3396 4881 3553 4924 esse.
3589 4864 3830 4927 Idcirco
3858 4865 3932 4929 in

2432 4962 2595 5024 libro
2636 4963 2713 5023 de
2744 4961 2963 5024 Causis
3002 4959 3326 5034 asseritur,
3359 4961 3528 5042 quod
3570 4961 3935 5043 intelligen-

2432 5061 2521 5122 tia
2559 5077 2685 5122 non
2725 5067 2820 5122 est
2860 5077 2998 5120 esse
3040 5065 3306 5130 tantum,
3341 5066 3412 5119 ut.
3449 5077 3639 5121 causa
3677 5060 3931 5142 prima3

2432 5158 2544 5220 sed
2574 5165 2668 5220 cst
2699 5157 2766 5218 in
2797 5176 2872 5218 ea
2901 5175 3060 5228 esse,
3093 5164 3157 5217 ct
3189 5155 3413 5229 forma,
3447 5176 3590 5238 quae
3619 5165 3716 5220 est
3742 5158 3936 5240 quid-

2435 5256 2598 5318 ditas
2643 5273 2773 5317 sua.
2809 5254 3144 5334 Quumque
3190 5270 3378 5315 omne
3421 5273 3535 5317 ens
3577 5255 3660 5316 sit
3702 5255 3768 5318 in
3816 5274 3932 5339 po-
