4334 6242
851 433 972 500 448

1520 455 1585 501 m
1624 454 1847 501 Lunum
1886 454 1930 500 11
1972 454 2455 502 smnmtanuu.
2501 473 2582 484 —
2622 456 2775 502 msT.
2812 456 2961 519 vm3
3004 455 3229 512 QUAEST.
3277 457 3298 503 1

856 642 958 686 me
1012 630 1218 705 potest
1268 643 1304 686 a
1355 624 1583 707 spiritu
1637 624 1746 687 illo
1805 625 2070 698 moveri,
2121 643 2199 687 ex
2246 644 2357 687 ve·
2386 624 2437 689 A
2467 624 2856 706 Augustinus
2886 644 3078 707 quam
3108 624 3483 687 BernarduS.
3518 622 3638 686 Sed
3669 639 3840 685 nunc
3872 639 3973 682 sa-

854 722 1138 785 hementi
1187 741 1452 785 excessu
1500 723 1756 785 virtutis
1807 723 2121 787 moventis
2165 742 2359 806 super

855 821 1068 903 ipsum
1119 820 1374 884 mobile.
1414 821 1560 886 Haec
1607 821 1974 885 Richardus.
2019 858 2100 868 -
2134 821 2357 884 Praeta-

855 926 1101 982 ctorum
1146 938 1298 983 vero
1341 921 1673 984 doctorum
1718 919 1971 1002 positi0,
2004 919 2355 982 dicentium

854 1035 1085 1100 corpus
1117 1019 1275 1080 illud
1315 1037 1454 1081 esse
1494 1019 1762 1093 aerium,
1796 1026 1859 1080 et
1898 1037 2024 1082 non
2057 1018 2353 1092 mixtum,

774 1192 776 1195 Ι
852 1115 1288 1179 rationabilior
1329 1125 1678 1199 reputatur.

931 1215 1198 1297 Insuper
1241 1215 1469 1297 quaerit
1516 1215 1622 1277 bic
1671 1215 1910 1290 doctor,
1961 1233 2041 1278 an
2092 1232 2357 1296 corpora

851 1332 993 1395 quae
1023 1313 1340 1376 daemones
1371 1321 1727 1388 assumunt,
1760 1314 1888 1376 sint
1928 1312 2355 1396 perfectibilia

851 1429 964 1474 seu
1006 1410 1440 1474 informabilia
1467 1411 1548 1474 ab
1581 1413 1796 1474 anima
1835 1411 2245 1474 intellectiva.
2279 1411 2356 1473 Et

851 1511 1192 1592 respondet
1238 1511 1408 1593 quod
1457 1529 1584 1574 non
1621 1528 1634 1573 :
1669 1511 1820 1593 quia
1867 1512 2187 1574 daemones
2232 1509 2355 1572 for-

853 1628 1027 1672 mare
1070 1628 1198 1673 non
1243 1609 1452 1672 valent
1497 1628 1762 1692 corpora
1807 1608 2235 1692 perfectibilia
2273 1609 2354 1671 ab

851 1708 1066 1772 anima
1094 1708 1504 1784 intellectiva,
1537 1727 1654 1772 nec
1694 1709 2062 1771 immediate
2096 1707 2353 1790 propria

2467 723 2549 785 tis
2590 723 3121 786 certitudinaliter
3162 730 3433 796 tenetur,
3474 730 3535 798 et
3574 720 3869 802 Magister
3906 727 3974 780 et

2466 821 2817 884 Richardus
2873 822 2951 884 de
3005 823 3063 886 S.
3107 823 3359 886 Victore
3405 820 3756 893 affirmant,
3797 817 3973 900 quod

2467 920 2675 1001 angeli
2734 929 2883 982 sunt
2941 920 3320 1003 incorporei.
3380 920 3833 982 Verumtamen
3893 916 3974 978 de

2467 1019 2588 1080 hoc
2619 1017 2836 1100 plures
2876 1018 3191 1092 dubitant,
3224 1037 3303 1080 an
3335 1018 3656 1081 daemones
3690 1015 3975 1078 habeant

2468 1134 2733 1199 corpora
2762 1117 2887 1179 sibi
2919 1116 3431 1200 inseparabiliter
3458 1115 3728 1196 alligata,
3742 1113 3809 1176 in
3842 1113 3976 1195 qui-

2467 1215 2589 1279 bus
2646 1224 3078 1299 torqueantur.
3133 1216 3253 1280 Sed
3312 1214 3576 1298 planum
3634 1222 3733 1277 est
3786 1212 3967 1287 satiS,

2468 1316 2636 1397 quod
2695 1316 2860 1378 sicut
2907 1315 3117 1396 angeli
3171 1314 3325 1378 boni
3374 1332 3502 1377 non
3548 1311 3786 1375 habent
3834 1329 3971 1374 cor-

2466 1433 2622 1497 pora
2682 1415 2808 1478 nisi
2866 1415 3223 1478 voluntarie
3283 1420 3632 1495 assumpta,
3696 1411 3785 1473 ita
3844 1428 3969 1472 nec

2465 1515 2804 1577 daemoneS.
2863 1514 3059 1595 Cujus
3115 1513 3371 1594 signum
3430 1519 3546 1586 est,
3608 1510 3967 1573 secundum

2463 1612 2867 1688 Richardum,
2882 1614 3051 1696 quod
3084 1631 3315 1695 corpus
3347 1611 3655 1694 pusillum
3685 1610 3971 1691 aliquan-

2463 1712 2545 1775 do
2587 1712 2915 1775 obsidetur
2957 1713 3236 1776 maxima
3279 1710 3689 1774 multitudine
3730 1709 3964 1772 daemo-

597 1837 643 1878 ρ.
668 1824 824 1876 uox,
853 1826 966 1870 sua
997 1809 1232 1870 virtute
1266 1825 1280 1870 :
1314 1808 1466 1890 quia
1495 1816 1564 1870 ut
1603 1808 1845 1870 dictum
1880 1815 1996 1882 est,
2030 1826 2146 1889 per
2173 1807 2349 1869 illam
2387 1815 2436 1879 Β
2465 1831 2643 1886 num,
2677 1811 3215 1894 quemadmodum
3251 1810 3317 1873 in
3349 1809 3693 1890 Evangelio
3730 1807 3965 1889 legitur

559 1886 714 1931 “⁴⁰²
852 1923 980 1968 non
1011 1915 1279 1988 possunt
1306 1914 1729 1969 transmutare
1766 1906 2096 1968 materiam
2135 1906 2213 1969 ad
2243 1905 2354 1967 ali-

852 2024 1044 2088 quam
1089 2006 1360 2068 formam
1399 2005 1918 2084 substantialem3
1951 2006 2061 2067 sed
2107 2004 2173 2067 in
2222 2024 2355 2067 cor-

851 2103 1116 2186 poribus
1165 2102 1674 2186 perfectibilibus
1723 2103 1803 2165 ab
1851 2104 2064 2166 anima
2111 2103 2355 2166 intelle-

852 2204 1358 2286 ctiva,praecedit
1385 2205 1606 2267 ordine
1637 2212 1876 2268 naturae
1905 2203 2119 2287 aliqua
2147 2203 2353 2266 forma

852 2302 1288 2365 substantialis
1349 2304 1629 2365 animam
1689 2302 2164 2366 intellectivam.
2222 2303 2353 2366 Nec

851 2409 1119 2482 possunt
1170 2401 1291 2464 hoc
1345 2401 1662 2464 mediante
1711 2420 1901 2484 opere
1960 2409 2223 2476 naturae,
2274 2419 2351 2464 eo

852 2501 1041 2562 modo
1071 2517 1198 2582 quo
1229 2519 1412 2562 ranas
1442 2501 1879 2583 produxerunt
1907 2508 1970 2562 et
1999 2509 2347 2583 serpentes,

850 2598 1092 2681 Corpus
1141 2600 1382 2682 quippe
1425 2598 1826 2681 perfectibile
1873 2599 1954 2661 ab
2001 2599 2215 2661 anima
2257 2599 2352 2661 in-

846 2697 1188 2771 tellectiva,
1239 2716 1368 2760 non
1417 2705 1511 2760 est
1561 2696 1958 2779 producibile
2018 2716 2132 2779 per
2182 2697 2350 2759 viam

849 2795 1333 2877 putrefactionis
1355 2813 1369 2856 :
1391 2796 1519 2858 imo
1550 2795 1628 2857 ad
1657 2795 1799 2876 ejus
1829 2795 2184 2856 naturalem
2217 2812 2355 2877 pro-

846 2893 1213 2956 ductionem
1255 2894 1603 2975 requiritur
1643 2912 1790 2956 cum
1831 2893 2066 2956 virtute
2107 2893 2351 2956 coelesti

2463 1910 2629 1992 legio
2658 1911 3019 1974 daemonum
3050 1910 3247 1972 fuisse
3279 1910 3345 1972 in
3376 1908 3635 1972 homine
3666 1925 3808 1970 uno.
3824 1907 3963 1970 Duo
3990 1927 4227 1978 Mamm.

2462 2017 2675 2071 autem
2726 2027 2991 2092 corpora
3045 2015 3373 2090 nequeunt
3421 2006 3615 2070 simul
3669 2024 3847 2087 esse3
3895 2013 3959 2068 et

2463 2107 2514 2170 si
2566 2107 2885 2170 daemones
2931 2115 3145 2171 essent
3193 2106 3503 2189 corporei,
3548 2106 3804 2168 deceret
3848 2123 3958 2168 eos

2463 2207 2781 2288 quantitas
2844 2206 2997 2268 satis
3060 2224 3305 2287 magna.
3364 2205 3526 2267 Hinc
3585 2204 3955 2278 dicendum,

2463 2305 2634 2386 quod
2675 2324 2794 2368 nec
2834 2322 3101 2387 corpora
3141 2303 3263 2366 sibi
3308 2302 3819 2386 inseparabiliter
3856 2302 3962 2364 ha-

2462 2401 2653 2465 beant
2704 2404 3064 2485 conjuncta.
3115 2402 3242 2465 Nec
3302 2402 3553 2485 punitio
3609 2419 3834 2464 eorum
3880 2399 3961 2462 ab

2464 2501 2608 2581 igne
2657 2501 2853 2582 exigit
2904 2501 3187 2584 eorporis
3237 2500 3691 2582 alligationem,
3736 2507 3808 2562 ut
3856 2518 3965 2582 pa-

2462 2599 2623 2662 tebit
2667 2601 2733 2662 in
2779 2607 3023 2682 quarto.
3058 2636 3138 2646 —
3168 2599 3506 2681 Gregorius
3548 2617 3700 2662 vero
3742 2598 3964 2661 dicens

2463 2699 2529 2760 in
2559 2699 2846 2775 homilia,
2880 2700 3050 2782 quod
3080 2699 3343 2780 angelus
3372 2697 3677 2761 rationale
3706 2705 3805 2760 est
3832 2697 3966 2759 ani-

2463 2797 2612 2871 mal,
2648 2798 2947 2878 intelligit
2988 2797 3109 2861 hoc
3152 2815 3279 2860 non
3326 2803 3634 2879 quantum
3680 2795 3759 2857 ad
3806 2793 3967 2858 veri-

2462 2903 2655 2959 tatem
2718 2903 2979 2970 naturae,
3036 2896 3145 2958 sed
3204 2896 3412 2978 quoad
3472 2893 3965 2958 similitudinem

846 2991 1052 3054 virtus
1080 3000 1143 3055 et
1183 2991 1521 3054 influentia
1558 2993 1802 3073 agentis
1841 2990 2072 3054 similis
2112 2991 2179 3053 in
2216 3010 2354 3074 spe·
2386 2993 2430 3057 C
2462 2995 2848 3076 operationis
2888 2993 3361 3069 intellectualiS,
3396 3011 3508 3057 seu
3539 3001 3851 3075 quantum
3883 2992 3964 3054 ad

847 3089 965 3151 cie.
1009 3090 1152 3152 Haec
1194 3089 1564 3153 Richardus.

927 3187 1238 3250 Hannibal
1289 3206 1542 3270 quoque
1577 3205 1592 3250 τ
1625 3188 1902 3262 Quatuor
1945 3187 2213 3270 (inquit)
2257 3186 2352 3249 fu-

849 3293 1038 3348 erunt
1076 3286 1248 3348 circa
1289 3287 1660 3369 angelorum
1701 3285 2185 3368 corporeitatem
2212 3287 2351 3370 opi-

849 3384 1092 3447 niones„
1125 3384 1393 3458 Quidam
1441 3384 1739 3446 dixerunt
1780 3383 2036 3464 angelos
2087 3401 2353 3466 corpora

849 3481 1131 3546 coelestia
1160 3481 1393 3544 habere
1423 3482 1796 3544 naturaliter
1825 3482 1947 3544 sibi
1985 3482 2185 3557 unita,
2217 3483 2352 3545 ani-

849 3598 984 3642 mas
1015 3578 1270 3642 orbium
1304 3579 1469 3642 inter
1495 3579 1752 3661 angelos
1793 3588 2257 3663 computantes,
2279 3589 2352 3642 ut

845 3678 1048 3759 tangit
1101 3678 1167 3740 in
1217 3695 1331 3740 sua
1379 3678 1804 3761 Metaphysica
1851 3678 2191 3742 Avicenna.
2245 3679 2349 3741 Se-

846 3777 1054 3838 cunda
1096 3775 1332 3859 positio
1371 3782 1467 3838 est
1505 3774 1708 3838 Rabbi
1749 3776 2003 3859 Moysis,
2039 3776 2150 3858 qui
2190 3776 2351 3838 dixit

845 3874 1101 3956 angelos
1145 3893 1284 3945 esse
1329 3874 1648 3956 quaslibet
1695 3875 2013 3936 naturales
2055 3875 2346 3949 virtuteS,

845 3992 1004 4057 quas
1035 3980 1283 4037 constat
1312 3973 1685 4056 corporibus
1714 3993 1852 4038 esse
1884 3975 2112 4036 unitas,
2141 3974 2351 4036 Tertia

845 4072 970 4135 fuit
999 4072 1752 4154 Platonicorum-positio,
1785 4073 2135 4136 dicentium
2164 4090 2351 4154 ange-

2460 3092 2878 3176 apparitionis
2934 3091 3243 3175 effigiem.
3294 3093 3439 3155 Haec
3494 3092 3957 3154 Bonaventura.

2540 3192 2658 3266 Qui
2690 3198 3154 3274 consequenter
3182 3191 3482 3266 declarat,
3495 3190 3663 3272 quod
3697 3207 3963 3272 corpora

2460 3291 2541 3352 ab
2588 3290 2831 3372 angelis
2882 3297 3211 3372 assumpta
3260 3307 3388 3352 non
3446 3295 3595 3351 sunt
3644 3307 3795 3351 vere
3848 3288 3962 3350 hu·

2462 3408 2669 3462 mana,
2717 3407 2835 3450 nec
2878 3389 3049 3450 intus
3095 3387 3455 3470 organizata
3503 3395 3573 3448 ut
3619 3386 3752 3462 illa,
3794 3387 3960 3449 sicut

2459 3487 2580 3550 hoc
2628 3505 2821 3568 supra
2862 3504 2939 3547 ex
2982 3485 3293 3549 Richardo
3336 3494 3400 3548 et
3440 3485 3583 3547 aliis
3631 3493 3959 3548 ostensum

2458 3592 2572 3646 est.
2608 3585 2695 3646 De
2728 3584 2992 3646 materia
3019 3601 3171 3646 vero
3201 3601 3421 3647 eorum
3455 3584 3638 3666 ponit
3666 3591 3797 3646 tres
3826 3584 3960 3666 opi-

2458 3683 2703 3745 nioneS.
2748 3683 2971 3756 Unam,
3014 3682 3183 3764 quod
3228 3682 3357 3744 sint
3397 3701 3474 3746 ex
3518 3690 3793 3764 quatuor
3840 3683 3963 3745 ele-

2460 3781 2694 3843 mentis
2762 3780 2963 3843 mixta
3031 3800 3046 3845 ε
3118 3799 3309 3863 quam
3373 3779 3692 3863 reprobat,
3759 3799 3961 3862 quum

2459 3897 2724 3962 corpora
2782 3879 2890 3941 illa
2940 3879 3121 3961 quasi
3175 3886 3435 3961 repente
3494 3878 3854 3942 formentur
3900 3887 3963 3943 et

2459 3979 2885 4041 destruantur.
2921 3977 3299 4052 Secundam,
3332 3979 3502 4060 quod
3541 3996 3620 4040 ex
3658 3978 3797 4041 solo
3834 3979 3964 4041 sint

2459 4096 2605 4141 aere
2638 4094 2652 4139 τ
2689 4096 2879 4160 quam
2912 4077 3103 4139 etiam
3141 4095 3266 4140 non
3300 4077 3725 4152 commendat,
3758 4097 3959 4160 quum

848 4171 964 4247 los,
1019 4190 1178 4254 quos
1236 4172 1696 4236 calodaemones
1754 4179 1818 4234 et
1877 4170 2349 4236 cacodaemones
2380 4180 2431 4244 D
2462 4194 2727 4259 corpora
2772 4176 2882 4238 illa
2924 4175 3053 4238 sint
3092 4175 3521 4239 diversimode
3560 4175 3627 4238 in
3669 4175 3959 4259 partibus

847 4270 1277 4353 appellabant,
1298 4269 1532 4333 habere
1563 4286 1828 4353 corpora
1855 4269 2025 4333 aeria
2054 4270 2352 4333 naturali·

849 4377 948 4432 ter
986 4368 1111 4433 sibi
1152 4370 1333 4433 unita
1367 4386 1380 4432 :
1416 4370 1585 4452 quod
1621 4369 1813 4432 etiam
1853 4370 2245 4452 Augustinus
2284 4370 2349 4432 in

854 4469 1149 4552 pluribus
1194 4468 1350 4533 locis
1392 4469 1627 4531 sentire
1675 4469 1945 4530 videtur.
1979 4469 2211 4543 Quarta
2255 4478 2352 4531 est

600 4587 663 4632 n·
683 4585 828 4634 nivin.
853 4567 919 4632 B.
965 4567 1271 4652 Dionysii,
1319 4567 1488 4650 quod
1535 4585 1757 4630 omnes
1805 4566 2012 4648 angeli
2061 4576 2213 4630 sunt
2261 4567 2353 4629 in-

558 4667 678 4764 23¹³·
703 4666 743 4705 ‘²‘
769 4666 826 4704 ’γ’
855 4669 1142 4751 corporei
1179 4685 1192 4730 ε
1227 4676 1288 4730 et
1317 4668 1452 4730 haec
1493 4667 1806 4729 sententia
1835 4675 2137 4748 tanquam
2169 4667 2353 4730 ratio·

855 4768 1150 4843 nabilior,
1192 4767 1272 4830 ab
1313 4768 1595 4830 Ecclesia
1634 4767 2060 4830 communiter
2093 4767 2227 4848 jam
2265 4774 2354 4828 te-

857 4877 1062 4932 netur.
1107 4867 1251 4930 Haec
1294 4865 1623 4928 Hannibal.

936 4968 1239 5030 Praeterea
1279 4966 1718 5029 Bonaventura
1752 4982 1765 5028 :
1802 4965 1888 5027 De
1932 4965 2073 5038 hoc,
2117 4964 2348 5048 inquit,

852 5087 932 5129 an
964 5065 1175 5146 angeli
1213 5064 1488 5126 habeant
1519 5082 1782 5147 corpora
1824 5064 2197 5126 naturaliter
2226 5063 2351 5126 sibi

852 5165 1052 5240 unita,
1086 5163 1460 5227 dubitarunt
1501 5163 1843 5246 aliquando
1886 5163 2100 5244 magni
2142 5163 2351 5226 docto-

851 5283 971 5328 reS.
1017 5263 1192 5328 Unde
1242 5281 1436 5345 super
1480 5262 1601 5326 hoc
1650 5261 1844 5325 dubie
1895 5262 2178 5345 loquitur
2220 5271 2349 5325 tam

2462 4275 2595 4338 suis
2634 4273 2961 4356 disposita,
2993 4273 3269 4337 colorata
3307 4292 3419 4336 seu
3464 4273 3693 4350 lucida,
3726 4283 3791 4336 et
3830 4283 3957 4338 tam

2461 4373 2683 4456 spissa.
2719 4372 3016 4447 Tertiam,
3050 4373 3218 4454 quod
3263 4371 3494 4455 partim
3543 4381 3693 4435 sunt
3734 4373 3954 4448 mixta,

2460 4491 2589 4536 non
2629 4489 2788 4554 pure
2824 4471 2996 4533 aeria
3030 4489 3045 4532 ι
3080 4471 3167 4533 ita
3195 4472 3365 4553 quod
3402 4490 3511 4534 aer
3546 4472 3959 4553 praedomina-

2462 4577 2567 4633 tur
2606 4570 2671 4632 in
2702 4570 2795 4632 eis
2826 4589 2973 4632 cum
3012 4569 3226 4651 aliqua
3268 4568 3657 4632 admixtione
3696 4570 3957 4635 alterius

2462 4669 2785 4743 elementi,
2810 4669 2977 4731 sicut
3006 4668 3298 4730 videmus
3330 4668 3397 4730 in
3428 4667 3631 4748 nube3
3664 4669 3757 4731 sic
3789 4673 3958 4753 quod

2460 4767 2592 4830 aeri
2621 4765 2937 4829 admixtus
2967 4774 3064 4829 est
3085 4784 3284 4848 vapor
3312 4773 3603 4829 terrenus
3634 4785 3747 4830 seu
3777 4787 3963 4850 aquo-

2462 4887 2570 4930 sus
2618 4866 2682 4928 in
2734 4866 3111 4929 formatione
3162 4865 3445 4946 corporis
3488 4866 3581 4928 sic
3622 4870 3957 4951 assumpti,

2461 4967 2549 5028 ita
2580 4966 2749 5048 quod
2786 4965 3049 5046 angelus
3088 4971 3218 5026 tam
3259 4964 3464 5027 bonus
3499 4984 3692 5047 quam
3732 4969 3957 5044 maluS,

2460 5064 2731 5126 assumit
2760 5081 2990 5145 corpus
3029 5081 3158 5126 non
3186 5081 3265 5125 ex
3295 5070 3521 5125 natura
3550 5064 3818 5141 coelesti,
3851 5067 3959 5130 sed

2460 5163 2831 5225 elementari
2865 5181 2879 5226 :
2914 5180 3041 5225 non
3080 5161 3359 5243 simplici
3398 5181 3519 5224 nec
3557 5163 3745 5244 plene
3790 5183 3960 5228 com-

2464 5261 2683 5338 mixta,
2734 5263 2843 5324 sed
2902 5261 3111 5324 medio
3159 5262 3370 5337 mode,
3418 5269 3639 5344 utpote
3685 5282 3763 5327 ex
3812 5283 3953 5328 aere
