4334 6242
541 3143 674 3187 Hebr.
689 3155 718 3192 ι,
739 3143 802 3182 Η.

823 467 944 532 526
1516 489 1580 535 m
1622 488 1842 534 manum
1887 489 1931 534 ιι
1973 486 2460 534 snm-ammon.
2507 506 2587 516 —
2628 489 2780 534 msr.
2828 489 2909 552 x;
2954 489 3178 545 Quffisr.
3224 489 3245 534 1

826 674 973 718 men
1004 655 1082 718 de
1111 656 1527 720 missionibus
1558 657 1948 739 angelorum,
1975 655 2329 739 praesertim
2358 654 2409 718 A
2442 656 2506 718 in
2540 655 2641 718 his
2672 675 2744 718 ac
2776 657 3025 732 ceteris,
3059 657 3469 719 sacratissimi
3509 654 3792 737 Dionysii
3828 655 3940 716 do-

825 754 903 815 de
953 754 1094 829 hoc,
1137 775 1218 817 an
1268 757 1346 818 de
1395 756 1664 836 singulis
1712 757 2045 817 mittantur
2092 754 2329 816 ordini-

824 851 967 926 bus,
1031 852 1312 934 loquitur
1369 853 1716 926 recitative,
1779 871 1907 916 non
1967 851 2325 924 assertorie,

822 950 1136 1013 narrando
1185 970 1326 1032 quae
1375 953 1440 1012 in
1490 958 1665 1013 textu
1716 951 2068 1029 habentur3
2110 958 2175 1011 et
2216 949 2325 1022 ait,

822 1049 992 1130 quod
1025 1048 1118 1110 illi
1159 1048 1271 1130 qui
1313 1049 1536 1110 dicunt
1575 1067 1796 1112 omnes
1828 1050 1906 1111 de
1948 1047 2199 1110 cunctis
2230 1065 2329 1110 or-

824 1145 1082 1208 dinibus
1125 1147 1314 1222 mitti,
1349 1146 1679 1209 affirmant
1705 1146 2078 1210 Michaelem
2118 1155 2182 1208 et
2214 1145 2327 1209 Ga-

824 1242 1092 1306 brielem
1140 1244 1219 1307 de
1268 1245 1581 1326 superiori
1630 1245 1852 1308 ordine
1911 1263 2071 1318 esse,
2124 1263 2328 1327 quum

823 1349 887 1404 et
931 1341 1184 1404 Gabriel
1223 1343 1609 1405 altissimum
1657 1342 1818 1404 illud
1872 1342 2327 1404 incarnationis

824 1440 966 1502 Filii
1004 1441 1114 1502 Dei
1157 1442 1531 1524 mysterium
1571 1441 2047 1503 annuntiaverit
2081 1440 2325 1520 Virgini

821 1539 1129 1620 gloriosae.
1182 1540 1498 1622 Additque
1552 1557 1567 1603 :
1620 1540 1826 1603 Etiam
1881 1541 2016 1603 haee
2075 1539 2328 1602 videtur

823 1638 1022 1700 fuisse
1070 1638 1289 1720 opinio
1337 1639 1618 1719 Magistri
1669 1639 1736 1700 in
1784 1639 2016 1713 littera,
2060 1646 2122 1699 et
2170 1637 2327 1700 Prae-

823 1737 1105 1818 positivi,
1155 1745 1346 1819 atquc
1395 1737 1719 1801 Guillelmi
1768 1735 2322 1800 Antisiodorensis.

2438 755 2752 816 cumentis
2795 755 3083 818 absolute
3125 755 3630 837 simpliciterque
3674 771 3942 815 consen-

2440 853 2547 926 tio,
2581 851 2974 935 obtemperO,
3008 853 3676 936 acquiescendumque
3717 869 3876 912 reor.

2518 951 2707 1013 Porro
2754 951 3084 1014 Udalricus
3143 951 3209 1013 in
3267 952 3528 1014 Summa
3586 969 3721 1023 sua,
3773 948 3943 1011 libro

2439 1055 2664 1129 quarto
2699 1065 2713 1110 τ
2747 1049 3053 1122 Quoniam
3084 1049 3351 1130 (inquit)
3387 1049 3451 1109 in
3492 1047 3749 1110 Daniele
3790 1046 3944 1127 legi-

2437 1154 2563 1220 tur,
2596 1146 2793 1210 Millia
2839 1148 3115 1209 millium
3170 1146 3619 1210 ministrabant
3664 1145 3747 1220 ei,
3788 1153 3941 1218 etc„
3978 1161 4261 1206 Dans-1³⁰.

2439 1244 2503 1305 B.
2540 1245 2879 1329 Dionysius
2920 1245 3269 1308 divisiones
3310 1244 3680 1326 angelorum
3724 1245 3801 1306 ad
3843 1244 3945 1306 bi-

2440 1343 2786 1405 membrem
2821 1345 3384 1418 reducenS,dividit
3413 1363 3518 1408 eos
3549 1344 3615 1405 in
3643 1344 3949 1405 adsisten-

2443 1450 2533 1505 tes
2572 1462 2645 1504 ac
2685 1442 3139 1505 ministrantes
3176 1444 3253 1505 Et
3290 1463 3368 1506 ex
3409 1443 3623 1506 verbis
3665 1442 3949 1505 Danielis

2441 1540 2772 1614 habemuS,
2819 1542 2989 1622 quod
3038 1541 3147 1603 alii
3197 1549 3347 1604 sunt
3395 1541 3795 1613 adsistenteS,
3833 1539 3949 1601 alii

2442 1637 3083 1720 ministrantestquia
3116 1658 3229 1720 per
3259 1658 3599 1701 numerum
3631 1645 3693 1699 et
3727 1637 3953 1700 officia

2444 1735 2510 1797 in
2542 1743 2836 1817 praetacta
2874 1738 3249 1800 auctoritate
3288 1737 3787 1818 distinguuntur.
3822 1737 3952 1798 Ad-

823 1869 904 1880 —-
941 1835 1208 1917 Insuper
1247 1835 1494 1917 quaerit,
1527 1836 1605 1897 ad
1651 1835 1807 1917 quid
1853 1836 2205 1898 mittantur.
2251 1834 2328 1895 Et
2362 1837 2413 1900 B
2443 1833 2665 1896 sistere
2714 1835 2972 1896 demum
3022 1836 3172 1909 Deo,
3216 1853 3343 1897 uno
3390 1836 3581 1898 modo
3630 1835 3798 1897 idem
3848 1841 3953 1896 est

825 1934 1185 2015 respondet,
1224 1935 1394 2015 quod
1437 1935 1604 1996 sicut
1645 1934 1999 1996 secundum
2044 1933 2325 1996 Philoso-

827 2031 1050 2113 phum,
1085 2032 1522 2114 intelligentiae
1551 2052 1626 2094 ac
1655 2033 1886 2095 animae
1916 2031 2164 2094 nobiles
2197 2049 2329 2093 mo-

828 2140 979 2194 vent
1023 2131 1305 2194 coelestia
1348 2149 1612 2213 corpora
1654 2130 2095 2213 principaliter
2142 2139 2213 2190 ut
2261 2149 2331 2192 se

829 2229 1230 2292 conforment
1269 2230 1517 2304 virtuti,
1551 2229 1905 2292 causalitati
1946 2236 2010 2291 et
2049 2247 2332 2290 commu-

830 2330 1134 2392 nicationi
1175 2330 1412 2392 summi
1454 2338 1516 2391 et
1555 2329 1818 2391 increati
1850 2328 2192 2410 principii3
2225 2328 2331 2389 de-

831 2428 978 2490 inde
1037 2435 1296 2510 propter
1344 2428 1684 2489 utilitatem
1741 2427 2131 2507 adjunctam,
2189 2445 2331 2506 quae

829 2535 926 2589 est
971 2525 1294 2608 generatio
1335 2534 1398 2588 et
1441 2527 1837 2589 conservatio
1888 2524 2262 2586 inferiorum
2314 2541 2327 2585 :

831 2625 921 2686 sic
965 2624 1172 2705 angeli
1216 2625 1558 2686 mittuntur
1599 2625 1676 2686 ad
1721 2623 2012 2686 homines
2061 2630 2124 2683 et
2175 2623 2332 2704 ipsis

833 2723 1192 2785 ministrant
1236 2723 1675 2805 principaliter
1711 2731 1779 2784 ut
1818 2722 2052 2785 divinae
2089 2721 2334 2783 obtem-

833 2829 1057 2903 perent
1118 2822 1450 2895 voluntati,
1513 2840 1782 2903 eamque
1847 2828 2331 2902 exsequantur3

833 2920 1074 2983 utilitas
1113 2928 1327 2982 autem
1367 2919 1668 3000 adjuncta
1705 2927 1768 2980 et
1805 2919 1986 3001 quasi
2028 2919 2333 2981 secunda-

2442 1933 2611 2014 quod
2661 1951 2729 1994 se
2772 1933 3075 1996 exhibere
3124 1941 3419 2016 paratum
3468 1934 3546 1995 ad
3594 1933 3951 1995 exsecutio-

2440 2050 2586 2094 nem
2619 2031 2965 2095 voluntatis
2994 2032 3129 2108 Dei,
3162 2033 3264 2094 vel
3306 2032 3471 2113 signi
3504 2032 3603 2096 vel
3643 2031 3949 2113 benepla-

2440 2130 2572 2203 citi,
2606 2130 2741 2192 sive
2782 2130 3092 2194 exhibitio
3136 2130 3247 2193 illa
3287 2131 3404 2194 fiat
3444 2130 3611 2192 bona
3650 2130 3951 2193 intentio-

2438 2247 2541 2303 ne,
2576 2229 2709 2291 sive
2750 2247 3066 2311 perversa.
3094 2230 3325 2311 Sicque
3368 2227 3663 2292 convenit
3698 2228 3947 2310 angelis

2441 2326 2625 2388 bonis
2672 2346 2747 2389 ac
2797 2326 3031 2409 praviS,
3082 2347 3285 2410 quum
3334 2334 3397 2389 et
3446 2326 3698 2390 Gabriel
3746 2327 3943 2402 dicat,

2443 2425 2572 2506 Ego
2602 2446 2743 2487 sum
2775 2425 3049 2500 Gabriel,
3081 2427 3193 2507 qui
3224 2427 3403 2489 adsto
3432 2434 3578 2488 ante
3608 2427 3845 2504 Deum;
3876 2434 3948 2488 et
4006 2443 4121 2485 Luc.
4141 2456 4169 2489 ι,
4190 2443 4249 2482 ιο,

2444 2523 2507 2584 in
2560 2523 2674 2589 Job
2733 2525 2989 2598 dicitur,
3051 2526 3221 2607 quod
3279 2526 3468 2588 Satan
3518 2525 3724 2586 adsuit
3777 2525 3949 2587 inter
4010 2542 4203 2590 loeus.

2442 2620 2615 2685 filios
2664 2623 2776 2686 Dei
2828 2641 3037 2686 coram
3083 2623 3372 2686 Domino.
3421 2659 3502 2670 -—-
3549 2623 3781 2686 Omnes
3828 2643 3949 2685 au-

2444 2729 2571 2783 tem
2603 2722 2857 2784 ordines
2897 2721 3217 2803 angelicos
3258 2723 3486 2804 praeter
3514 2730 3641 2784 tres
3678 2722 3949 2804 primoS,

2445 2820 2504 2883 S.
2540 2819 2877 2902 Dionysius
2921 2821 3211 2883 nominat
3256 2820 3712 2894 ministranteS,
3746 2839 3953 2903 quum

2445 2926 2509 2978 et
2544 2934 2765 2980 eorum
2807 2919 3068 2981 nomina
3104 2919 3184 2981 ab
3224 2917 3462 2981 officiis
3503 2919 3631 2981 sint
3664 2927 3950 3000 accepta.

834 3018 966 3080 rius
997 3017 1172 3092 finis,
1205 3026 1301 3081 est
1330 3018 1691 3100 procuratio
1722 3016 2088 3080 salvationis
2117 3017 2336 3078 huma·
2370 3019 2415 3083 C
2446 3017 2917 3092 Verumtamen,
2940 3017 3106 3079 sicut
3136 3018 3215 3079 ad
3244 3017 3659 3080 artificiatum
3694 3035 3822 3080 non
3850 3035 3957 3079 so-

835 3137 952 3192 nae,
992 3117 1158 3179 sicut
1204 3117 1292 3179 ait
1337 3117 1674 3198 Apostolus
1718 3135 1732 3178 :
1777 3118 1846 3178 In
1902 3115 2331 3177 ministerium

835 3215 1012 3278 missi
1046 3223 1306 3297 propter
1334 3234 1440 3279 eos
1472 3214 1582 3296 qui
1614 3214 2030 3278 hereditatem
2071 3213 2335 3296 capiunt

831 3313 1074 3376 salutis.
1108 3347 1189 3358 ——
1216 3312 1456 3375 Rursus
1495 3313 1722 3394 quaerit
1759 3312 2076 3386 Albertus,
2115 3321 2333 3374 utrum

831 3411 1106 3495 quilibet
1160 3412 1422 3492 angelus
1473 3412 1643 3472 circa
1698 3411 1990 3474 homines
2045 3419 2335 3473 exerceat

830 3517 1078 3572 tantum
1107 3515 1320 3571 actum
1357 3509 1528 3570 illius
1559 3509 1708 3572 doni
1740 3527 1776 3569 a
1806 3526 1931 3589 quo
1969 3509 2336 3571 denomina-

830 3615 954 3681 tur,
990 3615 1060 3668 ut
1090 3606 1421 3688 Seraphim
1461 3613 1674 3668 actum
1709 3606 1988 3668 incendii
2029 3606 2329 3680 caritatiS,

833 3704 1177 3768 Cherubim
1208 3712 1421 3766 actum
1452 3705 1614 3766 lucis
1645 3704 1950 3778 scientiae,
1975 3704 2209 3766 Throni
2240 3723 2335 3766 ac·-

832 3812 969 3866 tum
1032 3802 1258 3884 judicii
1316 3810 1380 3864 et
1437 3803 1983 3866 determinationis
2042 3802 2329 3882 justitiae,

833 3902 1056 3983 sicque
1098 3902 1176 3964 de
1218 3901 1396 3980 aliis3
1430 3901 1528 3966 vel
1579 3901 2021 3983 unusquisque
2071 3901 2333 3982 angelus

837 4000 1092 4073 missus,
1127 4006 1461 4082 promptus
1494 3999 1576 4060 sit
1615 4007 1678 4061 et
1710 4007 1963 4080 paratus
2005 4018 2118 4080 per
2149 3999 2335 4061 mini·

835 4099 1101 4161 sterium
1141 4116 1436 4160 exercere
1474 4105 1654 4160 actus
1693 4097 1982 4160 omnium
2022 4098 2333 4160 donorum

2448 3115 2581 3177 lum
2612 3114 2819 3178 facere
2850 3115 3223 3197 perhibetur
3260 3117 3635 3190 tectonicus,
3669 3115 3778 3198 qui
3814 3115 3957 3177 suis

2446 3213 2741 3276 manibus
2772 3222 3091 3295 operatur,
3126 3214 3236 3276 sed
3275 3213 3466 3276 etiam
3506 3213 3957 3276 architectoni-

2445 3329 2579 3384 cuS,
2616 3311 2724 3392 qui
2769 3330 2993 3373 manus
3033 3311 3359 3373 artificum
3392 3312 3551 3392 regit
3586 3311 3807 3394 eisque
3836 3312 3960 3374 im·

2446 3416 2645 3490 perat,
2679 3409 2973 3491 quamvis
3014 3429 3277 3471 manum
3318 3410 3642 3492 propriam
3682 3428 3810 3473 non
3843 3430 3959 3492 ap-

2447 3515 2675 3590 ponat3
2708 3508 2799 3569 sic
2838 3507 3201 3570 ministrare
3242 3507 3538 3570 feruntur
3572 3528 3699 3571 non
3742 3510 3957 3572 solum

2446 3605 2650 3686 angeli
2703 3606 2815 3686 qui
2874 3606 3043 3668 circa
3093 3606 3405 3670 exteriora
3464 3615 3829 3689 operantur,
3882 3616 3960 3670 ut

2447 3711 2596 3766 sunt
2633 3703 2841 3785 angeli
2883 3704 3169 3786 quinque
3210 3705 3586 3768 inferiorum
3626 3705 3957 3780 ordinum,

2447 3803 2557 3864 sed
2625 3803 2817 3864 etiam
2884 3803 3039 3864 ordo
3102 3803 3641 3878 Dominationum,
3704 3804 3816 3886 qui
3884 3805 3960 3867 in

2447 3901 2707 3982 agendis
2756 3902 2917 3982 regit
2964 3919 3037 3962 ac
3086 3901 3305 3981 dirigit
3351 3920 3458 3964 eos
3512 3919 3525 3964 ε
3575 3903 3685 3983 qui
3739 3910 3959 3965 tamen

2449 4016 2574 4061 non
2605 3999 2839 4061 dicitur
2870 3998 3035 4060 mitti
3069 4005 3137 4059 ut
3165 3999 3273 4060 alii
3306 4001 3613 4083 quinque,
3646 4001 3959 4082 quoniam

2450 4098 2638 4172 mitti,
2672 4106 2769 4159 est
2798 4105 2975 4160 extra
3014 4097 3223 4160 locum
3259 4099 3815 4181 contemplationis
3844 4119 3959 4162 au-

837 4197 1126 4260 omnium
1181 4196 1450 4260 aliorum
1509 4195 1900 4276 angelorum.
1957 4195 2034 4258 Et
2081 4202 2417 4278 respon-D
2447 4197 2735 4261 ctoritate
2792 4196 3140 4278 superioris
3198 4197 3525 4272 destinari,
3588 4206 3657 4260 ut
3716 4199 3956 4262 missus

837 4296 943 4359 det
979 4296 1380 4358 :Dicendum
1429 4295 1496 4356 in
1545 4295 1830 4368 veritate,
1867 4295 2034 4356 sicut
2079 4303 2142 4356 et
2191 4303 2336 4358 ante

839 4413 954 4459 nos
1002 4395 1264 4476 quidam
1311 4393 1557 4476 antiqui
1609 4395 1928 4466 dixerunt,
1981 4395 2334 4456 secundum

839 4494 1079 4556 dictum
1115 4491 1180 4554 B.
1217 4492 1523 4573 Gregorii,
1556 4494 1726 4575 quod
1766 4492 2036 4574 quilibet
2073 4494 2337 4574 angelus

840 4601 1173 4675 promptus
1209 4599 1304 4654 est
1343 4598 1530 4672 atque
1573 4599 1826 4673 paratus
1865 4610 2160 4654 exercere
2192 4591 2337 4654 ofl'i-

839 4691 1008 4753 cium
1055 4691 1344 4754 omnium
1384 4690 1678 4764 aliorum,
1721 4698 1782 4752 et
1827 4691 1996 4771 quod
2037 4691 2193 4753 ordo
2236 4691 2339 4752 de-

838 4789 1203 4854 nominatur
1231 4789 1312 4851 ab
1352 4789 1568 4870 aliquo
1598 4789 1785 4862 don0,
1819 4807 1947 4851 non
1977 4790 2128 4870 quia
2163 4789 2337 4852 solus

837 4890 1084 4971 accepit
1128 4887 1310 4962 illud,
1345 4888 1456 4950 sed
1495 4887 1647 4970 quia
1687 4887 1940 4968 plenius
1978 4887 2224 4969 accepit
2270 4888 2340 4949 il-

841 4989 972 5062 lud,
1007 4996 1070 5049 et
1100 4987 1471 5068 frequenter
1499 4993 1752 5048 exercet
1782 4994 1960 5049 actus
1991 4987 2193 5066 ipsius
2230 5004 2243 5048 ε
2277 4994 2340 5048 et

841 5089 929 5150 ita
964 5086 1258 5167 Magister
1294 5085 1694 5148 determinat.
1728 5120 1809 5130 —
1835 5085 1978 5148 Haec
2019 5085 2335 5148 Albertus.

841 5186 958 5260 Qui
992 5187 1056 5248 in
1087 5185 1206 5247 hac
1244 5184 1658 5267 responsione
1699 5184 1950 5246 videtur
1980 5203 2015 5245 a
2053 5185 2343 5247 doctrina

844 5286 911 5350 B.
947 5283 1228 5368 Dionysii
1263 5302 1608 5366 parumper
1636 5283 1994 5346 deflectere.
2031 5283 2161 5366 Ego
2190 5303 2342 5348 vero

2447 4316 2562 4380 per
2608 4314 2769 4377 opus
2817 4295 3074 4376 aliquod
3120 4294 3533 4358 inferioribus
3583 4297 3949 4360 misceatur.

2525 4395 2652 4458 Nec
2692 4393 2793 4456 his
2836 4392 3043 4456 obstat
3080 4393 3250 4475 quod
3290 4393 3378 4456 ait
3415 4394 3776 4475 ApostoluS,
3809 4395 3958 4459 Om-
3986 4411 4241 4456 neentis.
4301 4401 4302 4456 ζ

2447 4513 2560 4557 nes
2592 4501 2741 4557 sunt
2770 4492 3289 4556 administratorii
3322 4493 3587 4575 spiritus
3612 4495 3956 4577 :quoniam
4301 4485 4302 4488 ¹

2450 4593 2732 4675 loquitur
2769 4593 2847 4654 de
2893 4592 3249 4654 ministerio
3289 4592 3367 4654 de
3405 4611 3533 4675 quo
3572 4612 3649 4654 ex
3683 4595 3961 4657 auctori-

2450 4699 2575 4754 tate
2614 4690 2961 4754 Psalmistae
3001 4691 3330 4773 praemisit,
3364 4691 3481 4764 Qui
3513 4691 3667 4754 facit
3692 4693 3959 4774 angelos
4034 4709 4151 4752 1⁶2³.
4172 4711 4211 4748 τ.
4301 4689 4302 4768 Ῑ

2450 4809 2598 4854 suos
2638 4789 2925 4872 spiritus,
2958 4797 3022 4850 et
3062 4790 3388 4852 ministros
3432 4809 3581 4854 suos
3620 4790 3959 4854 flammam

2453 4889 2635 4970 ignis.
2669 4889 2910 4969 Nempe
2941 4889 3109 4970 quod
3142 4889 3250 4962 ait,
3286 4911 3320 4949 «
3342 4890 3669 4953 flammam
3704 4890 3870 4970 ignis
3896 4913 3957 4966 »‚

2450 4989 2529 5050 de
2572 4987 2902 5070 Seraphim
2948 4988 3129 5062 dixit,
3164 5006 3240 5051 eo
3284 4989 3471 5051 modo
3514 5007 3641 5070 quo
3685 4989 3747 5051 in
3796 4990 3962 5053 Isaia
4034 5007 4225 5055 stans.

2453 5087 2682 5168 legitur
2726 5106 2891 5148 unus
2935 5087 3012 5148 de
3056 5086 3387 5168 Seraphim
3431 5088 3508 5149 ad
3557 5090 3961 5170 purgationis

2455 5185 2884 5249 ministerium
2926 5184 3184 5260 missuS,
3214 5185 3280 5246 in
3310 5193 3620 5266 quantum
3652 5205 3767 5268 per
3798 5187 3965 5251 infe-

2456 5285 2691 5349 riorem
2731 5284 3029 5365 angelum
3068 5303 3103 5346 a
3143 5302 3210 5346 se
3248 5283 3586 5360 directum,
3620 5284 3741 5348 hoc
3776 5285 3955 5350 fecit.
