4334 6242
837 445 959 512 220
1493 469 1557 515 ΙΝ
1599 469 1821 515 Linum(
1862 470 1907 514 11
1949 469 2434 515 SENTENTQRUM.
2479 487 2558 497 -
2599 469 2752 516 ms'r.
2800 469 2908 532 1113
2952 467 3176 526 Qcffis'r.
3223 469 3292 517 111

840 644 1051 701 certus
1100 637 1182 700 sit
1228 640 1488 723 angelis.
1538 641 1910 716 Dicendum,
1954 643 2121 724 quod
2170 641 2337 704 sicut
2366 640 2417 703 A
2450 641 2643 703 etiam
2702 640 2763 703 S.
2817 641 3122 724 Dionysii,
3186 641 3296 723 qui
3354 640 3604 702 decimo
3667 636 3966 721 capitulo

838 756 917 799 ex
977 737 1344 802 Enchiridio
1390 740 1725 821 Augustini
1786 739 2075 813 hahetur,
2127 740 2336 822 angeli

839 835 1041 897 sancti
1082 846 1353 899 noscunt
1391 857 1469 898 ex
1508 846 1661 920 quot
1700 839 1919 900 electis
1963 839 2334 900 hominibus

838 951 1059 996 eorum
1104 936 1287 996 ruina
1331 937 1409 998 sit
1456 937 1821 1018 reparanda.
1864 937 2039 999 Unde
2085 937 2336 999 videtur

837 1034 1005 1115 quod
1056 1033 1273 1096 vident
1324 1035 1386 1096 in
1434 1035 1642 1098 Verbo
1697 1043 1933 1098 aeterno
1990 1054 2328 1097 numerum

836 1149 1093 1194 omnem
1141 1151 1403 1195 suorum
1452 1134 1834 1196 concivium.
1874 1171 1955 1179 —
2000 1134 2143 1196 Haec
2191 1134 2332 1196 Ale-

838 1231 1089 1292 xander.
1126 1231 1322 1311 Cujus
1367 1231 1533 1294 dicta
1576 1239 1637 1294 et
1676 1233 1950 1294 rationes
1998 1232 2334 1295 inaestima-

837 1329 985 1392 bilis
1048 1329 1479 1393 multitudinis
1536 1331 1905 1413 angelorum
1966 1339 2330 1394 sanctorum

838 1427 1001 1491 infra
1050 1429 1248 1510 magis
1294 1429 1622 1510 patebunt.

913 1527 1023 1589 His
1069 1546 1183 1608 per
1227 1527 1443 1590 omnia
1491 1529 1828 1591 concordat
1869 1530 2328 1601 Bonaventura‚

836 1625 947 1707 qui
991 1625 1185 1686 etiam
1229 1625 1403 1686 addit
1437 1644 1450 1688 :
1484 1626 1751 1699 Quidam
1800 1626 2118 1698 dixerunt,
2162 1626 2331 1707 quod

837 1724 901 1786 in
962 1723 1205 1804 angelis
1256 1731 1346 1785 tot
1398 1731 1544 1786 sunt
1594 1725 1839 1805 species
1899 1732 2051 1805 quot
2101 1723 2330 1786 indivi-

2449 739 2736 802 Coelestis
2770 740 3163 814 hierarchiae,
3198 740 3262 800 in
3293 741 3516 801 eodem
3551 738 3773 800 ordine
3803 755 3964 819 per-

2449 837 2623 900 hibet
2672 857 2810 899 esse
2859 838 3101 919 primos
3148 857 3221 900 ac
3271 838 3513 900 medios
3555 845 3618 899 et
3661 835 3955 898 infimos,

2448 936 2608 998 Huic
2638 943 2848 998 autem
2884 937 3183 1018 positioni
3213 945 3310 999 est
3341 935 3768 998 necessarium
3799 953 3961 996 con-

2449 1033 2705 1106 sentire,
2741 1041 2876 1095 tum
2915 1053 2994 1097 ex
3035 1035 3404 1117 angelorum
3448 1033 3959 1096 immaterialita-

2448 1141 2531 1206 te,
2568 1140 2703 1194 tum
2735 1153 2812 1195 ex
2849 1152 3066 1197 eorum
3109 1133 3639 1216 incorporalitate.
3674 1133 3737 1196 Si
3769 1134 3958 1196 enim

2451 1231 2899 1294 immateriales
2940 1239 3286 1314 ponuntur,
3321 1251 3521 1314 quum
3563 1231 3738 1293 nulla
3767 1239 3962 1293 natu-

2449 1350 2518 1392 ra
2548 1349 2659 1392 seu
2691 1330 2897 1392 forma
2927 1331 3392 1412 multiplicetur
3419 1329 3546 1392 nisi
3577 1349 3652 1392 ex
3682 1329 3960 1392 diversi-

2449 1437 2573 1493 tate
2609 1430 2912 1504 materiae,
2943 1437 3192 1511 oportet
3222 1430 3390 1511 quod
3431 1428 3636 1492 forma
3673 1429 3954 1510 simplex

2447 1536 2510 1591 et
2559 1528 2996 1590 immaterialis
3058 1545 3182 1591 non
3243 1536 3497 1609 recepta
3554 1528 3620 1589 in
3683 1527 3958 1590 materia

2447 1626 2679 1708 aliqua,
2716 1633 2961 1688 tantum
3003 1627 3084 1688 sit
3116 1646 3243 1688 una
3276 1643 3291 1687 ε
3327 1625 3468 1689 ideo
3507 1625 3816 1708 quidquid
3849 1634 3956 1687 est

2446 1732 2621 1786 extra
2649 1743 2808 1799 eam,
2843 1724 3103 1787 alterius
3133 1732 3229 1786 est
3254 1732 3509 1797 naturae,
3541 1741 3618 1786 eo
3647 1725 3812 1805 quod
3855 1724 3957 1786 di-

835 1823 979 1884 dua.
1014 1821 1291 1894 Quorum
1330 1821 1549 1904 opinio
1580 1822 1831 1884 videtur
1872 1830 2330 1904 praesumptuo-
2369 1824 2416 1886 B
2445 1830 2568 1884 stet
2609 1823 2689 1885 ab
2731 1841 2804 1884 ea
2846 1823 3196 1885 secundum
3243 1823 3534 1884 formam.
3583 1822 3749 1885 Talis
3793 1842 3951 1886 vero

836 1941 925 1995 sa,
951 1939 1149 2001 quum
1182 1937 1311 1982 non
1340 1928 1641 2002 appareat
1669 1921 1748 1982 ad
1781 1921 1899 1983 hoc
1929 1920 2142 2002 aliqua
2173 1920 2332 1982 ratio

838 2037 1089 2100 cogens,
1110 2026 1173 2079 et
1202 2037 1410 2099 neque
1441 2037 1556 2100 per
1582 2018 1960 2101 Scripturas„
1982 2037 2190 2100 neque
2221 2037 2334 2100 per

835 2117 1005 2179 dicta
1047 2116 1443 2190 Sanctorum,
1482 2135 1689 2198 neque
1734 2137 1847 2199 per
1888 2116 2109 2179 officia
2148 2135 2334 2197 ange-

837 2217 1067 2289 lorum,
1116 2215 1465 2278 innotescat
1510 2215 1693 2278 nobis
1739 2223 1975 2278 tantam
2024 2216 2117 2278 eis
2169 2216 2332 2278 ines-

840 2335 906 2378 se
937 2314 1391 2377 diversitatem.
1428 2315 1561 2376 Imo
1604 2314 1769 2377 sicut
1807 2315 1871 2376 in
1918 2313 2333 2377 inferioribus

839 2413 1161 2476 cernimus
1210 2413 1378 2494 quod
1432 2431 1621 2475 omne
1674 2412 1907 2475 animal
1964 2411 2334 2474 naturaliter

833 2511 1074 2593 appetit
1116 2510 1507 2598 consortium
1552 2510 1781 2572 similis
1822 2509 1944 2572 sibi
1988 2511 2051 2570 in
2094 2509 2329 2591 specie,

833 2619 895 2673 et
925 2607 1366 2671 delectabilius
1408 2608 1503 2670 illi
1540 2609 1844 2680 convivit,
1878 2608 1965 2671 ita
1995 2608 2059 2670 in
2091 2607 2332 2688 angelis

832 2725 971 2770 esse
1006 2708 1278 2780 videtur,
1313 2724 1584 2788 quorum
1620 2707 1905 2768 naturale
1944 2706 2332 2769 desiderium

834 2804 1122 2867 frustrari
1168 2822 1296 2867 non
1338 2804 1523 2866 valet.
1567 2804 1709 2866 Haec
1752 2805 2210 2866 Bonaventura.

913 2903 1131 2965 Petrus
1182 2920 1333 2964 vero
1383 2902 1490 2964 hic
1540 2901 1761 2964 recitat
1807 2902 2076 2964 aliorum
2127 2901 2334 2982 opini-

2444 1921 2778 1984 diversitas
2809 1929 3024 1983 causat
3049 1920 3478 1984 differentiam
3513 1919 3578 1981 in
3603 1920 3834 2002 specie.
3857 1921 3954 1982 ln·

2445 2039 2638 2102 super
2669 2020 2836 2082 idem
2869 2021 2946 2082 de
2977 2020 3352 2082 necessitate
3383 2019 3693 2101 sequitur,
3725 2039 3954 2100 quam-

2444 2119 2541 2181 vis
2601 2127 2918 2201 ponantur
2982 2118 3358 2192 materialeS,
3411 2118 3758 2180 dummodo
3813 2136 3947 2180 non

2446 2226 2763 2300 ponantur
2793 2217 3744 2299 corporales.Quorumcumque
3775 2235 3954 2278 nam-

2444 2335 2568 2398 que
2613 2315 2874 2377 materia
2913 2316 3262 2377 secundum
3304 2334 3444 2377 esse
3483 2313 3744 2376 differre
3779 2333 3952 2376 asse-

2445 2415 2626 2488 ritur,
2660 2420 2928 2495 oportet,
2962 2413 3015 2475 si
3065 2412 3171 2475 illa
3219 2413 3484 2474 materia
3523 2413 3812 2493 ejusdem
3863 2412 3952 2475 sit

2443 2511 2684 2575 ordinis
2732 2512 2796 2573 in
2843 2519 3133 2593 utroque,
3170 2511 3703 2593 quemadmodum
3754 2520 3952 2574 mate-

2444 2610 2538 2672 ria
2597 2609 3061 2691 generabilium
3120 2617 3184 2671 et
3241 2608 3757 2690 corruptibilium
3817 2628 3952 2670 una

2443 2717 2559 2783 est,
2594 2710 2764 2791 quod
2809 2709 3073 2772 diversae
3121 2708 3343 2771 formae
3383 2708 3736 2770 secundum
3783 2727 3950 2789 quas

2444 2809 2769 2870 diversum
2818 2826 2957 2869 esse
3007 2807 3261 2890 accipit,
3307 2806 3697 2889 recipiantur
3739 2806 3806 2869 in
3849 2807 3950 2869 di-

2443 2906 2644 2970 versis
2707 2906 2982 2968 materiae
3039 2905 3346 2987 partibus.
3399 2905 3536 2968 Non
3583 2905 3754 2966 enim
3817 2925 3950 2967 una

832 3019 1007 3075 oneS‚
1060 3019 1184 3062 non
1236 3018 1303 3062 se
1351 3000 1671 3063 divertens
1730 3001 1807 3062 ad
1870 3019 2061 3061 unam
2120 3000 2332 3082 pot-ius
2370 3005 2413 3068 C
2445 3024 2591 3087 pars
2645 3005 2944 3076 materiae,
2995 3003 3277 3066 diversas
3334 3003 3571 3066 formas
3618 3003 3948 3084 oppositas

833 3120 1025 3184 quam
1085 3099 1164 3162 ad
1227 3099 1439 3172 aliam,
1501 3100 1610 3161 sed
1674 3099 2001 3161 declarans
2060 3099 2334 3180 qualiter

834 3199 1131 3282 quaelibet
1164 3199 1363 3281 possit
1390 3198 1666 3260 defendi.
1701 3198 1789 3259 De
1820 3215 2088 3259 numero
2118 3204 2329 3259 autem

832 3300 1201 3380 angelorum
1246 3297 1403 3360 dicit
1445 3298 1607 3359 sicut
1649 3297 1781 3376 jam
1828 3303 2063 3359 tactum
2109 3305 2228 3370 est,
2271 3305 2334 3359 et

833 3398 998 3460 sicut
1043 3405 1184 3479 post
1226 3415 1427 3479 pauca
1469 3416 1545 3458 ex
1585 3396 1824 3458 Thoma
1866 3395 2131 3457 dicetur.
2167 3396 2331 3457 Dicit

834 3515 1087 3578 quoque
1116 3496 1372 3577 angelos
1402 3515 1540 3558 esse
1581 3495 1645 3556 in
1686 3513 1938 3575 genere,
1973 3502 2035 3555 et
2065 3494 2187 3556 sub
2223 3494 2333 3556 illo

834 3594 1114 3656 diversas
1146 3593 1390 3677 species
1422 3591 1914 3674 specialissimas
1945 3591 2172 3673 accipi.
2201 3611 2337 3673 pos-

833 3713 899 3756 se
946 3693 1313 3766 consistere,
1345 3692 1511 3754 sicut
1553 3691 1672 3753 hoc
1720 3710 1913 3772 supra
1962 3691 2196 3753 clarius
2237 3700 2333 3754 est

831 3800 1177 3856 ostensum.

913 3893 1215 3954 Praeterea
1256 3891 1333 3952 de
1378 3890 1519 3962 hoc,
1562 3910 1641 3952 an
1687 3889 1815 3951 sint.
1858 3889 2073 3970 plures
2123 3888 2330 3969 angeli

834 3992 1025 4054 unius
1055 3989 1315 4072 speciei,
1350 3989 1573 4051 scribit
1604 3989 1710 4050 hic
1739 3988 2009 4052 Thomas
2045 4006 2059 4050 :
2094 3989 2182 4050 De
2214 3988 2332 4051 hoc

831 4101 980 4154 sunt
1022 4099 1149 4154 tres
1198 4090 1551 4174 opinioneS.
1596 4089 1861 4161 Quidam
1913 4108 2191 4170 namque
2240 4087 2332 4149 di-

2444 3111 2506 3164 et-
2537 3102 2884 3184 disparatas
2924 3101 3114 3163 simul
3157 3101 3440 3183 recipere
3472 3108 3696 3182 potest.
3731 3100 3950 3163 Diver-

2445 3201 2596 3263 sitas
2643 3207 2856 3262 autem
2917 3200 3193 3283 partium
3245 3199 3308 3261 in
3359 3198 3622 3260 materia
3672 3198 3946 3280 intelligi

2444 3299 2688 3380 nequit,
2723 3297 2846 3360 nisi
2892 3297 3417 3379 praeintelligatur
3465 3297 3530 3358 in
3575 3315 3649 3359 ea
3692 3298 3948 3379 quanti-

2445 3405 2538 3458 tas
2582 3397 2936 3459 dimensiva
2979 3397 3055 3458 ad
3102 3395 3316 3457 minus
3359 3395 3785 3468 interminata,
3829 3415 3948 3478 per

2445 3515 2635 3578 quam
2695 3494 3035 3569 dividatur,
3091 3503 3158 3556 ut
3217 3494 3383 3557 libro
3440 3494 3519 3556 de
3576 3493 3948 3556 Substantia

2444 3593 2616 3656 orbis
2658 3602 2721 3656 et
2754 3595 2960 3677 primo
2996 3593 3405 3676 Physicorum
3449 3593 3731 3675 loquitur
3759 3593 3946 3656 Com-

2445 3701 2780 3767 mentator‚
2822 3700 2941 3754 etc.
2985 3693 3128 3756 Haec
3169 3691 3440 3754 Thomas
3487 3692 3551 3754 in
3596 3692 3862 3774 Scripto.

2525 3793 2651 3854 Hoc
2684 3792 2852 3854 idem
2895 3791 3138 3853 sortite-r
3168 3791 3391 3853 asserit
3424 3791 3488 3853 in
3521 3791 3728 3873 prima
3762 3800 3945 3873 parte.

2444 3891 2742 3959 Summae‚
2786 3888 3315 3970 quinquagesima
3364 3889 3712 3970 quaestione
3759 3909 3774 3954 t
3825 3892 3946 3953 lm-

2443 3988 2749 4070 possibile
2795 3987 3152 4069 (inquiens)
3201 3995 3296 4050 est
3344 3988 3601 4068 angelos
3649 3988 3942 4070 ejusdem

2441 4086 2814 4148 hierarchiae
2851 4093 2959 4147 aut
2990 4086 3232 4147 ordinis
3269 4105 3408 4148 esse
3447 4086 3684 4167 speciei
3727 4089 3940 4152 unius.

831 4198 1080 4262 xerunt,
1130 4190 1299 4271 quod
1348 4206 1570 4251 omnes
1627 4188 1833 4268 angeli
1896 4195 2045 4249 sunt
2092 4187 2329 4268 speciei
2363 4186 2413 4246 D
2443 4185 2529 4246 Ea
2569 4185 2808 4266 quippe
2848 4203 2990 4265 quae
3036 4184 3426 4246 conveniunt
3467 4184 3680 4267 specie
3718 4193 3782 4246 et
3820 4185 3946 4248 dif-

832 4289 1045 4360 unius,
1100 4288 1165 4348 in
1217 4294 1462 4348 tantum
1512 4287 1680 4367 quod
1730 4286 1919 4347 etiam
1982 4292 2332 4367 posuerunt

830 4386 1088 4466 angelos
1127 4391 1190 4447 et
1228 4384 1471 4446 animas
1517 4383 1851 4445 rationales
1896 4384 2085 4445 unius
2126 4383 2331 4445 consi-

832 4493 997 4547 stere
1040 4483 1295 4565 speciei.
1330 4483 1451 4545 Alii
1492 4482 1735 4554 dicunt,
1768 4483 1935 4563 quod
1975 4483 2238 4563 angelus
2269 4490 2332 4544 et

831 4583 1043 4645 anima
1088 4579 1397 4643 disserunt
1439 4580 1673 4661 specie,
1708 4588 1771 4640 et
1815 4580 1965 4641 item
2009 4581 2178 4662 quod
2227 4600 2334 4642 an-

830 4681 1011 4763 gelus
1052 4679 1242 4744 unius
1283 4678 1525 4742 ordinis
1565 4677 1786 4740 differt
1812 4678 1892 4739 ab
1923 4679 2147 4759 angelo
2184 4679 2334 4741 alte-

831 4781 967 4842 rius
1018 4779 1257 4842 ordinis
1309 4777 1559 4859 specieff,
1608 4794 1829 4838 omnes
1878 4794 2029 4838 vero
2076 4777 2334 4857 angelos

832 4878 1023 4939 unius
1068 4875 1333 4947 ordiniS,
1368 4874 1657 4955 ejusdem
1704 4892 1841 4935 esse
1880 4874 2116 4954 speciei
2159 4874 2334 4936 affir-

834 4983 1027 5039 mant.
1073 4975 1196 5038 Alii
1245 4974 1489 5046 dicunt,
1532 4973 1700 5054 quod
1752 4971 2022 5053 quilibet
2071 4972 2334 5054 angelus

833 5074 1053 5136 differt
1082 5093 1117 5134 a
1148 5071 1434 5155 quolibet
1473 5071 1598 5133 alio
1640 5071 1874 5153 specie,
1910 5071 1994 5133 ita
2033 5072 2202 5154 quod
2245 5078 2335 5133 tot

835 5181 985 5236 sunt
1042 5171 1287 5254 species
1347 5169 1711 5251 in,angelis
1771 5177 1925 5251 quot
1984 5188 2270 5251 personae
2317 5187 2331 5231 :

838 5269 1008 5351 quod
1065 5277 1367 5333 consonat
1425 5269 1612 5331 dictis
1670 5268 2222 5351 philosophorum,
2273 5275 2335 5329 et

2441 4283 2656 4345 ferunt
2706 4299 2995 4357 numero,
3051 4282 3113 4343 in
3168 4281 3372 4345 forma
3419 4283 3829 4355 conveniunt,
3879 4293 3947 4348 et

2445 4381 2856 4444 materialiter
2903 4381 3402 4461 distinguuntur.
3453 4381 3787 4464 Quumque
3834 4402 3946 4446 an-

2442 4481 2566 4563 geli
2609 4499 2734 4543 non
2776 4480 2903 4542 sint
2933 4499 3010 4542 ex
3053 4481 3314 4542 materia
3347 4488 3409 4543 et
3443 4481 3646 4543 forma
3687 4501 3946 4565 compo-

2443 4580 2571 4652 siti,
2606 4578 3002 4661 impossibile
3043 4587 3139 4641 est
3177 4581 3334 4642 duos
3373 4579 3662 4660 ejusdem
3705 4581 3946 4662 speciei

2442 4678 2698 4758 angelos
2727 4697 2884 4740 esse.
2923 4677 2986 4739 Si
3019 4677 3209 4739 etiam
3241 4677 3447 4758 angeli
3479 4677 3785 4741 haberent
3817 4699 3948 4742 ma-

2442 4776 2689 4848 teriam,
2725 4795 2842 4837 nec
2883 4775 2976 4838 sic
3013 4783 3266 4856 possent
3300 4794 3439 4837 esse
3480 4775 3694 4857 plures
3733 4778 3946 4858 angeli

2444 4874 2680 4956 speciei
2729 4875 2937 4935 unius.
2974 4874 3303 4956 Oporteret
3345 4874 3518 4936 enim
3559 4876 3728 4956 quod
3768 4877 3946 4957 prin-

2445 4972 2687 5053 cipium
2737 4971 3165 5034 distinctionis
3223 4971 3414 5033 unius
3466 4971 3547 5034 ab
3595 4972 3720 5035 alio
3775 4983 3950 5037 esset

2446 5070 2732 5144 materia,
2767 5088 2893 5132 non
2933 5069 3285 5144 secundum
3327 5069 3706 5133 divisionem
3747 5091 3950 5153 quan-

2446 5169 2666 5243 titatiS,
2711 5188 2911 5251 quum
2961 5168 3086 5230 sint
3138 5168 3517 5251 incorporei,
3560 5170 3670 5232 sed
3719 5188 3951 5232 secun-

2448 5268 2600 5331 dum
2651 5267 3083 5330 diversitatem
3135 5267 3562 5350 potentiarum
3607 5284 3622 5329 ε
3663 5287 3806 5350 quae
3854 5269 3952 5333 di-

4127 3919 4230 3958 .⁸-
