4334 6242
821 475 943 540 224

1482 493 1545 539 IN
1588 495 1809 542 LIBRUM
1849 493 1897 540 11
1936 492 2419 540 SENTENTIARUM.
2465 509 2546 522 ·-·-
2585 493 2740 540 DIST.
2787 493 2895 557 1113
2937 494 3161 550 QUAEST.
3209 495 3278 542 111

824 681 953 726 non
994 663 1314 741 redditur3
1356 662 1497 724 ideo
1537 661 2005 726 insufficienter
2045 661 2323 742 assigna·
2355 661 2406 724 A
2433 662 2587 724 dum
2636 662 2939 745 speciem,
2981 662 3216 726 falsum
3264 671 3360 725 est
3405 681 3420 726 τ
3473 663 3604 726 imo
3651 663 3946 727 breviter

826 769 930 826 tur
973 762 1365 844 principium
1414 760 1797 842 pluralitatis
1847 759 2326 823 individuorum

827 863 947 926 sub
988 862 1199 944 specie
1238 879 1315 924 ex
1357 861 1489 923 sola
1530 859 1809 924 materiae
1854 859 2328 941 plurificatione

827 979 941 1042 per
984 959 1423 1042 quantitatem.

906 1058 1259 1120 Dice-ndum
1302 1075 1473 1138 ergo,
1507 1057 1677 1139 quod
1719 1074 1908 1118 causa
1951 1053 2326 1138 principalis

826 1165 1015 1238 atque
1076 1156 1422 1218 intrinseca
1477 1156 1647 1237 quod
1705 1155 1919 1236 aliqua
1982 1153 2188 1216 forma
2245 1151 2328 1214 sit

828 1253 1299 1336 plurificabilis,
1333 1262 1429 1316 est
1470 1252 1737 1316 latit-udo
1780 1273 1909 1316 suae
1954 1260 2217 1325 naturae,
2250 1271 2327 1312 ex

826 1371 954 1434 qua
1002 1353 1300 1414 convenit
1348 1352 1408 1414 ei
1458 1370 1643 1432 posse
1702 1369 1841 1414 esse
1891 1350 1954 1412 in
2008 1349 2322 1432 pluribus.

826 1451 1037 1533 Porr0,
1072 1451 1242 1532 quod
1287 1449 1676 1532 possibilitas
1722 1469 1833 1511 seu
1877 1448 2164 1531 aptitudo
2209 1446 2329 1508 ista

828 1550 1214 1631 perducatur
1254 1550 1333 1610 ad
1374 1556 1609 1622 actum,
1654 1556 1919 1631 possunt
1962 1566 2099 1610 esse
2136 1545 2328 1608 variae

829 1666 1033 1710 causae
1076 1648 1446 1710 extrinsecae
1495 1665 1606 1709 seu
1652 1664 1997 1708 concausae.
2042 1644 2326 1724 Denique

828 1746 1119 1826 quaedam
1159 1745 1399 1818 formae,
1437 1753 1499 1806 ut
1535 1745 1761 1806 animae
1803 1742 2163 1815 rationales,
2199 1759 2327 1802 ma·

2435 760 2599 834 dico,
2643 762 2814 843 quod
2861 762 3038 823 nulla
3087 762 3456 826 differentia
3501 771 3596 826 est
3643 763 3766 826 nisi
3813 781 3948 845 per

2437 859 2727 921 formam.
2765 861 3093 942 Siquidem
3134 881 3248 942 per
3279 861 3632 935 materiam,
3664 881 3804 944 quae
3837 869 3944 923 est

2438 975 2597 1038 pura
2627 958 2930 1038 potentia,
2965 977 3064 1020 res
3100 977 3228 1021 non
3263 967 3531 1040 possunt
3559 959 3821 1022 differre
3853 959 3946 1020 ab

2439 1055 2714 1118 invicem
2751 1073 2764 1117 :
2798 1057 2950 1138 quia
2979 1055 3242 1119 differre
3271 1057 3576 1140 supponit
3611 1075 3785 1136 esse3
3817 1075 3950 1139 per

2440 1156 2767 1218 materiam
2805 1163 3018 1217 autem
3051 1156 3212 1219 nihil
3243 1156 3432 1218 habet
3463 1175 3624 1231 esse,
3659 1157 3768 1218 sed
3795 1165 3946 1217 tan-

2442 1261 2574 1314 tum
2616 1272 2730 1335 per
2769 1253 3060 1317 formam.
3095 1253 3523 1337 Quaecumque
3561 1273 3712 1335 ergo
3749 1253 3948 1316 diffe-

2439 1357 2606 1424 runt‚
2651 1359 2712 1413 et
2755 1352 3306 1434 qualitercumque
3352 1353 3685 1426 differunt,
3727 1360 3942 1415 totum

2438 1455 2534 1510 est
2593 1468 2706 1530 per
2764 1449 3034 1513 formam
3094 1451 3161 1513 in
3219 1451 3602 1513 habentibus
3661 1452 3939 1514 formam

2439 1555 2626 1628 atque
2674 1549 3021 1611 materiam.
3065 1549 3278 1612 Nihilo
3321 1549 3535 1612 minus
3585 1550 3944 1612 materialia

2437 1644 2517 1708 ab
2563 1645 3090 1709 immaterialibus
3134 1666 3329 1730 penes
3375 1649 3704 1710 materiam
3747 1647 3943 1710 diffe—

2439 1752 2588 1805 runt.
2627 1745 2979 1807 secundum
3019 1745 3516 1808 affirmationem
3557 1754 3619 1808 et
3651 1747 3944 1828 'negatio-

830 1851 983 1904 nent
1040 1842 1411 1904 naturaliter
1472 1842 1687 1905 multae
1746 1841 1885 1930 sine
1944 1839 2210 1902 materia
2264 1844 2329 1901 et
2363 1845 2410 1908 Β
2439 1863 2587 1905 nem
2632 1863 2646 1908 :
2691 1864 2836 1907 nam
2886 1864 3087 1906 unum
3137 1843 3327 1907 habet
3370 1846 3719 1919 materiam,
3761 1845 3944 1908 aliud

830 1940 1212 2022 quantitate3
1245 1948 1308 2002 et
1338 1939 1559 2003 formae
1599 1939 1930 2001 inferiores
1971 1957 2085 2019 per
2127 1937 2328 1999 omni-

830 2038 1181 2120 potentiam
1218 2038 1327 2101 Dei
1367 2046 1634 2120 possunt
1668 2057 1705 2100 a
1746 2035 2010 2098 materia
2048 2034 2330 2116 separari

828 2144 893 2198 et
934 2138 1275 2219 separatim
1321 2155 1595 2199 manere.
1641 2137 1785 2199 Haec
1827 2135 2018 2197 etiam
2065 2134 2329 2196 latitudo

830 2237 1129 2299 convenit
1157 2235 1380 2299 formis
1412 2254 1448 2297 a
1479 2254 1668 2298 causa
1707 2242 1931 2315 agente
1972 2252 2083 2295 seu
2119 2251 2333 2294 crean-

829 2343 912 2408 te,
953 2343 1017 2396 et
1061 2341 1268 2417 potest
1318 2333 1493 2396 omni
1544 2341 1783 2396 naturae
1832 2339 2216 2412 competere,
2261 2337 2330 2391 ut

829 2430 1245 2511 probabiliter
1275 2430 1531 2504 dicitur,
1565 2449 1765 2511 quum
1807 2427 2070 2490 materia
2106 2434 2168 2488 et
2211 2425 2333 2488 for-

830 2546 949 2590 mae
992 2528 1415 2590 accidentales
1462 2547 1535 2590 ac
1581 2527 1898 2589 naturales
1949 2525 2145 2587 insint
2191 2524 2330 2606 plu-

831 2625 1008 2689 ribus
1052 2627 1173 2688 sub
1218 2627 1431 2708 specie
1476 2645 1619 2688 una.

910 2727 997 2788 De
1048 2725 1421 2788 substantiis
1482 2741 1737 2807 quoque
1794 2722 2100 2806 separatis
2159 2723 2330 2784 idem

830 2822 1135 2907 probatur
1172 2823 1545 2885 auctoritate
1576 2841 1651 2884 ac
1682 2821 1941 2884 ratione.
1976 2820 2155 2884 Ratio
2185 2820 2330 2882 talis

830 2929 927 2984 est
984 2940 998 2984 :
1060 2921 1281 2984 Omnis
1341 2928 1565 2982 natura
1620 2939 1762 3001 quae
1821 2919 2196 3002 producitur
2249 2917 2330 2980 ab

2441 1959 2584 2002 non.
2619 1977 2700 1986 —
2737 1943 2864 2003 Hoc
2910 1941 3062 2005 item
3105 1942 3460 2018 sciendum,
3501 1944 3668 2025 quod
3713 1963 3945 2025 quam·

2438 2039 2536 2100 vis
2575 2041 2970 2103 conservatio
3011 2041 3247 2123 speciei
3293 2042 3377 2104 sit
3414 2043 3703 2123 quaedam
3747 2061 3946 2106 causa

2441 2137 2993 2219 multiplicationis
3035 2139 3514 2202 individuorum
3555 2141 3677 2202 sub
3719 2141 3944 2222 specie

2440 2236 2955 2318 corruptibilium
2994 2257 3230 2312 rerum,
3265 2257 3391 2300 non
3424 2246 3632 2300 tamen
3667 2247 3762 2302 est
3793 2259 3946 2302 cau-

2441 2353 2508 2395 sa
2551 2333 2614 2396 in
2659 2335 2980 2408 omnibuS,
3023 2355 3142 2398 nec
3185 2336 3316 2398 sola
3361 2355 3480 2398 nec
3523 2343 3652 2399 tota
3693 2354 3938 2400 causa:

2439 2431 2596 2494 alias
2635 2450 2762 2495 nou
2804 2433 3382 2514 multiplicarentur
3413 2435 3557 2515 plus
3595 2454 3788 2517 quam
3827 2455 3943 2498 ne·

2442 2547 2617 2591 cesse
2656 2539 2752 2592 est
2788 2530 2865 2592 ad
2907 2529 3144 2613 speciei
3186 2533 3750 2594 conservationem.
3785 2533 3946 2596 Mul-

2442 2626 2812 2708 tiplicantur
2866 2646 3017 2709 ergo
3065 2635 3128 2690 et
3175 2636 3435 2710 propter
3490 2629 3645 2692 alias
3703 2629 3944 2692 multas

2445 2724 2768 2799 utilitateS,
2811 2744 2968 2807 quas
3014 2726 3179 2788 Deus
3224 2728 3672 2808 praeordinavit
3714 2747 3942 2810 prove-

2443 2821 2579 2884 nire
2625 2841 2702 2886 ex
2745 2823 2836 2886 eis
2883 2831 3011 2886 tam
3057 2824 3124 2886 in
3167 2827 3694 2908 corruptibilibus
3741 2845 3942 2909 quam

2441 2919 2507 2981 in
2550 2920 3163 3003 incorruptibilibus
3197 2959 3277 2968 —
3305 2924 3448 2987 Haec
3479 2925 3831 2987 DuranduS.
3865 2925 3940 2986 In

829 3029 1053 3102 agente
1109 3020 1359 3083 actione
1417 3019 1787 3092 reiterabili,
1846 3003 2333 3100 potest-secun·
2366 3023 2408 3086 C
2441 3018 2627 3099 cujus
2675 3020 2862 3082 dictis
2923 3029 3073 3082 sunt
3117 3021 3332 3103 aliqua
3379 3043 3521 3104 quae
3579 3023 3940 3086 recitatorie

830 3120 984 3181 dum
1028 3137 1371 3182 numerum
1412 3117 1789 3200 plurificari.
1826 3116 1944 3180 Sed
1977 3116 2185 3178 omnis
2223 3135 2330 3177 na·

832 3227 974 3281 tura
1003 3224 1211 3279 creata
1244 3225 1341 3278 est
1374 3215 1535 3277 talis.
1570 3215 2115 3288 Quemadmodum
2156 3215 2331 3276 enim

829 3335 1022 3398 agens
1053 3334 1181 3377 una
1209 3316 1457 3378 actione
1489 3313 1783 3395 producit
1816 3331 2036 3385 unum,
2066 3312 2159 3374 sic
2191 3312 2330 3394 plu-

831 3415 1010 3477 ribus
1041 3415 1264 3497 plura:
1299 3413 1451 3495 quia
1480 3411 1647 3473 sicut
1674 3411 1841 3474 actio
1873 3411 2180 3473 iterabilis
2209 3420 2326 3486 est,

832 3515 919 3575 ita
964 3520 1029 3574 et
1076 3512 1389 3574 terminus
1447 3511 1734 3573 actionis.
1788 3511 1857 3572 In
1907 3509 2005 3571 his
2054 3529 2330 3591 namque

832 3619 961 3673 tota
987 3610 1377 3692 possibilitas
1407 3609 1670 3671 unitatis
1701 3608 2210 3690 pluralitatisque
2238 3628 2334 3670 ac-

833 3711 1023 3772 tionis
1060 3718 1125 3770 et.
1155 3709 1471 3790 producti,
1504 3715 1601 3770 est
1639 3726 1717 3768 ex
1748 3707 1983 3769 virtute
2020 3715 2085 3768 et
2112 3706 2330 3769 effica-

832 3808 930 3870 cia
969 3807 1397 3891 producentiS.
1440 3807 1601 3868 Hinc
1640 3805 1705 3866 in
1746 3805 1980 3867 divinis
2024 3823 2161 3867 esse
2203 3825 2330 3869 non

831 3907 999 3969 valet
1038 3905 1160 3968 nisi
1202 3905 1399 3967 Filius
1441 3924 1627 3978 unus,
1662 3903 1965 3985 quoniam
2001 3903 2167 3965 actio
2207 3922 2332 3985 qua

832 4005 1227 4088 producitur,
1263 4021 1389 4066 non
1422 4011 1629 4084 potest.
1659 4001 2040 4084 interrumpi
2071 4020 2190 4063 nec
2221 4002 2332 4064 ite-

832 4105 955 4166 rari
1004 4105 1172 4166 sicut
1218 4102 1471 4165 creatio,
1527 4101 1746 4164 Omnis
1800 4101 1995 4182 igitur
2043 4108 2332 4163 creatura

2442 3125 2628 3199 tango
2661 3137 2676 3181 :
2709 3125 2987 3181 attamen
3019 3119 3171 3182 satis
3202 3120 3453 3182 videtur
3482 3121 3771 3202 probare,
3800 3138 3944 3203 pos-

2441 3216 2628 3278 sibile
2667 3235 2806 3279 esse
2847 3217 3061 3298 plures
3100 3217 3356 3299 angelos
3396 3219 3516 3280 sub
3555 3238 3680 3281 una
3722 3219 3942 3300 specie

2440 3333 2600 3389 esse,
2651 3315 2821 3396 quod
2868 3321 2932 3376 et
2981 3315 3146 3378 infra
3202 3316 3437 3378 clarius
3484 3335 3557 3379 ac
3604 3314 3943 3378 efficacius

2440 3413 2828 3475 ostendetur.

2521 3511 2743 3574 Scotus
2786 3529 3040 3593 quoque
3083 3530 3098 3574 ε
3143 3512 3456 3586 Dicentes,
3500 3513 3728 3594 inquit,
3769 3513 3946 3595 prin-

2440 3609 2682 3691 cipium
2742 3609 3264 3673 individuationis
3323 3631 3462 3673 esse
3516 3612 3940 3693 quantitatem

2438 3716 2548 3770 aut
2579 3708 2931 3784 materiam,
2965 3717 3427 3791 consequenter
3460 3710 3682 3772 dicunt
3723 3710 3788 3772 in
3825 3729 3940 3773 an-

2438 3806 2597 3887 gelis
2636 3824 2762 3868 non
2805 3825 2990 3888 posse
3027 3808 3243 3890 plures
3283 3808 3404 3870 sub
3437 3826 3562 3870 una
3597 3809 3812 3890 specie
3840 3827 3942 3870 es-

2439 3923 2528 3977 se,
2561 3911 2625 3965 et
2660 3903 2896 3966 habent
2926 3905 3157 3980 dicere,
3191 3906 3361 3987 quod
3402 3906 3521 3968 hoc
3557 3923 3686 3968 non
3725 3906 3940 3968 solum

2440 4002 2836 4084 impossibile
2881 4003 2964 4064 sit
3006 4023 3082 4066 ex
3132 4003 3515 4086 proprietate
3567 4004 3938 4079 intrinseca,

2438 4102 2548 4162 sed
2576 4102 2770 4163 etiam
2810 4101 3194 4183 proprietate
3232 4102 3608 4176 extrinseca,
3643 4102 3730 4165 ita
3763 4105 3940 4185 quod

831 4210 1038 4285 potest
1074 4200 1428 4284 plurificari
1471 4217 1757 4272 numero,
1792 4199 2145 4280 praesertim
2185 4199 2331 4260 sub-
2358 4207 2407 4268 D
2437 4198 2820 4279 simpliciter
2876 4199 3272 4281 impossibile
3331 4199 3435 4273 sit,
3486 4199 3638 4281 quia
3693 4208 3942 4264 naturae

831 4300 1078 4364 stantiae
1128 4307 1452 4381 separatae,
1495 4317 1693 4380 quum
1742 4306 1871 4360 tota
1918 4317 1995 4358 ex
2044 4299 2176 4360 Deo
2223 4297 2328 4358 de·

831 4400 1121 4482 pendeat.
1174 4433 1255 4443 —
1300 4396 1688 4460 Auctoritate
1736 4396 1930 4458 etiam
1987 4403 2159 4477 patet
2209 4396 2327 4459 hoc

831 4496 1170 4579 Augustini
1213 4495 1399 4558 tertio
1442 4495 1606 4557 libro
1650 4495 1726 4556 de
1770 4494 1997 4557 Libero
2038 4493 2324 4569 arbitri0,

833 4596 944 4658 ubi
990 4596 1257 4677 loquens
1306 4595 1382 4656 de
1425 4592 1633 4673 angeli
1679 4600 1958 4674 peccat-o,
1994 4592 2327 4674 supposito

832 4695 1001 4777 quod
1041 4711 1263 4756 omnes
1303 4699 1694 4774 peccassent,
1731 4690 1819 4752 ait
1853 4708 1867 4751 ε
1908 4691 2037 4753 Νθθ
2076 4691 2325 4753 bonitas

832 4795 942 4857 Dei
994 4793 1180 4856 taedio
1227 4791 1463 4872 aliquo,
1513 4808 1628 4851 nec
1676 4789 2137 4870 omnipotentia
2185 4789 2326 4869 ejus

830 4890 1213 4954 difficultate
1243 4887 1545 4950 deficeret
1580 4886 1739 4949 alios
1768 4887 2040 4949 creando
2068 4905 2228 4967 quos
2259 4887 2326 4948 in

830 4989 1074 5052 eisdem
1115 4986 1376 5050 sedibus
1420 4985 1777 5047 collocaret.

907 5088 1231 5150 Postremo
1262 5083 1751 5146 fundamentum
1788 5082 2048 5144 alterius
2084 5083 2327 5164 opinio-

826 5187 949 5260 niS,
1000 5202 1129 5267 quo
1177 5183 1433 5256 dicitur,
1484 5181 1654 5263 quod
1702 5181 1911 5243 omnis
1960 5180 2327 5243 differentia

826 5284 1179 5348 secundum
1226 5282 1499 5346 formam
1546 5287 1643 5342 est
1685 5279 2050 5342 differentia
2098 5298 2322 5342 secun-

2438 4296 2587 4357 huic
2629 4305 2938 4378 repugnat
2967 4297 3291 4360 distinctio
3330 4298 3538 4360 solum
3579 4297 3940 4362 individua-

2439 4393 2537 4467 lis,
2571 4412 2646 4456 eo
2677 4396 2846 4476 quod
2877 4395 3002 4458 sibi
3036 4404 3343 4476 repugnet
3373 4395 3438 4457 id
3469 4396 3638 4477 quod
3670 4397 3938 4478 praecise

2438 4499 2644 4574 potest
2681 4511 2818 4555 θεεθ
2859 4493 3250 4575 principium
3291 4493 3435 4555 talis
3477 4494 3929 4558 distinctionis,

2439 4592 2870 4654 Fundamenta
2924 4601 3137 4654 autem
3197 4591 3392 4672 hujus
3437 4592 3758 4675 opinionis
3817 4593 3936 4656 im·
3963 4621 4280 4673 ..tanea-12

2438 4689 2699 4770 probata
2749 4699 2898 4752 sunt
2945 4709 3138 4772 supra
3178 4707 3193 4752 ε
3236 4689 3477 4753 idcirco
3521 4693 3790 4754 tenenda
3835 4701 3936 4754 est

2437 4788 2762 4851 conclusio
2806 4789 3184 4871 simpliciter
3228 4789 3538 4871 opposita.
3582 4789 3802 4852 Omnis
3843 4801 3937 4852 et-

2437 4887 2610 4948 enim
2653 4887 2974 4968 quidditas
3019 4895 3328 4968 quantum
3371 4895 3471 4950 est
3512 4888 3592 4950 de
3635 4907 3724 4960 εθ,
3767 4906 3940 4951 com-

2439 4984 2847 5047 municabilis
2887 4993 3003 5059 est,
3037 4985 3228 5047 etiam
3267 4985 3591 5066 quidditas
3621 4986 3751 5047 Dei.
3785 4986 3941 5048 Nul-

2439 5083 2498 5144 la
2537 5092 2750 5145 autem
2795 5082 3352 5146 communicabilis
3393 5091 3493 5145 est
3530 5082 3824 5165 pluribus
3867 5085 3938 5146 in

2436 5181 2764 5244 identitate
2795 5181 3130 5257 numerali,
3164 5181 3288 5244 nisi
3333 5181 3418 5243 sit
3448 5182 3704 5244 infinita
3737 5201 3754 5246 :
3785 5201 3942 5265 ergo

2436 5279 2736 5362 quaelibet
2773 5279 2897 5342 alia
2941 5279 3496 5342 communicabilis
3539 5287 3658 5356 est,
3689 5288 3754 5342 et
3789 5281 3938 5361 hoc,
