4334 6242
528 1002 793 1053 Mar0,.‚.25,
822 976 1261 1041 obmutesce-re
1287 980 1494 1059 jussit,
1512 981 1700 1044 etiam
1729 984 1980 1064 quando
2009 1002 2159 1045 vera
2190 1001 2325 1065 pro-

528 1257 592 1299 18.

820 487 943 553 378
1501 510 1566 557 m
1604 509 1828 558 mentm
1867 512 1911 558 11
1952 512 2435 558 sam-ammaum.
2480 530 2561 541 —
2601 514 2753 560 msr.
2792 514 2918 577 vu3
2962 515 3184 571 omnsr.
3228 516 3249 563 1

823 680 1112 755 credunt,
1149 688 1212 743 et
1251 683 1770 746 contremiscunt.
1806 687 1930 748 Aut
1969 686 2320 749 intentione
2352 682 2402 747 A
2433 684 2530 746 vis
2562 704 2709 748 eum
2741 704 2867 748 non
2899 686 3235 768 exprimat.
3262 688 3478 770 Itaque
3506 687 3716 769 arguit
3743 687 3933 749 ratio-

822 780 1184 862 decipiendi
1221 799 1234 843 ε
1270 789 1342 842 ut
1379 802 1579 863 quum
1621 802 1771 845 vera
1810 784 2071 865 profert,
2105 794 2323 867 quate—

822 897 944 940 nus
994 879 1152 942 falsa
1194 882 1622 945 commisceat.
1658 884 1802 947 Ideo
1844 884 2128 948 Christus
2173 904 2319 947 eum

822 1077 1138 1140 nuntiavit
1188 1079 1266 1140 de
1315 1098 1400 1141 se.
1445 1081 1673 1143 Paulus
1721 1100 1976 1164 quoque
2019 1082 2315 1164 spiritum

523 1192 796 1243 Acunum—
823 1175 1239 1259 pythonicum
1271 1196 1423 1241 vera
1450 1179 1528 1241 de
1559 1180 1698 1262 ipso
1730 1180 2071 1253 dicentem,
2106 1180 2315 1261 ejecit.

821 1276 945 1337 Aut
975 1275 1170 1337 simili
1203 1276 1415 1358 aliqua
1453 1278 1782 1358 pravitate,
1817 1279 2317 1351 circumstantia,

819 1381 928 1435 aut
959 1373 986 1434 s
989 1373 1091 1435 ine
1121 1393 1439 1455 pervers0.
1458 1376 1586 1438 Nec
1618 1395 1871 1439 causam
1905 1376 2100 1457 hujus
2131 1378 2320 1439 credo

819 1470 1109 1533 habitum
1142 1472 1422 1545 malitiae,
1458 1481 1528 1535 ut
1569 1474 1750 1536 multi
1795 1474 2016 1536 dicunt
2050 1492 2064 1536 :
2098 1474 2321 1556 quoni-

815 1589 916 1633 am
949 1569 1056 1632 ille
1089 1589 1212 1633 non
1245 1571 1580 1634 inclinaret
1608 1573 1683 1635 ad
1716 1591 1904 1635 omne
1932 1572 2318 1645 malum‚sed

817 1676 1066 1730 tantum
1125 1671 1202 1731 ad
1261 1688 1454 1751 opera
1505 1669 1627 1732 sibi
1678 1670 1915 1734 similia
1961 1671 2315 1734 secundum

814 1767 1095 1849 speciem
1141 1770 1402 1849 peccati.

2431 802 2578 845 nem
2620 784 3078 865 praeinductam
3120 805 3311 867 quam
3341 787 3612 849 Thomas
3650 787 3932 867 assignat
3984 810 4037 851 r·
4064 794 4249 839 ³⁷4⁶·-

2430 881 2875 945 obstinationis
2911 884 3170 959 diaboli,
3203 885 3521 959 videlicet,
3555 885 3725 967 quod
3763 886 3933 947 sicut

2431 980 2831 1061 impossibile
2870 990 2967 1044 est
3003 1003 3040 1044 a
3078 984 3402 1045 voluntate
3444 983 3934 1046 immutabiliter

2429 1077 2788 1141 adhaerente
2829 1086 3001 1141 recto
3040 1078 3182 1154 sini,
3217 1082 3556 1162 procedere
3596 1099 3757 1162 opus
3792 1098 3934 1162 pra-

2430 1194 2621 1254 vum3
2654 1176 2746 1237 sic
2784 1178 3139 1240 econtrario
3180 1178 3577 1261 impossibile
3616 1188 3713 1241 est
3751 1198 3788 1241 a
3825 1197 3934 1242 vo-

2431 1275 2672 1337 luntate
2715 1274 3201 1339 immutabiliter
3228 1277 3587 1340 adhaerente
3626 1284 3823 1359 pravo
3854 1278 3935 1339 fi-

2432 1373 2521 1445 ni,
2575 1374 2917 1454 procedere
2962 1392 3125 1456 opus
3172 1375 3433 1437 bonum.
3483 1375 3713 1438 Contra
3760 1376 3935 1458 quod

2429 1470 2655 1552 objicit
2686 1471 2777 1532 sic
2812 1489 2825 1531 :
2858 1472 2996 1534 Non
3036 1482 3132 1535 est
3171 1473 3403 1554 aliquis
3444 1473 3596 1535 sinis
3629 1494 3796 1536 unus
3828 1474 3937 1536 cui

2430 1580 2653 1631 omnes
2688 1569 2867 1632 malae
2893 1570 3253 1633 voluntates
3283 1572 3622 1647 adhaerent,
3642 1572 3809 1633 sicut
3838 1578 3940 1633 est

2431 1687 2598 1729 unus
2631 1667 2783 1729 sinis
2822 1668 2926 1730 cui
2967 1686 3189 1732 omnes
3228 1669 3411 1732 bonae
3442 1670 3801 1733 voluntates
3831 1671 3939 1731 ad-

2430 1766 2690 1829 haerent.
2726 1766 2943 1848 Neque
2973 1768 3146 1829 enim
3188 1776 3285 1829 est
3313 1767 3568 1849 aliquod
3604 1787 3935 1831 summum

897 1868 1103 1940 Quum
1134 1885 1283 1947 ergo
1313 1868 1606 1929 relictum
1641 1867 1723 1930 sit
1753 1868 1810 1931 ei
1846 1868 2118 1930 liberum
2149 1868 2317 1930 arbi·
2354 1867 2401 1930 B
2436 1865 2672 1927 malum
2726 1864 2789 1925 in
2838 1882 2966 1946 quo
3018 1866 3197 1928 malae
3248 1866 3603 1928 voluntates
3647 1866 3939 1948 quietan-

815 1965 1032 2038 trium‚
1068 1972 1240 2047 patet
1288 1967 1458 2047 quod
1501 1966 1879 2048 impotentia
1921 1966 2041 2028 ista
2082 1966 2160 2027 ad
2211 1966 2319 2028 bo-

819 2084 972 2125 num
1019 2082 1147 2127 non
1190 2065 1356 2126 tollit
1393 2065 1474 2127 ab
1517 2084 1592 2128 eo
1636 2065 1994 2128 libertatem
2043 2064 2312 2127 arbitrii.

817 2164 1124 2237 Quoniam
1187 2171 1396 2226 tamen
1461 2174 1794 2245 peccatum
1853 2164 2144 2226 vulnerat
2210 2184 2317 2225 na-

817 2262 1047 2323 turalia
1093 2269 1400 2343 quantum
1445 2264 1520 2325 ad
1564 2262 1925 2325 habilitates
1966 2281 2189 2325 eorum
2238 2262 2317 2325 ad

821 2360 1082 2433 bonum,
1137 2360 1374 2424 idcirco
1431 2381 1546 2444 per
1601 2361 1998 2424 immobilem
2061 2361 2319 2423 malitiae

818 2458 1107 2521 habitum
1152 2459 1410 2523 libertas
1452 2460 1698 2523 arbitrii
1749 2461 2022 2522 multum
2069 2460 2134 2521 in
2180 2460 2318 2541 ipso

817 2565 914 2619 est
943 2557 1260 2620 diminuta
1289 2566 1596 2639 quantum
1639 2558 1716 2620 ad
1749 2558 1812 2620 id
1845 2558 1909 2620 in
1940 2576 2068 2639 quo
2103 2558 2321 2639 praeci-

819 2673 943 2737 pue
984 2654 1275 2716 consistit
1311 2655 1453 2734 ejus
1494 2655 1773 2728 libertaS,
1809 2654 1977 2735 quod
2016 2662 2112 2715 est
2147 2653 2321 2716 habi-

820 2752 961 2814 litas
1005 2752 1082 2813 ad
1126 2752 1386 2814 bonum.
1424 2752 1748 2814 Diminuta
1789 2760 1886 2814 est
1926 2759 2140 2813 autem
2191 2770 2318 2813 non

818 2868 932 2931 per
981 2849 1260 2931 aliquam
1307 2850 1712 2922 ablationem,
1747 2851 1855 2912 sed
1901 2868 2015 2931 per
2058 2849 2320 2911 inclina-

819 2949 1056 3011 tionem
1102 2947 1179 3010 ad
1225 2950 1613 3031 oppositum,
1649 2967 1763 3030 per
1810 2948 2096 3011 habitum
2149 2947 2321 3009 mali-

2430 1972 2555 2038 tur,
2588 1963 2754 2025 sicut
2792 1972 2889 2025 est
2927 1964 3184 2046 aliquod
3224 1984 3550 2027 summum
3588 1965 3829 2028 bonum
3863 1967 3933 2027 in

2430 2080 2557 2145 quo
2596 2079 2817 2124 omnes
2860 2062 3043 2125 bonae
3080 2063 3439 2125 voluntates
3482 2063 3869 2127 concordant
3912 2082 3931 2126 ε

2428 2169 2491 2223 et
2523 2168 2732 2221 tamen
2766 2160 2885 2222 hoc
2918 2162 3077 2223 ratio
3108 2161 3215 2223 illa
3255 2162 3578 2243 supponit.
3612 2162 3930 2233 Secundo,

2429 2259 2579 2340 quia
2616 2277 2652 2319 a
2684 2258 3005 2320 voluntate
3044 2258 3402 2322 adhaerente
3442 2267 3616 2322 recto
3642 2259 3787 2332 fini,
3822 2279 3933 2342 po-

2431 2364 2551 2419 test
2599 2358 2941 2438 procedere
2982 2374 3144 2439 opus
3189 2371 3456 2439 pravum
3500 2360 3755 2439 quando
3802 2376 3933 2423 non

2429 2456 2703 2519 refertur
2742 2458 2820 2519 ad
2864 2456 3063 2520 finem
3109 2458 3329 2536 illum3
3371 2459 3668 2521 similiter
3707 2477 3785 2521 ex
3832 2476 3937 2521 vo-

2432 2556 2671 2616 luntate
2722 2556 3081 2619 adhaerente
3124 2574 3321 2638 pravo
3364 2556 3505 2630 sini,
3540 2565 3748 2639 potest
3791 2575 3939 2639 pro-

2430 2654 2655 2715 cedere
2693 2672 2855 2735 opus
2898 2654 3135 2716 bonum
3180 2656 3347 2736 quod
3390 2673 3515 2717 non
3552 2654 3827 2717 refertur
3852 2656 3935 2717 ad

2431 2752 2614 2815 illum
2660 2752 2856 2814 linem
2895 2770 2907 2813 :
2947 2759 3017 2813 ut
3057 2753 3460 2834 praestituens
3502 2753 3625 2815 sibi
3664 2754 3937 2816 delecta-

2429 2849 2669 2912 tionem
2727 2850 3150 2911 adulterinam
3211 2867 3326 2931 pro
3380 2849 3534 2923 sine,
3585 2850 3935 2933 eleemosy-

2431 2966 2578 3009 nam
2629 2955 2837 3028 potest
2890 2948 3179 3011 conferre
3233 2966 3361 3010 non
3422 2956 3683 3030 propter
3728 2948 3931 3012 finem

817 3047 942 3119 tite,
987 3054 1178 3128 atque
1226 3066 1338 3128 per
1382 3047 1821 3128 impotentiam
1868 3046 2140 3130 propriae
2190 3064 2319 3108 suae
2358 3048 2400 3111 C
2433 3046 2637 3121 illum,
2671 3053 2734 3108 et
2775 3045 2938 3108 bene
2981 3045 3151 3108 facit.
3189 3047 3330 3109 Haec
3375 3047 3727 3109 DuranduS.

818 3153 1077 3208 naturae.
1112 3182 1193 3189 —
1221 3146 1364 3208 Haec
1407 3146 1752 3208 UdalricuS.

897 3245 964 3305 In
1008 3244 1194 3323 cujus
1236 3243 1445 3306 verbis
1486 3244 1738 3305 videtur
1765 3243 2111 3306 obscurum
2148 3243 2320 3324 quod

815 3342 905 3403 ait
939 3358 952 3402 :
986 3341 1114 3404 Nec
1158 3360 1412 3403 causam
1453 3342 1648 3421 hujus
1689 3342 1877 3403 credo
1916 3340 2176 3403 malitiae
2214 3340 2321 3401 ha-

818 3440 1047 3512 bitum,
1097 3447 1214 3501 etc.
1269 3440 1472 3513 Quum
1522 3439 1695 3501 enim
1745 3438 2000 3501 habitus
2051 3438 2317 3500 vitiosus

816 3540 894 3599 e'x
932 3537 1148 3599 multis
1181 3538 1364 3601 malis
1403 3536 1651 3599 actibus
1681 3544 2039 3617 generetur,
2074 3544 2319 3598 constat

816 3637 1136 3699 daemones
1181 3636 1393 3717 pravis
1441 3634 1690 3697 actibus
1736 3636 1973 3716 jugiter
2022 3634 2317 3696 insisten-

820 3742 933 3807 teS,
971 3734 1216 3797 vitiosis
1257 3733 1582 3795 habitibus
1627 3752 1766 3795 esse
1807 3732 2099 3814 repletos
2140 3732 2319 3794 Udal-

819 3832 990 3894 ricus
1055 3850 1308 3914 quoque
1371 3832 1438 3893 in
1496 3831 1709 3893 verbis
1770 3837 2067 3912 praetacta
2122 3829 2317 3892 verba

817 3931 1255 4013 sequentibus,
1290 3929 1524 3991 fatetur
1555 3928 1843 3990 habitum
1886 3928 2144 3990 malitiae
2179 3946 2317 3990 esse

817 4029 884 4090 in
917 4028 1093 4112 ipsis.
1130 4028 1303 4102 Quod
1336 4046 1485 4108 ergo
1514 4027 1602 4088 ait
1631 4027 1981 4100 UdalricuS,
2013 4025 2151 4088 Non
2185 4044 2317 4087 cre-

814 4128 897 4190 do
946 4146 1200 4189 causam
1255 4126 1448 4205 hujus
1499 4144 1636 4187 esse
1690 4124 1978 4187 habitum
2034 4123 2313 4196 malitiae,

2511 3144 2818 3217 Quocirca
2865 3144 3118 3206 videtur
3164 3144 3530 3220 dicendum,
3580 3146 3750 3226 quod
3798 3164 3931 3209 non

2428 3242 2636 3323 arguit
2665 3241 3038 3314 efficaciter,
3075 3241 3203 3303 imo
3242 3260 3362 3303 nec
3392 3252 3610 3305 contra
3646 3251 3927 3306 mentem

2429 3339 2488 3403 S.
2523 3340 2799 3413 Thomae,
2832 3348 2895 3401 et
2924 3340 3193 3401 aliorum
3237 3357 3511 3420 quorum
3552 3348 3649 3403 est
3678 3340 3929 3423 illapo·

2428 3438 2598 3511 sitio,
2634 3437 3092 3519 puta,Alber1i‚
3126 3438 3313 3512 Petri,
3348 3438 3645 3510 Udalrici‚
3678 3440 3930 3503 Richar-

2428 3537 2511 3599 di.
2548 3537 2623 3598 Et
2666 3536 2811 3597 dico
2854 3536 2920 3597 in
2965 3535 3214 3616 primiS,
3248 3536 3418 3617 quod
3462 3538 3755 3617 quamvis
3797 3557 3928 3601 non

2428 3636 2509 3697 sit
2564 3634 2821 3716 aliquod
2886 3634 3232 3716 positivum
3295 3653 3620 3697 summum
3684 3637 3925 3699 malum

2428 3733 2598 3815 quod
2639 3731 2722 3794 sit
2758 3732 3182 3794 essentialiter
3222 3733 3485 3807 malum,
3518 3753 3636 3796 nec
3670 3735 3930 3817 aliquod

2428 3829 2667 3892 bonum
2701 3838 2983 3892 creatum
3016 3830 3398 3911 simpliciter
3428 3832 3929 3894 contentativum

2428 3929 2661 3991 mentis
2709 3936 2935 3990 creatae
2986 3945 3000 3989 :
3054 3936 3148 3989 est
3198 3936 3409 3990 tamen
3460 3929 3771 4011 privative
3819 3931 3933 3992 ali-

2430 4027 2597 4108 quod
2640 4045 2967 4087 summum
3008 4025 3273 4099 malum,
3307 4026 3605 4089 videlicet
3650 4029 3931 4091 carentia

2427 4124 2661 4187 divinae
2690 4123 2992 4202 visionis3
3024 4123 3323 4186 similiter
3350 4125 3730 4206 est-aliquod
3761 4144 3931 4188 sum·

817 4226 1116 4307 intelligit
1159 4225 1258 4287 vel
1309 4226 1386 4287 de
1435 4223 1656 4285 habitu
1705 4223 1963 4285 malitiae
2011 4221 2313 4302 generali,
2347 4229 2395 4290 D
2430 4242 2606 4285 mum
2661 4221 2902 4283 malum
2957 4221 3182 4304 culpae,
3236 4230 3307 4283 ut
3354 4222 3574 4284 odium
3628 4223 3781 4302 Dei3
3830 4232 3929 4287 est

815 4334 923 4388 aut
963 4324 1245 4407 speciali.
1281 4324 1416 4385 Non
1456 4321 1758 4403 generali,
1792 4341 1990 4403 quum
2035 4320 2263 4382 subdat
2298 4338 2311 4382 :

816 4423 1123 4498 Quoniam
1159 4422 1266 4483 ille
1307 4440 1430 4484 non
1475 4421 1810 4483 inclinaret
1848 4421 1923 4483 ad
1965 4438 2154 4482 omne
2190 4439 2317 4481 ma-

817 4523 973 4593 lum,
1035 4522 1141 4584 sed
1204 4527 1448 4583 tantum
1512 4522 1588 4582 ad
1648 4539 1839 4601 opera
1895 4519 2015 4581 sibi
2078 4519 2317 4581 similia

815 4622 1166 4685 secundum
1202 4620 1480 4702 speciem
1517 4620 1778 4700 peccati.
1813 4618 1939 4680 Nec
1977 4626 2183 4700 potest
2215 4637 2317 4681 ve-

815 4720 1056 4783 rificari
1103 4720 1181 4781 de
1232 4718 1452 4782 habitu
1513 4718 1772 4779 malitiae
1829 4718 2111 4800 speciali,
2164 4717 2317 4800 quia

814 4820 892 4882 ad
934 4817 1236 4901 specialia
1264 4818 1423 4880 vitia
1461 4835 1538 4878 ex
1579 4816 1964 4897 specialibus
2005 4816 2316 4879 inclinan-

816 4926 919 4979 tur
952 4916 1296 4980 habitibus.
1333 4917 1472 4997 Ipse
1513 4934 1766 4996 quoque
1799 4916 2124 4979 Udalricus
2162 4917 2315 4979 tales

814 5016 1070 5079 habitus
1119 5016 1183 5077 in
1238 5013 1633 5093 daemonibus
1693 5032 1927 5095 ponere.
1982 5015 2046 5076 in
2102 5015 2316 5077 verbis

818 5116 1132 5199 praetactis
1176 5114 1447 5175 videtur.

2428 4324 2581 4385 item
2612 4340 2939 4383 summum
2976 4321 3214 4383 malum
3247 4322 3514 4403 poenale.
3548 4358 3629 4369 —
3657 4323 3921 4398 RursuS,

2424 4423 2593 4484 sicut
2624 4422 2825 4483 honor
2854 4430 2917 4483 et
2945 4421 3147 4501 gloria
3177 4421 3284 4483 Dei
3317 4430 3414 4483 est
3444 4422 3757 4503 generalis
3786 4424 3927 4505 qui-

2427 4522 2571 4583 dam
2604 4519 2755 4581 sinis
2795 4519 3085 4581 omnium
3126 4519 3439 4582 bonorum
3471 4520 3817 4584 electorum
3849 4542 3926 4585 ac

2426 4619 2783 4690 Remorum,
2818 4617 2905 4679 ita
2951 4626 3048 4679 est
3088 4617 3322 4699 aliquis
3364 4617 3519 4680 sinis
3564 4621 3927 4683 communis

2428 4718 2716 4780 omnium
2750 4734 3089 4797 pravorum
3132 4716 3544 4799 reproborum
3578 4725 3643 4779 et.
3670 4718 3930 4781 damna-

2427 4824 2659 4888 torum,
2694 4822 2764 4876 ut
2806 4814 2974 4877 bono
3018 4814 3453 4877 commutabili
3500 4815 3790 4878 ultimate
3833 4818 3929 4879 in·

2428 4915 2687 4978 haerere.
2739 4914 2896 4976 Nam
2956 4920 3019 4975 et
3078 4912 3332 4975 Lucifer
3389 4918 3461 4975 ac
3518 4916 3727 4996 angeli
3782 4916 3927 4997 ejus

2426 5021 2733 5097 perpetuo
2763 5020 2826 5074 et
2856 5012 3338 5075 inavertibiliter
3364 5022 3617 5076 manent
3645 5015 3711 5077 in
3741 5034 3817 5078 ea
3844 5014 3932 5077 af-

2426 5112 2703 5175 fectione
2738 5112 2801 5173 in
2837 5131 2963 5192 qua
2991 5112 3070 5173 de
3110 5112 3271 5174 coelo
3309 5112 3496 5191 ejecti
3536 5121 3722 5192 sunt;
3754 5115 3931 5177 sirni-

886 5216 1190 5278 Praeterea
1220 5212 1539 5275 Durandus
1571 5212 1738 5273 circa
1766 5211 1901 5272 haec
1934 5212 2150 5274 recitat
2179 5213 2323 5275 alio-
2429 5213 2577 5276 liter
2606 5211 2837 5273 animae
2868 5230 3077 5292 pravae
3118 5211 3183 5273 in
3216 5211 3327 5273 illo
3364 5210 3600 5273 affectu
3630 5212 3694 5273 in
3726 5230 3853 5293 quo
3890 5232 3931 5276 a

819 5332 962 5381 rum
997 5312 1366 5397 positioneS,
1402 5310 1762 5396 specialiter
1793 5309 2068 5386 Thomae,
2104 5330 2321 5395 quam-

2432 5330 2697 5396 corpore
2728 5310 3177 5390 migraverunt.
3214 5311 3390 5385 Quod
3418 5311 3592 5373 enim
3626 5311 3689 5373 in
3720 5310 3929 5375 homi-
