<?xml version="1.0" encoding="UTF-8"?>
<!DOCTYPE html PUBLIC "-//W3C//DTD XHTML 1.0 Transitional//EN"
    "http://www.w3.org/TR/xhtml1/DTD/xhtml1-transitional.dtd">
<html xmlns="http://www.w3.org/1999/xhtml" xml:lang="en" lang="en">
 <head>
  <title>
</title>
<meta http-equiv="Content-Type" content="text/html;charset=utf-8" />
  <meta name='ocr-system' content='tesseract 3.04.00' />
  <meta name='ocr-capabilities' content='ocr_page ocr_carea ocr_par ocr_line ocrx_word'/>
</head>
<body>
  <div class='ocr_page' id='page_1' title='image "./doctorisecstati01denigoog_0352.png"; bbox 0 0 4334 6242; ppageno 0'>
   <div class='ocr_carea' id='block_1_1' title="bbox 780 483 901 552">
    <p class='ocr_par' dir='ltr' id='par_1_1' title="bbox 780 483 901 552">
     <span class='ocr_line' id='line_1_1' title="bbox 780 483 901 552; baseline 0 0"><span class='ocrx_word' id='word_1_1' title='bbox 780 483 901 552; x_wconf 79' lang='lat'>318</span> 
     </span>
    </p>
   </div>
   <div class='ocr_carea' id='block_1_2' title="bbox 1478 506 3187 570">
    <p class='ocr_par' dir='ltr' id='par_1_2' title="bbox 1478 506 3187 570">
     <span class='ocr_line' id='line_1_2' title="bbox 1478 506 3187 570; baseline 0 -16"><span class='ocrx_word' id='word_1_2' title='bbox 1478 509 1539 556; x_wconf 77' lang='lat' dir='ltr'>m</span> <span class='ocrx_word' id='word_1_3' title='bbox 1582 509 1804 556; x_wconf 72' lang='lat' dir='ltr'>mulum</span> <span class='ocrx_word' id='word_1_4' title='bbox 1846 511 1887 554; x_wconf 76' lang='lat'>11</span> <span class='ocrx_word' id='word_1_5' title='bbox 1930 506 2412 556; x_wconf 67' lang='lat' dir='ltr'>SENTENTIARUM.</span> <span class='ocrx_word' id='word_1_6' title='bbox 2457 525 2540 536; x_wconf 88' lang='grc'>--</span> <span class='ocrx_word' id='word_1_7' title='bbox 2579 506 2730 554; x_wconf 76' lang='grc' dir='ltr'><strong>ΒῘΒΤ.</strong></span> <span class='ocrx_word' id='word_1_8' title='bbox 2776 509 2852 570; x_wconf 72' lang='lat' dir='ltr'>V3</span> <span class='ocrx_word' id='word_1_9' title='bbox 2897 506 3120 564; x_wconf 76' lang='lat' dir='ltr'>QUAEST.</span> <span class='ocrx_word' id='word_1_10' title='bbox 3166 507 3187 554; x_wconf 87' lang='lat' dir='ltr'>l</span> 
     </span>
    </p>
   </div>
   <div class='ocr_carea' id='block_1_3' title="bbox 782 674 3908 761">
    <p class='ocr_par' dir='ltr' id='par_1_3' title="bbox 782 674 3908 761">
     <span class='ocr_line' id='line_1_3' title="bbox 782 674 3908 761; baseline -0.002 -20"><span class='ocrx_word' id='word_1_11' title='bbox 782 679 933 761; x_wconf 87' lang='lat' dir='ltr'>quia</span> <span class='ocrx_word' id='word_1_12' title='bbox 986 688 1151 742; x_wconf 85' lang='lat' dir='ltr'>stare</span> <span class='ocrx_word' id='word_1_13' title='bbox 1201 697 1327 741; x_wconf 93' lang='lat' dir='ltr'>non</span> <span class='ocrx_word' id='word_1_14' title='bbox 1375 679 1541 741; x_wconf 88' lang='lat' dir='ltr'>valet</span> <span class='ocrx_word' id='word_1_15' title='bbox 1590 698 1735 741; x_wconf 91' lang='lat' dir='ltr'>cum</span> <span class='ocrx_word' id='word_1_16' title='bbox 1786 679 2059 760; x_wconf 89' lang='lat' dir='ltr'>quodam</span> <span class='ocrx_word' id='word_1_17' title='bbox 2113 677 2281 759; x_wconf 90' lang='lat' dir='ltr'>quod</span> <span class='ocrx_word' id='word_1_18' title='bbox 2313 676 2364 738; x_wconf 83' lang='lat' dir='ltr'><strong>A</strong></span> <span class='ocrx_word' id='word_1_19' title='bbox 2395 677 2520 738; x_wconf 91' lang='lat' dir='ltr'>dici</span> <span class='ocrx_word' id='word_1_20' title='bbox 2567 684 2794 758; x_wconf 79' lang='lat' dir='ltr'>potest,</span> <span class='ocrx_word' id='word_1_21' title='bbox 2829 677 2996 758; x_wconf 89' lang='lat' dir='ltr'>quod</span> <span class='ocrx_word' id='word_1_22' title='bbox 3040 676 3301 756; x_wconf 80' lang='lat' dir='ltr'><strong>angelus</strong></span> <span class='ocrx_word' id='word_1_23' title='bbox 3347 674 3700 737; x_wconf 87' lang='lat' dir='ltr'>inordinate</span> <span class='ocrx_word' id='word_1_24' title='bbox 3744 691 3908 734; x_wconf 87' lang='lat' dir='ltr'>con-</span> 
     </span>
    </p>
   </div>
   <div class='ocr_carea' id='block_1_4' title="bbox 782 777 2287 1823">
    <p class='ocr_par' dir='ltr' id='par_1_4' title="bbox 782 777 2287 1823">
     <span class='ocr_line' id='line_1_4' title="bbox 782 777 2284 860; baseline -0.001 -22"><span class='ocrx_word' id='word_1_25' title='bbox 782 785 1085 860; x_wconf 87' lang='lat' dir='ltr'>tanquam</span> <span class='ocrx_word' id='word_1_26' title='bbox 1117 777 1501 840; x_wconf 90' lang='lat' dir='ltr'>conveniens</span> <span class='ocrx_word' id='word_1_27' title='bbox 1532 786 1811 858; x_wconf 84' lang='lat' dir='ltr'>accepto.</span> <span class='ocrx_word' id='word_1_28' title='bbox 1829 777 2003 839; x_wconf 79' lang='lat' dir='ltr'>Velle</span> <span class='ocrx_word' id='word_1_29' title='bbox 2036 793 2284 857; x_wconf 90' lang='lat' dir='ltr'>quoque</span> 
     </span>
     <span class='ocr_line' id='line_1_5' title="bbox 783 875 2287 959; baseline -0.002 -22"><span class='ocrx_word' id='word_1_30' title='bbox 783 876 1317 959; x_wconf 62' lang='lat' dir='ltr'>concupiscentia}</span> <span class='ocrx_word' id='word_1_31' title='bbox 1373 877 1808 958; x_wconf 77' lang='lat' dir='ltr'>praesupponit</span> <span class='ocrx_word' id='word_1_32' title='bbox 1858 875 2022 938; x_wconf 87' lang='lat' dir='ltr'>velle</span> <span class='ocrx_word' id='word_1_33' title='bbox 2070 875 2287 936; x_wconf 90' lang='lat' dir='ltr'>amici-</span> 
     </span>
     <span class='ocr_line' id='line_1_6' title="bbox 783 974 2284 1055; baseline -0.001 -20"><span class='ocrx_word' id='word_1_34' title='bbox 783 974 905 1037; x_wconf 80' lang='lat' dir='ltr'>tiae.</span> <span class='ocrx_word' id='word_1_35' title='bbox 940 975 1145 1048; x_wconf 89' lang='lat' dir='ltr'>Quum</span> <span class='ocrx_word' id='word_1_36' title='bbox 1178 974 1349 1036; x_wconf 89' lang='lat' dir='ltr'>enim</span> <span class='ocrx_word' id='word_1_37' title='bbox 1380 983 1660 1036; x_wconf 83' lang='lat' dir='ltr'>amatum</span> <span class='ocrx_word' id='word_1_38' title='bbox 1693 975 1773 1036; x_wconf 90' lang='lat' dir='ltr'>sit</span> <span class='ocrx_word' id='word_1_39' title='bbox 1810 982 2100 1055; x_wconf 88' lang='lat' dir='ltr'>respectu</span> <span class='ocrx_word' id='word_1_40' title='bbox 2137 991 2284 1035; x_wconf 91' lang='lat' dir='ltr'>con-</span> 
     </span>
     <span class='ocr_line' id='line_1_7' title="bbox 784 1071 2284 1155; baseline -0.001 -21"><span class='ocrx_word' id='word_1_41' title='bbox 784 1073 985 1155; x_wconf 90' lang='lat' dir='ltr'>cupiti</span> <span class='ocrx_word' id='word_1_42' title='bbox 1034 1073 1216 1154; x_wconf 89' lang='lat' dir='ltr'>quasi</span> <span class='ocrx_word' id='word_1_43' title='bbox 1266 1071 1418 1134; x_wconf 81' lang='lat' dir='ltr'>sinis</span> <span class='ocrx_word' id='word_1_44' title='bbox 1478 1072 1579 1134; x_wconf 90' lang='lat' dir='ltr'>cui</span> <span class='ocrx_word' id='word_1_45' title='bbox 1630 1072 1775 1134; x_wconf 83' lang='lat' dir='ltr'>volo</span> <span class='ocrx_word' id='word_1_46' title='bbox 1824 1071 2062 1134; x_wconf 90' lang='lat' dir='ltr'>bonum</span> <span class='ocrx_word' id='word_1_47' title='bbox 2106 1072 2284 1151; x_wconf 90' lang='lat' dir='ltr'>(nam</span> 
     </span>
     <span class='ocr_line' id='line_1_8' title="bbox 784 1168 2286 1253; baseline -0.001 -21"><span class='ocrx_word' id='word_1_48' title='bbox 784 1178 1044 1253; x_wconf 89' lang='lat' dir='ltr'>propter</span> <span class='ocrx_word' id='word_1_49' title='bbox 1110 1178 1389 1233; x_wconf 87' lang='lat' dir='ltr'>amatum</span> <span class='ocrx_word' id='word_1_50' title='bbox 1466 1171 1779 1252; x_wconf 86' lang='lat' dir='ltr'>concupio</span> <span class='ocrx_word' id='word_1_51' title='bbox 1851 1169 1975 1230; x_wconf 91' lang='lat' dir='ltr'>sibi</span> <span class='ocrx_word' id='word_1_52' title='bbox 2043 1168 2286 1232; x_wconf 90' lang='lat' dir='ltr'>honum</span> 
     </span>
     <span class='ocr_line' id='line_1_9' title="bbox 784 1265 2284 1358; baseline -0.002 -28"><span class='ocrx_word' id='word_1_53' title='bbox 784 1268 953 1350; x_wconf 88' lang='lat' dir='ltr'>quod</span> <span class='ocrx_word' id='word_1_54' title='bbox 998 1268 1057 1330; x_wconf 88' lang='lat' dir='ltr'>ei</span> <span class='ocrx_word' id='word_1_55' title='bbox 1096 1268 1289 1358; x_wconf 67' lang='lat' dir='ltr'>yolo),</span> <span class='ocrx_word' id='word_1_56' title='bbox 1333 1286 1660 1349; x_wconf 85' lang='lat' dir='ltr'>quumque</span> <span class='ocrx_word' id='word_1_57' title='bbox 1701 1267 1851 1329; x_wconf 82' lang='lat' dir='ltr'>sinis</span> <span class='ocrx_word' id='word_1_58' title='bbox 1892 1265 2117 1328; x_wconf 86' lang='lat' dir='ltr'>habeat</span> <span class='ocrx_word' id='word_1_59' title='bbox 2158 1266 2284 1348; x_wconf 92' lang='lat' dir='ltr'>pri-</span> 
     </span>
     <span class='ocr_line' id='line_1_10' title="bbox 788 1364 2285 1447; baseline -0.001 -20"><span class='ocrx_word' id='word_1_60' title='bbox 788 1385 958 1428; x_wconf 90' lang='lat' dir='ltr'>mam</span> <span class='ocrx_word' id='word_1_61' title='bbox 1016 1365 1197 1430; x_wconf 81' lang='lat' dir='ltr'>voliti</span> <span class='ocrx_word' id='word_1_62' title='bbox 1258 1365 1618 1443; x_wconf 90' lang='lat' dir='ltr'>rationem;</span> <span class='ocrx_word' id='word_1_63' title='bbox 1672 1371 1841 1447; x_wconf 83' lang='lat' dir='ltr'>patet</span> <span class='ocrx_word' id='word_1_64' title='bbox 1894 1365 2063 1446; x_wconf 92' lang='lat' dir='ltr'>quod</span> <span class='ocrx_word' id='word_1_65' title='bbox 2120 1364 2285 1427; x_wconf 90' lang='lat' dir='ltr'>velle</span> 
     </span>
     <span class='ocr_line' id='line_1_11' title="bbox 784 1462 2279 1546; baseline -0.002 -20"><span class='ocrx_word' id='word_1_66' title='bbox 784 1465 1083 1528; x_wconf 81' lang='lat' dir='ltr'>amic‘itiae</span> <span class='ocrx_word' id='word_1_67' title='bbox 1142 1464 1443 1546; x_wconf 81' lang='lat' dir='ltr'>praecedit</span> <span class='ocrx_word' id='word_1_68' title='bbox 1501 1464 1664 1526; x_wconf 82' lang='lat' dir='ltr'>velle</span> <span class='ocrx_word' id='word_1_69' title='bbox 1724 1462 2279 1544; x_wconf 83' lang='lat' dir='ltr'>concupiscentiae.</span> 
     </span>
     <span class='ocr_line' id='line_1_12' title="bbox 786 1561 2284 1646; baseline -0.002 -22"><span class='ocrx_word' id='word_1_70' title='bbox 786 1563 864 1625; x_wconf 85' lang='lat' dir='ltr'>Et</span> <span class='ocrx_word' id='word_1_71' title='bbox 914 1582 991 1624; x_wconf 85' lang='lat' dir='ltr'>ex</span> <span class='ocrx_word' id='word_1_72' title='bbox 1043 1563 1166 1624; x_wconf 89' lang='lat' dir='ltr'>isto</span> <span class='ocrx_word' id='word_1_73' title='bbox 1224 1562 1489 1646; x_wconf 89' lang='lat' dir='ltr'>probato</span> <span class='ocrx_word' id='word_1_74' title='bbox 1546 1563 1837 1644; x_wconf 89' lang='lat' dir='ltr'>sequitur</span> <span class='ocrx_word' id='word_1_75' title='bbox 1888 1563 2056 1643; x_wconf 88' lang='lat' dir='ltr'>quod</span> <span class='ocrx_word' id='word_1_76' title='bbox 2108 1561 2284 1622; x_wconf 90' lang='lat' dir='ltr'>simi-</span> 
     </span>
     <span class='ocr_line' id='line_1_13' title="bbox 788 1661 2284 1745; baseline -0.001 -22"><span class='ocrx_word' id='word_1_77' title='bbox 788 1662 865 1724; x_wconf 90' lang='lat' dir='ltr'>lis</span> <span class='ocrx_word' id='word_1_78' title='bbox 906 1669 1001 1724; x_wconf 89' lang='grc'>651</span> <span class='ocrx_word' id='word_1_79' title='bbox 1038 1680 1373 1745; x_wconf 79' lang='lat' dir='ltr'><strong>processus</strong></span> <span class='ocrx_word' id='word_1_80' title='bbox 1412 1662 1475 1723; x_wconf 93' lang='lat' dir='ltr'>in</span> <span class='ocrx_word' id='word_1_81' title='bbox 1514 1662 1677 1724; x_wconf 89' lang='lat' dir='ltr'>velle</span> <span class='ocrx_word' id='word_1_82' title='bbox 1720 1668 1784 1722; x_wconf 90' lang='lat' dir='ltr'>et</span> <span class='ocrx_word' id='word_1_83' title='bbox 1827 1661 1994 1723; x_wconf 88' lang='lat' dir='ltr'>nolle</span> <span class='ocrx_word' id='word_1_84' title='bbox 2039 1661 2284 1722; x_wconf 90' lang='lat' dir='ltr'>deordi-</span> 
     </span>
     <span class='ocr_line' id='line_1_14' title="bbox 786 1762 970 1823; baseline 0 -1"><span class='ocrx_word' id='word_1_85' title='bbox 786 1762 970 1823; x_wconf 88' lang='lat' dir='ltr'>natis.</span> 
     </span>
    </p>
   </div>
   <div class='ocr_carea' id='block_1_5' title="bbox 2394 771 3908 1844">
    <p class='ocr_par' dir='ltr' id='par_1_5' title="bbox 2395 771 3907 954">
     <span class='ocr_line' id='line_1_15' title="bbox 2396 771 3907 857; baseline -0.003 -21"><span class='ocrx_word' id='word_1_86' title='bbox 2396 775 2640 856; x_wconf 84' lang='lat' dir='ltr'>cupivit</span> <span class='ocrx_word' id='word_1_87' title='bbox 2688 775 2810 836; x_wconf 91' lang='lat' dir='ltr'>sibi</span> <span class='ocrx_word' id='word_1_88' title='bbox 2863 775 3119 857; x_wconf 83' lang='lat' dir='ltr'>aliquod</span> <span class='ocrx_word' id='word_1_89' title='bbox 3169 774 3409 836; x_wconf 87' lang='lat' dir='ltr'>bonum</span> <span class='ocrx_word' id='word_1_90' title='bbox 3457 780 3762 846; x_wconf 82' lang='lat' dir='ltr'>creatum,</span> <span class='ocrx_word' id='word_1_91' title='bbox 3805 771 3907 832; x_wconf 89' lang='lat' dir='ltr'>vi-</span> 
     </span>
     <span class='ocr_line' id='line_1_16' title="bbox 2395 871 3779 954; baseline -0.001 -20"><span class='ocrx_word' id='word_1_92' title='bbox 2395 874 2626 936; x_wconf 87' lang='lat' dir='ltr'>delicet</span> <span class='ocrx_word' id='word_1_93' title='bbox 2667 874 3105 936; x_wconf 83' lang='lat' dir='ltr'>excellentiam</span> <span class='ocrx_word' id='word_1_94' title='bbox 3155 880 3445 954; x_wconf 88' lang='lat' dir='ltr'>respectu</span> <span class='ocrx_word' id='word_1_95' title='bbox 3485 871 3779 934; x_wconf 89' lang='lat' dir='ltr'>aliorum.</span> 
     </span>
    </p>

    <p class='ocr_par' dir='ltr' id='par_1_6' title="bbox 2394 971 3908 1626">
     <span class='ocr_line' id='line_1_17' title="bbox 2476 971 3906 1054; baseline -0.002 -20"><span class='ocrx_word' id='word_1_96' title='bbox 2476 972 2761 1054; x_wconf 88' lang='lat' dir='ltr'>Denique</span> <span class='ocrx_word' id='word_1_97' title='bbox 2805 973 2882 1034; x_wconf 89' lang='lat' dir='ltr'>de</span> <span class='ocrx_word' id='word_1_98' title='bbox 2927 973 3228 1054; x_wconf 81' lang='lat' dir='ltr'>praedicto</span> <span class='ocrx_word' id='word_1_99' title='bbox 3273 971 3630 1034; x_wconf 85' lang='lat' dir='ltr'>inordinato</span> <span class='ocrx_word' id='word_1_100' title='bbox 3676 987 3906 1032; x_wconf 85' lang='lat' dir='ltr'>amore</span> 
     </span>
     <span class='ocr_line' id='line_1_18' title="bbox 2395 1068 3902 1152; baseline 0 -20"><span class='ocrx_word' id='word_1_101' title='bbox 2395 1071 2822 1134; x_wconf 88' lang='lat' dir='ltr'>communiter</span> <span class='ocrx_word' id='word_1_102' title='bbox 2865 1070 3118 1143; x_wconf 89' lang='lat' dir='ltr'>dicitur,</span> <span class='ocrx_word' id='word_1_103' title='bbox 3162 1070 3332 1152; x_wconf 91' lang='lat' dir='ltr'>quod</span> <span class='ocrx_word' id='word_1_104' title='bbox 3375 1068 3498 1132; x_wconf 81' lang='lat' dir='ltr'>suit</span> <span class='ocrx_word' id='word_1_105' title='bbox 3539 1068 3848 1150; x_wconf 83' lang='lat' dir='ltr'>superbia</span> <span class='ocrx_word' id='word_1_106' title='bbox 3883 1087 3902 1132; x_wconf 90' lang='lat'>:</span> 
     </span>
     <span class='ocr_line' id='line_1_19' title="bbox 2394 1166 3906 1248; baseline -0.001 -18"><span class='ocrx_word' id='word_1_107' title='bbox 2394 1175 2458 1230; x_wconf 89' lang='lat' dir='ltr'>et</span> <span class='ocrx_word' id='word_1_108' title='bbox 2487 1169 2740 1230; x_wconf 87' lang='lat' dir='ltr'>videtur</span> <span class='ocrx_word' id='word_1_109' title='bbox 2767 1187 2905 1230; x_wconf 91' lang='lat' dir='ltr'>esse</span> <span class='ocrx_word' id='word_1_110' title='bbox 2945 1169 3216 1231; x_wconf 87' lang='lat' dir='ltr'>intentio</span> <span class='ocrx_word' id='word_1_111' title='bbox 3243 1166 3580 1248; x_wconf 78' lang='lat' dir='ltr'><strong>Augustini</strong></span> <span class='ocrx_word' id='word_1_112' title='bbox 3622 1166 3786 1229; x_wconf 86' lang='lat' dir='ltr'>libro</span> <span class='ocrx_word' id='word_1_113' title='bbox 3817 1166 3906 1228; x_wconf 86' lang='lat' dir='ltr'>de</span> 
     </span>
     <span class='ocr_line' id='line_1_20' title="bbox 2395 1265 3908 1348; baseline -0.001 -20"><span class='ocrx_word' id='word_1_114' title='bbox 2395 1266 2721 1341; x_wconf 84' lang='lat' dir='ltr'>Trinitate,</span> <span class='ocrx_word' id='word_1_115' title='bbox 2775 1285 2902 1348; x_wconf 89' lang='lat' dir='ltr'>quo</span> <span class='ocrx_word' id='word_1_116' title='bbox 2956 1267 3066 1340; x_wconf 90' lang='lat' dir='ltr'>ait,</span> <span class='ocrx_word' id='word_1_117' title='bbox 3119 1266 3287 1348; x_wconf 89' lang='lat' dir='ltr'>quod</span> <span class='ocrx_word' id='word_1_118' title='bbox 3337 1265 3752 1348; x_wconf 83' lang='lat' dir='ltr'>praesumptio</span> <span class='ocrx_word' id='word_1_119' title='bbox 3797 1273 3908 1327; x_wconf 84' lang='lat' dir='ltr'>est</span> 
     </span>
     <span class='ocr_line' id='line_1_21' title="bbox 2395 1362 3906 1447; baseline -0.001 -20"><span class='ocrx_word' id='word_1_120' title='bbox 2395 1365 2588 1427; x_wconf 90' lang='lat' dir='ltr'>nimis</span> <span class='ocrx_word' id='word_1_121' title='bbox 2637 1365 2762 1427; x_wconf 91' lang='lat' dir='ltr'>sibi</span> <span class='ocrx_word' id='word_1_122' title='bbox 2811 1366 2934 1447; x_wconf 91' lang='lat' dir='ltr'>ipsi</span> <span class='ocrx_word' id='word_1_123' title='bbox 2987 1365 3236 1447; x_wconf 90' lang='lat' dir='ltr'>placere</span> <span class='ocrx_word' id='word_1_124' title='bbox 3284 1383 3298 1428; x_wconf 75' lang='grc' dir='ltr'>ε</span> <span class='ocrx_word' id='word_1_125' title='bbox 3345 1364 3585 1426; x_wconf 88' lang='lat' dir='ltr'>idcirco</span> <span class='ocrx_word' id='word_1_126' title='bbox 3631 1362 3906 1445; x_wconf 86' lang='lat' dir='ltr'>superbi</span> 
     </span>
     <span class='ocr_line' id='line_1_22' title="bbox 2397 1462 3906 1545; baseline -0.001 -21"><span class='ocrx_word' id='word_1_127' title='bbox 2397 1464 2461 1525; x_wconf 91' lang='lat' dir='ltr'>in</span> <span class='ocrx_word' id='word_1_128' title='bbox 2513 1464 2858 1545; x_wconf 87' lang='lat' dir='ltr'>Scripturis</span> <span class='ocrx_word' id='word_1_129' title='bbox 2906 1464 3208 1526; x_wconf 89' lang='lat' dir='ltr'>dicuntur</span> <span class='ocrx_word' id='word_1_130' title='bbox 3253 1462 3374 1526; x_wconf 90' lang='lat' dir='ltr'>sibi</span> <span class='ocrx_word' id='word_1_131' title='bbox 3427 1463 3765 1545; x_wconf 64' lang='grc'><strong>[1166611165.</strong></span> <span class='ocrx_word' id='word_1_132' title='bbox 3815 1497 3906 1508; x_wconf 90' lang='lat'>-—</span> 
     </span>
     <span class='ocr_line' id='line_1_23' title="bbox 2396 1563 2825 1626; baseline 0.005 -2"><span class='ocrx_word' id='word_1_133' title='bbox 2396 1564 2538 1626; x_wconf 74' lang='lat' dir='ltr'>Haec</span> <span class='ocrx_word' id='word_1_134' title='bbox 2582 1563 2825 1626; x_wconf 70' lang='lat' dir='ltr'>Scelus,</span> 
     </span>
    </p>

    <p class='ocr_par' dir='ltr' id='par_1_7' title="bbox 2397 1661 3906 1844">
     <span class='ocr_line' id='line_1_24' title="bbox 2476 1661 3902 1746; baseline 0 -24"><span class='ocrx_word' id='word_1_135' title='bbox 2476 1661 2592 1734; x_wconf 85' lang='lat' dir='ltr'>Qui</span> <span class='ocrx_word' id='word_1_136' title='bbox 2644 1663 2722 1724; x_wconf 91' lang='lat' dir='ltr'>de</span> <span class='ocrx_word' id='word_1_137' title='bbox 2770 1663 2872 1724; x_wconf 90' lang='lat' dir='ltr'>his</span> <span class='ocrx_word' id='word_1_138' title='bbox 2931 1664 3154 1726; x_wconf 87' lang='lat' dir='ltr'>scribit</span> <span class='ocrx_word' id='word_1_139' title='bbox 3213 1663 3478 1746; x_wconf 75' lang='lat' dir='ltr'>prolixe,</span> <span class='ocrx_word' id='word_1_140' title='bbox 3529 1670 3592 1724; x_wconf 95' lang='lat' dir='ltr'>et</span> <span class='ocrx_word' id='word_1_141' title='bbox 3639 1661 3902 1723; x_wconf 87' lang='lat' dir='ltr'>tandem</span> 
     </span>
     <span class='ocr_line' id='line_1_25' title="bbox 2397 1759 3906 1844; baseline -0.001 -23"><span class='ocrx_word' id='word_1_142' title='bbox 2397 1760 2740 1833; x_wconf 78' lang='lat' dir='ltr'>concludit,</span> <span class='ocrx_word' id='word_1_143' title='bbox 2783 1762 2952 1842; x_wconf 85' lang='lat' dir='ltr'>quod</span> <span class='ocrx_word' id='word_1_144' title='bbox 3003 1763 3284 1844; x_wconf 90' lang='lat' dir='ltr'>primum</span> <span class='ocrx_word' id='word_1_145' title='bbox 3335 1768 3666 1843; x_wconf 89' lang='lat' dir='ltr'>peccatum</span> <span class='ocrx_word' id='word_1_146' title='bbox 3713 1759 3906 1820; x_wconf 90' lang='lat' dir='ltr'>Luci-</span> 
     </span>
    </p>
   </div>
   <div class='ocr_carea' id='block_1_6' title="bbox 866 1857 3906 1941">
    <p class='ocr_par' dir='ltr' id='par_1_8' title="bbox 866 1857 3906 1941">
     <span class='ocr_line' id='line_1_26' title="bbox 866 1857 3906 1941; baseline 0 -21"><span class='ocrx_word' id='word_1_147' title='bbox 866 1859 1025 1921; x_wconf 84' lang='lat' dir='ltr'>Hinc</span> <span class='ocrx_word' id='word_1_148' title='bbox 1073 1860 1317 1940; x_wconf 88' lang='lat' dir='ltr'>primus</span> <span class='ocrx_word' id='word_1_149' title='bbox 1354 1867 1533 1921; x_wconf 90' lang='lat' dir='ltr'>actus</span> <span class='ocrx_word' id='word_1_150' title='bbox 1576 1859 1919 1922; x_wconf 88' lang='lat' dir='ltr'>voluntatis</span> <span class='ocrx_word' id='word_1_151' title='bbox 1964 1857 2284 1920; x_wconf 87' lang='lat' dir='ltr'>inordina·</span> <span class='ocrx_word' id='word_1_152' title='bbox 2321 1862 2369 1924; x_wconf 93' lang='lat' dir='ltr'><strong>B</strong></span> <span class='ocrx_word' id='word_1_153' title='bbox 2401 1858 2518 1922; x_wconf 79' lang='lat' dir='ltr'>reri</span> <span class='ocrx_word' id='word_1_154' title='bbox 2567 1858 2686 1921; x_wconf 80' lang='lat' dir='ltr'>suit</span> <span class='ocrx_word' id='word_1_155' title='bbox 2736 1860 3134 1923; x_wconf 89' lang='lat' dir='ltr'>inordinatus</span> <span class='ocrx_word' id='word_1_156' title='bbox 3181 1879 3359 1924; x_wconf 87' lang='lat' dir='ltr'>amor</span> <span class='ocrx_word' id='word_1_157' title='bbox 3407 1860 3529 1935; x_wconf 89' lang='grc'><strong>561,</strong></span> <span class='ocrx_word' id='word_1_158' title='bbox 3577 1859 3686 1941; x_wconf 88' lang='grc'>661</span> <span class='ocrx_word' id='word_1_159' title='bbox 3737 1878 3906 1940; x_wconf 80' lang='lat' dir='ltr'>prae-</span> 
     </span>
    </p>
   </div>
   <div class='ocr_carea' id='block_1_7' title="bbox 784 1956 2288 3024">
    <p class='ocr_par' dir='ltr' id='par_1_9' title="bbox 784 1956 2288 3024">
     <span class='ocr_line' id='line_1_27' title="bbox 786 1956 2283 2039; baseline -0.001 -21"><span class='ocrx_word' id='word_1_160' title='bbox 786 1964 911 2032; x_wconf 85' lang='grc'><strong>165,</strong></span> <span class='ocrx_word' id='word_1_161' title='bbox 946 1956 1067 2019; x_wconf 80' lang='lat' dir='ltr'>suit</span> <span class='ocrx_word' id='word_1_162' title='bbox 1110 1958 1273 2021; x_wconf 88' lang='lat' dir='ltr'>velle</span> <span class='ocrx_word' id='word_1_163' title='bbox 1315 1958 1613 2020; x_wconf 86' lang='lat' dir='ltr'>amicitiae</span> <span class='ocrx_word' id='word_1_164' title='bbox 1659 1957 1939 2039; x_wconf 87' lang='lat' dir='ltr'>primum</span> <span class='ocrx_word' id='word_1_165' title='bbox 1992 1962 2283 2038; x_wconf 88' lang='lat' dir='ltr'>respectu</span> 
     </span>
     <span class='ocr_line' id='line_1_28' title="bbox 785 2054 2286 2137; baseline -0.001 -19"><span class='ocrx_word' id='word_1_166' title='bbox 785 2055 927 2137; x_wconf 87' lang='lat' dir='ltr'>ejus</span> <span class='ocrx_word' id='word_1_167' title='bbox 986 2057 1089 2119; x_wconf 91' lang='lat' dir='ltr'>cui</span> <span class='ocrx_word' id='word_1_168' title='bbox 1144 2057 1345 2119; x_wconf 87' lang='lat' dir='ltr'>voluit</span> <span class='ocrx_word' id='word_1_169' title='bbox 1402 2056 1662 2119; x_wconf 90' lang='lat' dir='ltr'>bonum.</span> <span class='ocrx_word' id='word_1_170' title='bbox 1716 2056 1843 2118; x_wconf 89' lang='lat' dir='ltr'>Hoc</span> <span class='ocrx_word' id='word_1_171' title='bbox 1903 2073 2053 2118; x_wconf 88' lang='lat' dir='ltr'>vero</span> <span class='ocrx_word' id='word_1_172' title='bbox 2110 2054 2286 2135; x_wconf 88' lang='lat' dir='ltr'>obje-</span> 
     </span>
     <span class='ocr_line' id='line_1_29' title="bbox 787 2154 2286 2238; baseline -0.001 -22"><span class='ocrx_word' id='word_1_173' title='bbox 787 2164 961 2217; x_wconf 88' lang='lat' dir='ltr'>ctum</span> <span class='ocrx_word' id='word_1_174' title='bbox 1021 2174 1146 2218; x_wconf 92' lang='lat' dir='ltr'>non</span> <span class='ocrx_word' id='word_1_175' title='bbox 1206 2155 1329 2217; x_wconf 86' lang='lat' dir='ltr'>ruit</span> <span class='ocrx_word' id='word_1_176' title='bbox 1388 2157 1554 2218; x_wconf 91' lang='lat' dir='ltr'>Deus</span> <span class='ocrx_word' id='word_1_177' title='bbox 1611 2175 1624 2218; x_wconf 91' lang='lat'>:</span> <span class='ocrx_word' id='word_1_178' title='bbox 1686 2155 1836 2238; x_wconf 89' lang='lat' dir='ltr'>quia</span> <span class='ocrx_word' id='word_1_179' title='bbox 1894 2173 2019 2216; x_wconf 89' lang='lat' dir='ltr'>non</span> <span class='ocrx_word' id='word_1_180' title='bbox 2079 2154 2286 2235; x_wconf 86' lang='lat' dir='ltr'>potuit</span> 
     </span>
     <span class='ocr_line' id='line_1_30' title="bbox 788 2253 2286 2317; baseline -0.003 0"><span class='ocrx_word' id='word_1_181' title='bbox 788 2256 986 2317; x_wconf 89' lang='lat' dir='ltr'>Deum</span> <span class='ocrx_word' id='word_1_182' title='bbox 1034 2254 1386 2317; x_wconf 88' lang='lat' dir='ltr'>inordinate</span> <span class='ocrx_word' id='word_1_183' title='bbox 1427 2274 1504 2316; x_wconf 85' lang='lat' dir='ltr'>ex</span> <span class='ocrx_word' id='word_1_184' title='bbox 1551 2253 1906 2317; x_wconf 82' lang='lat' dir='ltr'>intensione</span> <span class='ocrx_word' id='word_1_185' title='bbox 1954 2272 2167 2315; x_wconf 87' lang='lat' dir='ltr'>amare</span> <span class='ocrx_word' id='word_1_186' title='bbox 2208 2271 2286 2314; x_wconf 84' lang='lat' dir='ltr'>ex</span> 
     </span>
     <span class='ocr_line' id='line_1_31' title="bbox 784 2350 2288 2434; baseline -0.002 -20"><span class='ocrx_word' id='word_1_187' title='bbox 784 2352 1087 2425; x_wconf 89' lang='lat' dir='ltr'>amicitia,</span> <span class='ocrx_word' id='word_1_188' title='bbox 1140 2352 1443 2434; x_wconf 88' lang='lat' dir='ltr'>quoniam</span> <span class='ocrx_word' id='word_1_189' title='bbox 1502 2352 1668 2414; x_wconf 92' lang='lat' dir='ltr'>Deus</span> <span class='ocrx_word' id='word_1_190' title='bbox 1726 2359 1819 2414; x_wconf 89' lang='lat' dir='ltr'>est</span> <span class='ocrx_word' id='word_1_191' title='bbox 1877 2352 1999 2414; x_wconf 89' lang='lat' dir='ltr'>tale</span> <span class='ocrx_word' id='word_1_192' title='bbox 2050 2350 2288 2413; x_wconf 91' lang='lat' dir='ltr'>amabi-</span> 
     </span>
     <span class='ocr_line' id='line_1_32' title="bbox 786 2451 2286 2534; baseline -0.002 -20"><span class='ocrx_word' id='word_1_193' title='bbox 786 2452 867 2526; x_wconf 90' lang='lat' dir='ltr'>le,</span> <span class='ocrx_word' id='word_1_194' title='bbox 909 2453 1079 2534; x_wconf 89' lang='lat' dir='ltr'>quod</span> <span class='ocrx_word' id='word_1_195' title='bbox 1122 2471 1199 2514; x_wconf 84' lang='lat' dir='ltr'>ex</span> <span class='ocrx_word' id='word_1_196' title='bbox 1240 2451 1371 2514; x_wconf 88' lang='lat' dir='ltr'>sola</span> <span class='ocrx_word' id='word_1_197' title='bbox 1420 2451 1521 2513; x_wconf 91' lang='lat' dir='ltr'>sui</span> <span class='ocrx_word' id='word_1_198' title='bbox 1570 2452 1813 2513; x_wconf 88' lang='lat' dir='ltr'>ratione</span> <span class='ocrx_word' id='word_1_199' title='bbox 1852 2459 1922 2514; x_wconf 88' lang='lat' dir='ltr'>ut</span> <span class='ocrx_word' id='word_1_200' title='bbox 1960 2451 2286 2532; x_wconf 85' lang='lat' dir='ltr'>objectum</span> 
     </span>
     <span class='ocr_line' id='line_1_33' title="bbox 785 2550 2286 2633; baseline -0.002 -20"><span class='ocrx_word' id='word_1_201' title='bbox 785 2559 902 2624; x_wconf 87' lang='lat' dir='ltr'>est,</span> <span class='ocrx_word' id='word_1_202' title='bbox 933 2551 1317 2633; x_wconf 81' lang='lat' dir='ltr'>completam</span> <span class='ocrx_word' id='word_1_203' title='bbox 1357 2550 1463 2611; x_wconf 91' lang='lat' dir='ltr'>dat</span> <span class='ocrx_word' id='word_1_204' title='bbox 1504 2550 1812 2612; x_wconf 87' lang='lat' dir='ltr'>rationem</span> <span class='ocrx_word' id='word_1_205' title='bbox 1847 2550 2147 2612; x_wconf 90' lang='lat' dir='ltr'>bonitatis</span> <span class='ocrx_word' id='word_1_206' title='bbox 2185 2567 2286 2610; x_wconf 92' lang='lat' dir='ltr'>ac-</span> 
     </span>
     <span class='ocr_line' id='line_1_34' title="bbox 784 2648 2283 2732; baseline -0.001 -21"><span class='ocrx_word' id='word_1_207' title='bbox 784 2650 875 2712; x_wconf 87' lang='lat' dir='ltr'>tui</span> <span class='ocrx_word' id='word_1_208' title='bbox 934 2650 1212 2732; x_wconf 75' lang='lat' dir='ltr'>perfecte</span> <span class='ocrx_word' id='word_1_209' title='bbox 1272 2649 1539 2711; x_wconf 91' lang='lat' dir='ltr'>intenso.</span> <span class='ocrx_word' id='word_1_210' title='bbox 1592 2648 1720 2710; x_wconf 92' lang='lat' dir='ltr'>Nec</span> <span class='ocrx_word' id='word_1_211' title='bbox 1768 2655 1864 2710; x_wconf 91' lang='lat' dir='ltr'>est</span> <span class='ocrx_word' id='word_1_212' title='bbox 1910 2648 2283 2723; x_wconf 89' lang='lat' dir='ltr'>verisimile,</span> 
     </span>
     <span class='ocr_line' id='line_1_35' title="bbox 786 2746 2288 2829; baseline 0 -21"><span class='ocrx_word' id='word_1_213' title='bbox 786 2747 955 2829; x_wconf 89' lang='lat' dir='ltr'>quod</span> <span class='ocrx_word' id='word_1_214' title='bbox 992 2747 1235 2829; x_wconf 88' lang='lat' dir='ltr'>aliquid</span> <span class='ocrx_word' id='word_1_215' title='bbox 1273 2747 1444 2809; x_wconf 88' lang='lat' dir='ltr'>aliud</span> <span class='ocrx_word' id='word_1_216' title='bbox 1484 2767 1521 2808; x_wconf 98' lang='lat' dir='ltr'>a</span> <span class='ocrx_word' id='word_1_217' title='bbox 1560 2765 1629 2809; x_wconf 93' lang='lat' dir='ltr'>se</span> <span class='ocrx_word' id='word_1_218' title='bbox 1669 2747 1860 2808; x_wconf 86' lang='lat' dir='ltr'>nimis</span> <span class='ocrx_word' id='word_1_219' title='bbox 1911 2746 2156 2808; x_wconf 89' lang='lat' dir='ltr'>intense</span> <span class='ocrx_word' id='word_1_220' title='bbox 2199 2747 2288 2808; x_wconf 90' lang='lat' dir='ltr'>di-</span> 
     </span>
     <span class='ocr_line' id='line_1_36' title="bbox 788 2844 2288 2926; baseline 0.001 -20"><span class='ocrx_word' id='word_1_221' title='bbox 788 2845 1011 2907; x_wconf 80' lang='lat' dir='ltr'>lexerit</span> <span class='ocrx_word' id='word_1_222' title='bbox 1061 2853 1205 2907; x_wconf 90' lang='lat' dir='ltr'>actu</span> <span class='ocrx_word' id='word_1_223' title='bbox 1254 2844 1550 2907; x_wconf 62' lang='lat' dir='ltr'>amicitiae</span> <span class='ocrx_word' id='word_1_224' title='bbox 1596 2865 1609 2907; x_wconf 74' lang='grc' dir='ltr'>ε</span> <span class='ocrx_word' id='word_1_225' title='bbox 1655 2853 1791 2906; x_wconf 89' lang='lat' dir='ltr'>turn</span> <span class='ocrx_word' id='word_1_226' title='bbox 1837 2845 2139 2926; x_wconf 88' lang='lat' dir='ltr'>quoniam</span> <span class='ocrx_word' id='word_1_227' title='bbox 2183 2865 2288 2908; x_wconf 83' lang='lat' dir='ltr'>na-</span> 
     </span>
     <span class='ocr_line' id='line_1_37' title="bbox 789 2943 2286 3024; baseline 0.001 -19"><span class='ocrx_word' id='word_1_228' title='bbox 789 2943 1010 3007; x_wconf 87' lang='lat' dir='ltr'>turalis</span> <span class='ocrx_word' id='word_1_229' title='bbox 1070 2943 1397 3006; x_wconf 80' lang='lat' dir='ltr'>inclinatio</span> <span class='ocrx_word' id='word_1_230' title='bbox 1456 2943 1655 3024; x_wconf 86' lang='lat' dir='ltr'>magis</span> <span class='ocrx_word' id='word_1_231' title='bbox 1711 2944 2039 3006; x_wconf 88' lang='lat' dir='ltr'>inclinavit</span> <span class='ocrx_word' id='word_1_232' title='bbox 2089 2944 2166 3006; x_wconf 91' lang='lat' dir='ltr'>ad</span> <span class='ocrx_word' id='word_1_233' title='bbox 2219 2963 2286 3006; x_wconf 90' lang='lat' dir='ltr'>se</span> 
     </span>
    </p>
   </div>
   <div class='ocr_carea' id='block_1_8' title="bbox 2395 1957 3905 3024">
    <p class='ocr_par' dir='ltr' id='par_1_10' title="bbox 2395 1957 3905 3024">
     <span class='ocr_line' id='line_1_38' title="bbox 2398 1957 3902 2041; baseline 0 -23"><span class='ocrx_word' id='word_1_234' title='bbox 2398 1959 2678 2039; x_wconf 89' lang='lat' dir='ltr'>sumptio</span> <span class='ocrx_word' id='word_1_235' title='bbox 2726 1959 2851 2021; x_wconf 89' lang='lat' dir='ltr'>dici</span> <span class='ocrx_word' id='word_1_236' title='bbox 2903 1967 3131 2041; x_wconf 89' lang='lat' dir='ltr'>potest,</span> <span class='ocrx_word' id='word_1_237' title='bbox 3183 1960 3292 2021; x_wconf 90' lang='lat' dir='ltr'>sed</span> <span class='ocrx_word' id='word_1_238' title='bbox 3343 1977 3470 2021; x_wconf 90' lang='lat' dir='ltr'>non</span> <span class='ocrx_word' id='word_1_239' title='bbox 3521 1957 3773 2039; x_wconf 88' lang='lat' dir='ltr'>proprie</span> <span class='ocrx_word' id='word_1_240' title='bbox 3829 1965 3902 2018; x_wconf 88' lang='lat' dir='ltr'>ut</span> 
     </span>
     <span class='ocr_line' id='line_1_39' title="bbox 2395 2057 3902 2139; baseline 0 -22"><span class='ocrx_word' id='word_1_241' title='bbox 2395 2064 2490 2118; x_wconf 90' lang='lat' dir='ltr'>est</span> <span class='ocrx_word' id='word_1_242' title='bbox 2523 2058 2728 2138; x_wconf 87' lang='lat' dir='ltr'>prima</span> <span class='ocrx_word' id='word_1_243' title='bbox 2758 2059 3003 2139; x_wconf 90' lang='lat' dir='ltr'>species</span> <span class='ocrx_word' id='word_1_244' title='bbox 3035 2058 3369 2139; x_wconf 82' lang='lat' dir='ltr'>superbiae.</span> <span class='ocrx_word' id='word_1_245' title='bbox 3401 2057 3528 2120; x_wconf 89' lang='lat' dir='ltr'>Nec</span> <span class='ocrx_word' id='word_1_246' title='bbox 3561 2063 3902 2139; x_wconf 84' lang='lat' dir='ltr'>peccatum</span> 
     </span>
     <span class='ocr_line' id='line_1_40' title="bbox 2395 2153 3905 2238; baseline -0.001 -22"><span class='ocrx_word' id='word_1_247' title='bbox 2395 2153 2670 2217; x_wconf 78' lang='lat' dir='ltr'>Luciferi</span> <span class='ocrx_word' id='word_1_248' title='bbox 2712 2154 2836 2217; x_wconf 82' lang='lat' dir='ltr'>ruit</span> <span class='ocrx_word' id='word_1_249' title='bbox 2876 2156 3148 2238; x_wconf 85' lang='lat' dir='ltr'>simplex</span> <span class='ocrx_word' id='word_1_250' title='bbox 3189 2164 3252 2218; x_wconf 90' lang='lat' dir='ltr'>et</span> <span class='ocrx_word' id='word_1_251' title='bbox 3285 2157 3545 2218; x_wconf 91' lang='lat' dir='ltr'>unicum</span> <span class='ocrx_word' id='word_1_252' title='bbox 3584 2177 3600 2220; x_wconf 89' lang='lat'>:</span> <span class='ocrx_word' id='word_1_253' title='bbox 3637 2157 3764 2218; x_wconf 91' lang='lat' dir='ltr'>imo</span> <span class='ocrx_word' id='word_1_254' title='bbox 3799 2155 3905 2216; x_wconf 84' lang='lat' dir='ltr'>fu-</span> 
     </span>
     <span class='ocr_line' id='line_1_41' title="bbox 2396 2254 3900 2337; baseline 0.001 -24"><span class='ocrx_word' id='word_1_255' title='bbox 2396 2261 2582 2314; x_wconf 89' lang='lat' dir='ltr'>erunt</span> <span class='ocrx_word' id='word_1_256' title='bbox 2627 2254 2826 2315; x_wconf 90' lang='lat' dir='ltr'>multa</span> <span class='ocrx_word' id='word_1_257' title='bbox 2872 2262 3146 2336; x_wconf 88' lang='lat' dir='ltr'>peccata.</span> <span class='ocrx_word' id='word_1_258' title='bbox 3182 2255 3417 2317; x_wconf 88' lang='lat' dir='ltr'>Malitia</span> <span class='ocrx_word' id='word_1_259' title='bbox 3459 2255 3698 2337; x_wconf 90' lang='lat' dir='ltr'>quippe</span> <span class='ocrx_word' id='word_1_260' title='bbox 3740 2254 3900 2336; x_wconf 90' lang='lat' dir='ltr'>ipsi-</span> 
     </span>
     <span class='ocr_line' id='line_1_42' title="bbox 2398 2352 3903 2434; baseline 0.001 -22"><span class='ocrx_word' id='word_1_261' title='bbox 2398 2371 2472 2413; x_wconf 92' lang='lat' dir='ltr'>us</span> <span class='ocrx_word' id='word_1_262' title='bbox 2522 2352 2758 2434; x_wconf 89' lang='lat' dir='ltr'>incepit</span> <span class='ocrx_word' id='word_1_263' title='bbox 2807 2353 2886 2414; x_wconf 84' lang='lat' dir='ltr'>ab</span> <span class='ocrx_word' id='word_1_264' title='bbox 2932 2353 3349 2416; x_wconf 90' lang='lat' dir='ltr'>immoderato</span> <span class='ocrx_word' id='word_1_265' title='bbox 3396 2372 3611 2416; x_wconf 90' lang='lat' dir='ltr'>amore</span> <span class='ocrx_word' id='word_1_266' title='bbox 3657 2352 3778 2427; x_wconf 88' lang='lat' dir='ltr'>sui,</span> <span class='ocrx_word' id='word_1_267' title='bbox 3833 2361 3903 2414; x_wconf 87' lang='lat' dir='ltr'>et</span> 
     </span>
     <span class='ocr_line' id='line_1_43' title="bbox 2396 2450 3900 2514; baseline 0.001 -4"><span class='ocrx_word' id='word_1_268' title='bbox 2396 2450 2652 2513; x_wconf 84' lang='lat' dir='ltr'>devenit</span> <span class='ocrx_word' id='word_1_269' title='bbox 2699 2452 2775 2512; x_wconf 89' lang='lat' dir='ltr'>ad</span> <span class='ocrx_word' id='word_1_270' title='bbox 2825 2451 3213 2514; x_wconf 89' lang='lat' dir='ltr'>desiderium</span> <span class='ocrx_word' id='word_1_271' title='bbox 3264 2451 3675 2514; x_wconf 83' lang='lat' dir='ltr'>beatitudinis</span> <span class='ocrx_word' id='word_1_272' title='bbox 3726 2451 3900 2513; x_wconf 88' lang='lat' dir='ltr'>inor-</span> 
     </span>
     <span class='ocr_line' id='line_1_44' title="bbox 2396 2548 3902 2631; baseline 0.001 -22"><span class='ocrx_word' id='word_1_273' title='bbox 2396 2548 2706 2624; x_wconf 88' lang='lat' dir='ltr'>dinatum,</span> <span class='ocrx_word' id='word_1_274' title='bbox 2739 2549 2968 2611; x_wconf 91' lang='lat' dir='ltr'>deinde</span> <span class='ocrx_word' id='word_1_275' title='bbox 3009 2551 3088 2613; x_wconf 89' lang='lat' dir='ltr'>ad</span> <span class='ocrx_word' id='word_1_276' title='bbox 3126 2550 3519 2612; x_wconf 65' lang='lat' dir='ltr'>excellentiae</span> <span class='ocrx_word' id='word_1_277' title='bbox 3562 2569 3632 2611; x_wconf 90' lang='lat' dir='ltr'>ac</span> <span class='ocrx_word' id='word_1_278' title='bbox 3677 2550 3902 2631; x_wconf 84' lang='lat' dir='ltr'>praesi-</span> 
     </span>
     <span class='ocr_line' id='line_1_45' title="bbox 2396 2647 3902 2731; baseline 0.002 -24"><span class='ocrx_word' id='word_1_279' title='bbox 2396 2647 2624 2710; x_wconf 83' lang='lat' dir='ltr'>dentiae</span> <span class='ocrx_word' id='word_1_280' title='bbox 2664 2667 2856 2729; x_wconf 90' lang='lat' dir='ltr'>super</span> <span class='ocrx_word' id='word_1_281' title='bbox 2890 2648 3047 2710; x_wconf 89' lang='lat' dir='ltr'>alios</span> <span class='ocrx_word' id='word_1_282' title='bbox 3086 2648 3464 2731; x_wconf 87' lang='lat' dir='ltr'>appetitum,</span> <span class='ocrx_word' id='word_1_283' title='bbox 3497 2655 3561 2709; x_wconf 89' lang='lat' dir='ltr'>et</span> <span class='ocrx_word' id='word_1_284' title='bbox 3599 2666 3902 2710; x_wconf 91' lang='lat' dir='ltr'>consum-</span> 
     </span>
     <span class='ocr_line' id='line_1_46' title="bbox 2397 2746 3904 2828; baseline 0.001 -21"><span class='ocrx_word' id='word_1_285' title='bbox 2397 2746 2688 2808; x_wconf 86' lang='lat' dir='ltr'>mabatur</span> <span class='ocrx_word' id='word_1_286' title='bbox 2734 2747 2798 2808; x_wconf 91' lang='lat' dir='ltr'>in</span> <span class='ocrx_word' id='word_1_287' title='bbox 2839 2746 2986 2809; x_wconf 90' lang='lat' dir='ltr'>odio</span> <span class='ocrx_word' id='word_1_288' title='bbox 3025 2747 3160 2821; x_wconf 90' lang='lat' dir='ltr'>Dei,</span> <span class='ocrx_word' id='word_1_289' title='bbox 3194 2747 3363 2828; x_wconf 89' lang='lat' dir='ltr'>quod</span> <span class='ocrx_word' id='word_1_290' title='bbox 3408 2747 3754 2808; x_wconf 85' lang='lat' dir='ltr'>maximum</span> <span class='ocrx_word' id='word_1_291' title='bbox 3795 2753 3904 2808; x_wconf 88' lang='lat' dir='ltr'>est</span> 
     </span>
     <span class='ocr_line' id='line_1_47' title="bbox 2397 2845 3900 2926; baseline 0.001 -21"><span class='ocrx_word' id='word_1_292' title='bbox 2397 2850 2730 2926; x_wconf 90' lang='lat' dir='ltr'>peccatum</span> <span class='ocrx_word' id='word_1_293' title='bbox 2768 2862 2781 2906; x_wconf 74' lang='grc' dir='ltr'>ε</span> <span class='ocrx_word' id='word_1_294' title='bbox 2816 2845 2985 2926; x_wconf 88' lang='lat' dir='ltr'>quod</span> <span class='ocrx_word' id='word_1_295' title='bbox 3017 2863 3094 2906; x_wconf 84' lang='lat' dir='ltr'>ex</span> <span class='ocrx_word' id='word_1_296' title='bbox 3133 2845 3252 2906; x_wconf 91' lang='lat' dir='ltr'>hoc</span> <span class='ocrx_word' id='word_1_297' title='bbox 3285 2845 3688 2926; x_wconf 84' lang='lat' dir='ltr'>sequebatur,</span> <span class='ocrx_word' id='word_1_298' title='bbox 3722 2845 3900 2926; x_wconf 89' lang='lat' dir='ltr'>quod</span> 
     </span>
     <span class='ocr_line' id='line_1_48' title="bbox 2397 2943 3898 3024; baseline 0.001 -20"><span class='ocrx_word' id='word_1_299' title='bbox 2397 2963 2521 3006; x_wconf 91' lang='lat' dir='ltr'>non</span> <span class='ocrx_word' id='word_1_300' title='bbox 2585 2943 2790 3024; x_wconf 90' lang='lat' dir='ltr'>potuit</span> <span class='ocrx_word' id='word_1_301' title='bbox 2845 2943 3078 3005; x_wconf 89' lang='grc'><strong>11611616</strong></span> <span class='ocrx_word' id='word_1_302' title='bbox 3136 2943 3332 3005; x_wconf 86' lang='lat' dir='ltr'>volita</span> <span class='ocrx_word' id='word_1_303' title='bbox 3389 2944 3517 3006; x_wconf 88' lang='lat' dir='ltr'>Deo</span> <span class='ocrx_word' id='word_1_304' title='bbox 3575 2953 3898 3006; x_wconf 88' lang='lat' dir='ltr'>manente.</span> 
     </span>
    </p>
   </div>
   <div class='ocr_carea' id='block_1_9' title="bbox 787 3041 3904 3124">
    <p class='ocr_par' dir='ltr' id='par_1_11' title="bbox 787 3041 3904 3124">
     <span class='ocr_line' id='line_1_49' title="bbox 787 3041 3904 3124; baseline -0 -20"><span class='ocrx_word' id='word_1_305' title='bbox 787 3061 979 3124; x_wconf 87' lang='lat' dir='ltr'>quam</span> <span class='ocrx_word' id='word_1_306' title='bbox 1022 3044 1101 3105; x_wconf 89' lang='lat' dir='ltr'>ad</span> <span class='ocrx_word' id='word_1_307' title='bbox 1150 3042 1323 3104; x_wconf 87' lang='lat' dir='ltr'>aliud</span> <span class='ocrx_word' id='word_1_308' title='bbox 1371 3043 1818 3124; x_wconf 89' lang='lat' dir='ltr'>quodcumque</span> <span class='ocrx_word' id='word_1_309' title='bbox 1862 3050 2144 3105; x_wconf 88' lang='lat' dir='ltr'>creatum</span> <span class='ocrx_word' id='word_1_310' title='bbox 2195 3043 2286 3104; x_wconf 92' lang='lat' dir='ltr'>sic</span> <span class='ocrx_word' id='word_1_311' title='bbox 2323 3050 2367 3114; x_wconf 85' lang='lat' dir='ltr'>c</span> <span class='ocrx_word' id='word_1_312' title='bbox 2397 3042 2554 3103; x_wconf 87' lang='lat' dir='ltr'>Hinc</span> <span class='ocrx_word' id='word_1_313' title='bbox 2598 3060 2674 3103; x_wconf 86' lang='lat' dir='ltr'>ex</span> <span class='ocrx_word' id='word_1_314' title='bbox 2725 3042 3082 3104; x_wconf 87' lang='lat' dir='ltr'>inordinato</span> <span class='ocrx_word' id='word_1_315' title='bbox 3123 3041 3409 3124; x_wconf 86' lang='lat' dir='ltr'>appetitu</span> <span class='ocrx_word' id='word_1_316' title='bbox 3459 3041 3637 3123; x_wconf 90' lang='lat' dir='ltr'>prius</span> <span class='ocrx_word' id='word_1_317' title='bbox 3685 3043 3904 3124; x_wconf 87' lang='lat' dir='ltr'>potuit</span> 
     </span>
    </p>
   </div>
   <div class='ocr_carea' id='block_1_10' title="bbox 786 3141 2288 4204">
    <p class='ocr_par' dir='ltr' id='par_1_12' title="bbox 786 3141 2288 4204">
     <span class='ocr_line' id='line_1_50' title="bbox 786 3141 2284 3224; baseline 0.001 -21"><span class='ocrx_word' id='word_1_318' title='bbox 786 3141 1318 3218; x_wconf 85' lang='lat' dir='ltr'>amandum3tum</span> <span class='ocrx_word' id='word_1_319' title='bbox 1348 3141 1649 3222; x_wconf 89' lang='lat' dir='ltr'>quoniam</span> <span class='ocrx_word' id='word_1_320' title='bbox 1683 3159 1807 3202; x_wconf 90' lang='lat' dir='ltr'>non</span> <span class='ocrx_word' id='word_1_321' title='bbox 1834 3141 2085 3203; x_wconf 87' lang='lat' dir='ltr'>videtur</span> <span class='ocrx_word' id='word_1_322' title='bbox 2115 3143 2284 3224; x_wconf 90' lang='lat' dir='ltr'>quod</span> 
     </span>
     <span class='ocr_line' id='line_1_51' title="bbox 786 3239 2288 3322; baseline 0.001 -21"><span class='ocrx_word' id='word_1_323' title='bbox 786 3239 1028 3322; x_wconf 87' lang='lat' dir='ltr'>aliquid</span> <span class='ocrx_word' id='word_1_324' title='bbox 1073 3239 1245 3302; x_wconf 88' lang='lat' dir='ltr'>aliud</span> <span class='ocrx_word' id='word_1_325' title='bbox 1296 3247 1575 3301; x_wconf 89' lang='lat' dir='ltr'>creatum</span> <span class='ocrx_word' id='word_1_326' title='bbox 1621 3258 1657 3300; x_wconf 90' lang='lat' dir='ltr'>a</span> <span class='ocrx_word' id='word_1_327' title='bbox 1704 3258 1771 3301; x_wconf 91' lang='lat' dir='ltr'>se</span> <span class='ocrx_word' id='word_1_328' title='bbox 1821 3239 1913 3300; x_wconf 91' lang='lat' dir='ltr'>sic</span> <span class='ocrx_word' id='word_1_329' title='bbox 1964 3239 2288 3302; x_wconf 87' lang='lat' dir='ltr'>intellexe-</span> 
     </span>
     <span class='ocr_line' id='line_1_52' title="bbox 788 3337 2286 3418; baseline 0.001 -20"><span class='ocrx_word' id='word_1_330' title='bbox 788 3337 869 3398; x_wconf 89' lang='lat' dir='ltr'>rit</span> <span class='ocrx_word' id='word_1_331' title='bbox 928 3346 997 3398; x_wconf 88' lang='lat' dir='ltr'>ut</span> <span class='ocrx_word' id='word_1_332' title='bbox 1056 3357 1143 3399; x_wconf 92' lang='lat' dir='ltr'>se.</span> <span class='ocrx_word' id='word_1_333' title='bbox 1210 3338 1371 3418; x_wconf 82' lang='lat' dir='ltr'>Ergo</span> <span class='ocrx_word' id='word_1_334' title='bbox 1430 3337 1675 3418; x_wconf 89' lang='lat' dir='ltr'>primus</span> <span class='ocrx_word' id='word_1_335' title='bbox 1737 3344 1914 3399; x_wconf 89' lang='lat' dir='ltr'>actus</span> <span class='ocrx_word' id='word_1_336' title='bbox 1968 3337 2286 3400; x_wconf 87' lang='lat' dir='ltr'>inordina·</span> 
     </span>
     <span class='ocr_line' id='line_1_53' title="bbox 786 3434 2286 3517; baseline -0.001 -19"><span class='ocrx_word' id='word_1_337' title='bbox 786 3445 889 3498; x_wconf 82' lang='lat' dir='ltr'>tus</span> <span class='ocrx_word' id='word_1_338' title='bbox 947 3435 1172 3516; x_wconf 81' lang='lat' dir='ltr'>angeli,</span> <span class='ocrx_word' id='word_1_339' title='bbox 1228 3435 1350 3497; x_wconf 84' lang='lat' dir='ltr'>fuit</span> <span class='ocrx_word' id='word_1_340' title='bbox 1405 3443 1582 3496; x_wconf 89' lang='grc'><strong>66165</strong></span> <span class='ocrx_word' id='word_1_341' title='bbox 1640 3434 1940 3497; x_wconf 75' lang='lat' dir='ltr'>amicitiae</span> <span class='ocrx_word' id='word_1_342' title='bbox 1996 3443 2286 3517; x_wconf 89' lang='lat' dir='ltr'>respectu</span> 
     </span>
     <span class='ocr_line' id='line_1_54' title="bbox 787 3533 2281 3615; baseline 0 -19"><span class='ocrx_word' id='word_1_343' title='bbox 787 3535 885 3596; x_wconf 87' lang='lat' dir='ltr'>sui</span> <span class='ocrx_word' id='word_1_344' title='bbox 936 3533 1159 3615; x_wconf 81' lang='lat' dir='ltr'>ipsiuS.</span> <span class='ocrx_word' id='word_1_345' title='bbox 1209 3534 1383 3595; x_wconf 92' lang='lat' dir='ltr'>Unde</span> <span class='ocrx_word' id='word_1_346' title='bbox 1432 3533 1783 3595; x_wconf 91' lang='lat' dir='ltr'>secundum</span> <span class='ocrx_word' id='word_1_347' title='bbox 1834 3533 2281 3614; x_wconf 83' lang='lat' dir='ltr'>Augustinum,</span> 
     </span>
     <span class='ocr_line' id='line_1_55' title="bbox 786 3631 2283 3714; baseline 0.001 -20"><span class='ocrx_word' id='word_1_348' title='bbox 786 3650 965 3695; x_wconf 88' lang='grc'><strong>611101</strong></span> <span class='ocrx_word' id='word_1_349' title='bbox 1008 3631 1106 3694; x_wconf 87' lang='grc'>561</span> <span class='ocrx_word' id='word_1_350' title='bbox 1153 3650 1443 3693; x_wconf 88' lang='lat' dir='ltr'>crescens</span> <span class='ocrx_word' id='word_1_351' title='bbox 1489 3650 1689 3713; x_wconf 88' lang='lat' dir='ltr'>usque</span> <span class='ocrx_word' id='word_1_352' title='bbox 1728 3632 1805 3693; x_wconf 91' lang='lat' dir='ltr'>ad</span> <span class='ocrx_word' id='word_1_353' title='bbox 1848 3640 2283 3714; x_wconf 87' lang='lat' dir='ltr'>contemptum</span> 
     </span>
     <span class='ocr_line' id='line_1_56' title="bbox 786 3729 2287 3811; baseline 0 -18"><span class='ocrx_word' id='word_1_354' title='bbox 786 3731 921 3804; x_wconf 89' lang='lat' dir='ltr'>Dei,</span> <span class='ocrx_word' id='word_1_355' title='bbox 966 3730 1292 3792; x_wconf 87' lang='lat' dir='ltr'>civitatem</span> <span class='ocrx_word' id='word_1_356' title='bbox 1340 3729 1493 3791; x_wconf 82' lang='lat' dir='ltr'>fecit</span> <span class='ocrx_word' id='word_1_357' title='bbox 1541 3729 1796 3792; x_wconf 90' lang='lat' dir='ltr'>diaboli.</span> <span class='ocrx_word' id='word_1_358' title='bbox 1845 3730 1914 3791; x_wconf 91' lang='lat' dir='ltr'>ln</span> <span class='ocrx_word' id='word_1_359' title='bbox 1962 3749 2089 3811; x_wconf 83' lang='lat' dir='ltr'>quo</span> <span class='ocrx_word' id='word_1_360' title='bbox 2140 3751 2287 3796; x_wconf 89' lang='lat' dir='ltr'>con-</span> 
     </span>
     <span class='ocr_line' id='line_1_57' title="bbox 786 3826 2288 3908; baseline -0.001 -19"><span class='ocrx_word' id='word_1_361' title='bbox 786 3833 1035 3908; x_wconf 86' lang='lat' dir='ltr'>temptu</span> <span class='ocrx_word' id='word_1_362' title='bbox 1086 3833 1525 3888; x_wconf 87' lang='lat' dir='ltr'>consummata</span> <span class='ocrx_word' id='word_1_363' title='bbox 1570 3831 1668 3887; x_wconf 85' lang='lat' dir='ltr'>est</span> <span class='ocrx_word' id='word_1_364' title='bbox 1716 3826 1836 3888; x_wconf 85' lang='lat' dir='ltr'>ista</span> <span class='ocrx_word' id='word_1_365' title='bbox 1892 3826 2151 3889; x_wconf 87' lang='lat' dir='ltr'>malitia.</span> <span class='ocrx_word' id='word_1_366' title='bbox 2206 3865 2288 3876; x_wconf 88' lang='lat'><strong>—</strong></span> 
     </span>
     <span class='ocr_line' id='line_1_58' title="bbox 787 3924 2284 4008; baseline 0.002 -21"><span class='ocrx_word' id='word_1_367' title='bbox 787 3925 977 3988; x_wconf 88' lang='lat' dir='ltr'>Porro</span> <span class='ocrx_word' id='word_1_368' title='bbox 1041 3924 1359 4006; x_wconf 90' lang='lat' dir='ltr'>loquendo</span> <span class='ocrx_word' id='word_1_369' title='bbox 1418 3924 1494 3986; x_wconf 92' lang='lat' dir='ltr'>de</span> <span class='ocrx_word' id='word_1_370' title='bbox 1555 3924 2017 3987; x_wconf 84' lang='lat' dir='ltr'>inordinatione</span> <span class='ocrx_word' id='word_1_371' title='bbox 2082 3926 2284 4008; x_wconf 89' lang='lat' dir='ltr'>ipsius</span> 
     </span>
     <span class='ocr_line' id='line_1_59' title="bbox 786 4023 2287 4106; baseline -0.001 -19"><span class='ocrx_word' id='word_1_372' title='bbox 786 4023 950 4104; x_wconf 85' lang='lat' dir='ltr'>velle</span> <span class='ocrx_word' id='word_1_373' title='bbox 996 4023 1549 4104; x_wconf 86' lang='lat' dir='ltr'>concupiscentiae,</span> <span class='ocrx_word' id='word_1_374' title='bbox 1584 4031 1843 4105; x_wconf 86' lang='lat' dir='ltr'>apparet</span> <span class='ocrx_word' id='word_1_375' title='bbox 1892 4024 2059 4106; x_wconf 85' lang='lat' dir='ltr'>quod</span> <span class='ocrx_word' id='word_1_376' title='bbox 2101 4042 2287 4105; x_wconf 83' lang='lat' dir='ltr'>ange-</span> 
     </span>
     <span class='ocr_line' id='line_1_60' title="bbox 787 4121 2284 4204; baseline 0 -20"><span class='ocrx_word' id='word_1_377' title='bbox 787 4122 887 4184; x_wconf 90' lang='lat' dir='ltr'>lus</span> <span class='ocrx_word' id='word_1_378' title='bbox 923 4122 1029 4184; x_wconf 90' lang='lat' dir='ltr'>ille</span> <span class='ocrx_word' id='word_1_379' title='bbox 1062 4121 1270 4204; x_wconf 89' lang='lat' dir='ltr'>primo</span> <span class='ocrx_word' id='word_1_380' title='bbox 1308 4121 1675 4202; x_wconf 86' lang='lat' dir='ltr'>concupivit</span> <span class='ocrx_word' id='word_1_381' title='bbox 1708 4121 1832 4184; x_wconf 89' lang='lat' dir='ltr'>sibi</span> <span class='ocrx_word' id='word_1_382' title='bbox 1872 4122 2284 4184; x_wconf 84' lang='lat' dir='ltr'>immoderate</span> 
     </span>
    </p>
   </div>
   <div class='ocr_carea' id='block_1_11' title="bbox 2393 3139 3905 4204">
    <p class='ocr_par' dir='ltr' id='par_1_13' title="bbox 2393 3139 3905 4204">
     <span class='ocr_line' id='line_1_61' title="bbox 2397 3139 3905 3213; baseline 0 -11"><span class='ocrx_word' id='word_1_383' title='bbox 2397 3139 2561 3202; x_wconf 83' lang='lat' dir='ltr'>velle</span> <span class='ocrx_word' id='word_1_384' title='bbox 2600 3140 2800 3200; x_wconf 90' lang='lat' dir='ltr'>Deum</span> <span class='ocrx_word' id='word_1_385' title='bbox 2845 3157 2971 3200; x_wconf 91' lang='lat' dir='ltr'>non</span> <span class='ocrx_word' id='word_1_386' title='bbox 3016 3159 3176 3213; x_wconf 90' lang='lat' dir='ltr'>esse,</span> <span class='ocrx_word' id='word_1_387' title='bbox 3209 3147 3271 3201; x_wconf 92' lang='lat' dir='ltr'>et</span> <span class='ocrx_word' id='word_1_388' title='bbox 3317 3140 3402 3202; x_wconf 87' lang='lat' dir='ltr'>ita</span> <span class='ocrx_word' id='word_1_389' title='bbox 3442 3139 3637 3201; x_wconf 87' lang='lat' dir='ltr'>odire.</span> <span class='ocrx_word' id='word_1_390' title='bbox 3671 3175 3752 3186; x_wconf 91' lang='lat'><em>-</em></span> <span class='ocrx_word' id='word_1_391' title='bbox 3778 3141 3905 3202; x_wconf 81' lang='lat' dir='ltr'>lta·</span> 
     </span>
     <span class='ocr_line' id='line_1_62' title="bbox 2396 3234 3904 3318; baseline 0.001 -21"><span class='ocrx_word' id='word_1_392' title='bbox 2396 3255 2520 3318; x_wconf 92' lang='lat' dir='ltr'>que</span> <span class='ocrx_word' id='word_1_393' title='bbox 2553 3237 2834 3318; x_wconf 90' lang='lat' dir='ltr'>primum</span> <span class='ocrx_word' id='word_1_394' title='bbox 2876 3235 3032 3297; x_wconf 89' lang='lat' dir='ltr'>illud</span> <span class='ocrx_word' id='word_1_395' title='bbox 3073 3243 3403 3318; x_wconf 89' lang='lat' dir='ltr'>peccatum</span> <span class='ocrx_word' id='word_1_396' title='bbox 3445 3234 3742 3310; x_wconf 80' lang='lat' dir='ltr'>Luciferi,</span> <span class='ocrx_word' id='word_1_397' title='bbox 3776 3238 3904 3299; x_wconf 79' lang='lat' dir='ltr'>sci·</span> 
     </span>
     <span class='ocr_line' id='line_1_63' title="bbox 2397 3334 3900 3406; baseline 0 -10"><span class='ocrx_word' id='word_1_398' title='bbox 2397 3335 2545 3396; x_wconf 87' lang='lat' dir='ltr'>licet</span> <span class='ocrx_word' id='word_1_399' title='bbox 2578 3334 2932 3397; x_wconf 87' lang='lat' dir='ltr'>inordinata</span> <span class='ocrx_word' id='word_1_400' title='bbox 2968 3334 3224 3396; x_wconf 90' lang='lat' dir='ltr'>dilectio</span> <span class='ocrx_word' id='word_1_401' title='bbox 3258 3334 3380 3406; x_wconf 93' lang='lat' dir='ltr'>sui,</span> <span class='ocrx_word' id='word_1_402' title='bbox 3413 3352 3540 3396; x_wconf 91' lang='lat' dir='ltr'>non</span> <span class='ocrx_word' id='word_1_403' title='bbox 3575 3342 3710 3396; x_wconf 86' lang='lat' dir='ltr'>erat</span> <span class='ocrx_word' id='word_1_404' title='bbox 3738 3335 3900 3396; x_wconf 88' lang='lat' dir='ltr'>irre-</span> 
     </span>
     <span class='ocr_line' id='line_1_64' title="bbox 2398 3431 3896 3507; baseline 0.001 -13"><span class='ocrx_word' id='word_1_405' title='bbox 2398 3431 2736 3494; x_wconf 85' lang='lat' dir='ltr'>mediabile</span> <span class='ocrx_word' id='word_1_406' title='bbox 2767 3450 2879 3494; x_wconf 90' lang='lat' dir='ltr'>seu</span> <span class='ocrx_word' id='word_1_407' title='bbox 2923 3431 3362 3494; x_wconf 86' lang='lat' dir='ltr'>irremissibile</span> <span class='ocrx_word' id='word_1_408' title='bbox 3393 3451 3468 3493; x_wconf 86' lang='lat' dir='ltr'>ex</span> <span class='ocrx_word' id='word_1_409' title='bbox 3499 3450 3616 3492; x_wconf 86' lang='lat' dir='ltr'>sua</span> <span class='ocrx_word' id='word_1_410' title='bbox 3643 3438 3896 3507; x_wconf 86' lang='lat' dir='ltr'>natura,</span> 
     </span>
     <span class='ocr_line' id='line_1_65' title="bbox 2394 3529 3902 3613; baseline 0.001 -22"><span class='ocrx_word' id='word_1_411' title='bbox 2394 3549 2603 3613; x_wconf 89' lang='lat' dir='ltr'>neque</span> <span class='ocrx_word' id='word_1_412' title='bbox 2631 3529 3376 3610; x_wconf 84' lang='lat' dir='ltr'>gravissimum.Quando</span> <span class='ocrx_word' id='word_1_413' title='bbox 3405 3529 3575 3591; x_wconf 86' lang='lat' dir='ltr'>enim</span> <span class='ocrx_word' id='word_1_414' title='bbox 3605 3531 3902 3610; x_wconf 84' lang='lat' dir='ltr'>peccavit</span> 
     </span>
     <span class='ocr_line' id='line_1_66' title="bbox 2395 3617 3899 3710; baseline 0.003 -20"><span class='ocrx_word' id='word_1_415' title='bbox 2395 3630 2675 3691; x_wconf 88' lang='lat' dir='ltr'>secundo</span> <span class='ocrx_word' id='word_1_416' title='bbox 2715 3617 2995 3710; x_wconf 72' lang='lat' dir='ltr'>peccato,</span> <span class='ocrx_word' id='word_1_417' title='bbox 3029 3629 3489 3691; x_wconf 89' lang='lat' dir='ltr'>beatitudinem</span> <span class='ocrx_word' id='word_1_418' title='bbox 3537 3629 3899 3694; x_wconf 87' lang='lat' dir='ltr'>inordinate</span> 
     </span>
     <span class='ocr_line' id='line_1_67' title="bbox 2395 3727 3902 3810; baseline 0.001 -20"><span class='ocrx_word' id='word_1_419' title='bbox 2395 3729 2691 3810; x_wconf 81' lang='lat' dir='ltr'>optandO,</span> <span class='ocrx_word' id='word_1_420' title='bbox 2726 3727 2931 3790; x_wconf 90' lang='lat' dir='ltr'>adhuc</span> <span class='ocrx_word' id='word_1_421' title='bbox 2976 3727 3099 3789; x_wconf 80' lang='lat' dir='ltr'>fuit</span> <span class='ocrx_word' id='word_1_422' title='bbox 3143 3727 3204 3789; x_wconf 89' lang='lat' dir='ltr'>in</span> <span class='ocrx_word' id='word_1_423' title='bbox 3251 3727 3374 3801; x_wconf 86' lang='lat' dir='ltr'>via,</span> <span class='ocrx_word' id='word_1_424' title='bbox 3408 3735 3470 3789; x_wconf 90' lang='lat' dir='ltr'>et</span> <span class='ocrx_word' id='word_1_425' title='bbox 3513 3727 3717 3809; x_wconf 85' lang='lat' dir='ltr'>potuit</span> <span class='ocrx_word' id='word_1_426' title='bbox 3763 3747 3902 3810; x_wconf 88' lang='lat' dir='ltr'>poe-</span> 
     </span>
     <span class='ocr_line' id='line_1_68' title="bbox 2395 3825 3898 3908; baseline 0.001 -20"><span class='ocrx_word' id='word_1_427' title='bbox 2395 3827 2597 3888; x_wconf 85' lang='lat' dir='ltr'>nitere</span> <span class='ocrx_word' id='word_1_428' title='bbox 2643 3826 2720 3888; x_wconf 90' lang='lat' dir='ltr'>de</span> <span class='ocrx_word' id='word_1_429' title='bbox 2766 3827 2974 3907; x_wconf 89' lang='lat' dir='ltr'>primo</span> <span class='ocrx_word' id='word_1_430' title='bbox 3022 3833 3302 3908; x_wconf 75' lang='lat' dir='ltr'>pec-cam,</span> <span class='ocrx_word' id='word_1_431' title='bbox 3343 3825 3564 3908; x_wconf 87' lang='lat' dir='ltr'>sicque</span> <span class='ocrx_word' id='word_1_432' title='bbox 3607 3825 3898 3908; x_wconf 86' lang='lat' dir='ltr'>recipere</span> 
     </span>
     <span class='ocr_line' id='line_1_69' title="bbox 2395 3924 3896 4006; baseline 0 -18"><span class='ocrx_word' id='word_1_433' title='bbox 2395 3924 2646 3988; x_wconf 89' lang='lat' dir='ltr'>veniam</span> <span class='ocrx_word' id='word_1_434' title='bbox 2695 3933 2759 3987; x_wconf 85' lang='lat' dir='ltr'>et</span> <span class='ocrx_word' id='word_1_435' title='bbox 2808 3925 3308 3986; x_wconf 87' lang='lat' dir='ltr'>misericordiam</span> <span class='ocrx_word' id='word_1_436' title='bbox 3353 3943 3366 3988; x_wconf 93' lang='lat'><strong>:</strong></span> <span class='ocrx_word' id='word_1_437' title='bbox 3411 3942 3560 4005; x_wconf 83' lang='lat' dir='ltr'>ergo</span> <span class='ocrx_word' id='word_1_438' title='bbox 3608 3925 3896 4006; x_wconf 89' lang='lat' dir='ltr'>primum</span> 
     </span>
     <span class='ocr_line' id='line_1_70' title="bbox 2393 4021 3902 4105; baseline 0.001 -20"><span class='ocrx_word' id='word_1_439' title='bbox 2393 4023 2534 4105; x_wconf 86' lang='lat' dir='ltr'>ejus</span> <span class='ocrx_word' id='word_1_440' title='bbox 2573 4031 2902 4105; x_wconf 86' lang='lat' dir='ltr'>peccatum</span> <span class='ocrx_word' id='word_1_441' title='bbox 2941 4041 3016 4084; x_wconf 88' lang='lat' dir='ltr'>ex</span> <span class='ocrx_word' id='word_1_442' title='bbox 3059 4041 3127 4084; x_wconf 91' lang='lat' dir='ltr'>se</span> <span class='ocrx_word' id='word_1_443' title='bbox 3161 4039 3288 4084; x_wconf 90' lang='lat' dir='ltr'>non</span> <span class='ocrx_word' id='word_1_444' title='bbox 3330 4021 3452 4084; x_wconf 80' lang='lat' dir='ltr'>fuit</span> <span class='ocrx_word' id='word_1_445' title='bbox 3491 4023 3902 4086; x_wconf 81' lang='lat' dir='ltr'>irremissibi-</span> 
     </span>
     <span class='ocr_line' id='line_1_71' title="bbox 2396 4119 3897 4204; baseline 0.001 -22"><span class='ocrx_word' id='word_1_446' title='bbox 2396 4121 2474 4184; x_wconf 90' lang='lat' dir='ltr'>le.</span> <span class='ocrx_word' id='word_1_447' title='bbox 2513 4121 2631 4184; x_wconf 89' lang='lat' dir='ltr'>Sed</span> <span class='ocrx_word' id='word_1_448' title='bbox 2672 4121 2822 4204; x_wconf 91' lang='lat' dir='ltr'>quia</span> <span class='ocrx_word' id='word_1_449' title='bbox 2861 4140 2936 4182; x_wconf 83' lang='lat' dir='ltr'>ex</span> <span class='ocrx_word' id='word_1_450' title='bbox 2979 4119 3089 4182; x_wconf 91' lang='lat' dir='ltr'>illo</span> <span class='ocrx_word' id='word_1_451' title='bbox 3127 4119 3384 4182; x_wconf 83' lang='lat' dir='ltr'>devenit</span> <span class='ocrx_word' id='word_1_452' title='bbox 3411 4121 3489 4181; x_wconf 88' lang='lat' dir='ltr'>ad</span> <span class='ocrx_word' id='word_1_453' title='bbox 3519 4121 3897 4198; x_wconf 86' lang='lat' dir='ltr'>terminum,</span> 
     </span>
    </p>
   </div>
   <div class='ocr_carea' id='block_1_12' title="bbox 787 4218 3904 4303">
    <p class='ocr_par' dir='ltr' id='par_1_14' title="bbox 787 4218 3904 4303">
     <span class='ocr_line' id='line_1_72' title="bbox 787 4218 3904 4303; baseline 0 -20"><span class='ocrx_word' id='word_1_454' title='bbox 787 4220 1266 4283; x_wconf 86' lang='lat' dir='ltr'>beatitudinem.</span> <span class='ocrx_word' id='word_1_455' title='bbox 1320 4220 1630 4282; x_wconf 90' lang='lat' dir='ltr'>Processit</span> <span class='ocrx_word' id='word_1_456' title='bbox 1683 4239 1959 4303; x_wconf 90' lang='lat' dir='ltr'>namque</span> <span class='ocrx_word' id='word_1_457' title='bbox 2008 4239 2084 4282; x_wconf 86' lang='lat' dir='ltr'>ex</span> <span class='ocrx_word' id='word_1_458' title='bbox 2132 4220 2364 4294; x_wconf 80' lang='lat' dir='ltr'>affe-D</span> <span class='ocrx_word' id='word_1_459' title='bbox 2395 4219 2609 4282; x_wconf 91' lang='lat' dir='ltr'>omnia</span> <span class='ocrx_word' id='word_1_460' title='bbox 2666 4219 2806 4299; x_wconf 86' lang='lat' dir='ltr'>ejus</span> <span class='ocrx_word' id='word_1_461' title='bbox 2873 4226 3130 4301; x_wconf 87' lang='lat' dir='ltr'>peccata</span> <span class='ocrx_word' id='word_1_462' title='bbox 3199 4218 3666 4282; x_wconf 87' lang='lat' dir='ltr'>irremissibilia</span> <span class='ocrx_word' id='word_1_463' title='bbox 3727 4218 3904 4284; x_wconf 82' lang='lat' dir='ltr'>facta</span> 
     </span>
    </p>
   </div>
   <div class='ocr_carea' id='block_1_13' title="bbox 784 4318 2288 5389">
    <p class='ocr_par' dir='ltr' id='par_1_15' title="bbox 784 4318 2288 5389">
     <span class='ocr_line' id='line_1_73' title="bbox 787 4318 2281 4400; baseline 0.001 -20"><span class='ocrx_word' id='word_1_464' title='bbox 787 4318 997 4380; x_wconf 89' lang='lat' dir='ltr'>ctione</span> <span class='ocrx_word' id='word_1_465' title='bbox 1030 4318 1271 4400; x_wconf 89' lang='lat' dir='ltr'>proprii</span> <span class='ocrx_word' id='word_1_466' title='bbox 1304 4318 1848 4400; x_wconf 89' lang='lat' dir='ltr'>commodi,prout</span> <span class='ocrx_word' id='word_1_467' title='bbox 1876 4320 2281 4382; x_wconf 91' lang='lat' dir='ltr'>commodum</span> 
     </span>
     <span class='ocr_line' id='line_1_74' title="bbox 787 4415 2286 4499; baseline -0.001 -21"><span class='ocrx_word' id='word_1_468' title='bbox 787 4416 1271 4498; x_wconf 89' lang='lat' dir='ltr'>comprehendit</span> <span class='ocrx_word' id='word_1_469' title='bbox 1335 4415 1727 4478; x_wconf 87' lang='lat' dir='ltr'>delectabile.</span> <span class='ocrx_word' id='word_1_470' title='bbox 1798 4417 1957 4479; x_wconf 89' lang='lat' dir='ltr'>Hinc</span> <span class='ocrx_word' id='word_1_471' title='bbox 2022 4425 2286 4499; x_wconf 80' lang='lat' dir='ltr'>apparet</span> 
     </span>
     <span class='ocr_line' id='line_1_75' title="bbox 788 4514 2288 4597; baseline 0.002 -21"><span class='ocrx_word' id='word_1_472' title='bbox 788 4515 957 4597; x_wconf 88' lang='lat' dir='ltr'>quod</span> <span class='ocrx_word' id='word_1_473' title='bbox 1008 4514 1214 4595; x_wconf 83' lang='lat' dir='ltr'>angeli</span> <span class='ocrx_word' id='word_1_474' title='bbox 1265 4515 1473 4596; x_wconf 91' lang='lat' dir='ltr'>primo</span> <span class='ocrx_word' id='word_1_475' title='bbox 1516 4517 1977 4597; x_wconf 90' lang='lat' dir='ltr'>concupierunt</span> <span class='ocrx_word' id='word_1_476' title='bbox 2020 4516 2288 4579; x_wconf 88' lang='lat' dir='ltr'>beatitu—</span> 
     </span>
     <span class='ocr_line' id='line_1_76' title="bbox 786 4611 2286 4696; baseline 0.001 -22"><span class='ocrx_word' id='word_1_477' title='bbox 786 4611 1023 4675; x_wconf 89' lang='lat' dir='ltr'>dinem.</span> <span class='ocrx_word' id='word_1_478' title='bbox 1058 4613 1290 4674; x_wconf 87' lang='lat' dir='ltr'>Verum</span> <span class='ocrx_word' id='word_1_479' title='bbox 1325 4613 1389 4675; x_wconf 90' lang='lat' dir='ltr'>in</span> <span class='ocrx_word' id='word_1_480' title='bbox 1420 4613 1539 4676; x_wconf 91' lang='lat' dir='ltr'>hoc</span> <span class='ocrx_word' id='word_1_481' title='bbox 1572 4621 1915 4695; x_wconf 88' lang='lat' dir='ltr'>potuerunt</span> <span class='ocrx_word' id='word_1_482' title='bbox 1950 4615 2286 4696; x_wconf 84' lang='lat' dir='ltr'>tripliciter</span> 
     </span>
     <span class='ocr_line' id='line_1_77' title="bbox 787 4710 2286 4795; baseline 0 -21"><span class='ocrx_word' id='word_1_483' title='bbox 787 4711 1142 4774; x_wconf 87' lang='lat' dir='ltr'>inordinate</span> <span class='ocrx_word' id='word_1_484' title='bbox 1175 4710 1405 4774; x_wconf 89' lang='lat' dir='ltr'>hahere</span> <span class='ocrx_word' id='word_1_485' title='bbox 1438 4733 1523 4775; x_wconf 91' lang='grc'>56.</span> <span class='ocrx_word' id='word_1_486' title='bbox 1548 4713 1778 4787; x_wconf 88' lang='grc' dir='ltr'><strong>Ρ111110,</strong></span> <span class='ocrx_word' id='word_1_487' title='bbox 1814 4711 1957 4794; x_wconf 92' lang='lat' dir='ltr'>plus</span> <span class='ocrx_word' id='word_1_488' title='bbox 1988 4721 2286 4795; x_wconf 85' lang='lat' dir='ltr'>appeten-</span> 
     </span>
     <span class='ocr_line' id='line_1_78' title="bbox 784 4808 2287 4893; baseline 0.003 -21"><span class='ocrx_word' id='word_1_489' title='bbox 784 4808 866 4872; x_wconf 91' lang='lat' dir='ltr'>do</span> <span class='ocrx_word' id='word_1_490' title='bbox 919 4809 1377 4871; x_wconf 87' lang='lat' dir='ltr'>beatitudinem</span> <span class='ocrx_word' id='word_1_491' title='bbox 1440 4811 1563 4874; x_wconf 88' lang='lat' dir='ltr'>sibi</span> <span class='ocrx_word' id='word_1_492' title='bbox 1622 4832 1813 4893; x_wconf 85' lang='lat' dir='ltr'>quam</span> <span class='ocrx_word' id='word_1_493' title='bbox 1874 4815 2129 4876; x_wconf 87' lang='lat' dir='ltr'>summo</span> <span class='ocrx_word' id='word_1_494' title='bbox 2180 4814 2287 4876; x_wconf 90' lang='lat' dir='ltr'>bo-</span> 
     </span>
     <span class='ocr_line' id='line_1_79' title="bbox 784 4908 2284 4995; baseline 0.005 -22"><span class='ocrx_word' id='word_1_495' title='bbox 784 4927 890 4986; x_wconf 90' lang='lat' dir='ltr'>no,</span> <span class='ocrx_word' id='word_1_496' title='bbox 924 4928 1036 4971; x_wconf 90' lang='lat' dir='ltr'>seu</span> <span class='ocrx_word' id='word_1_497' title='bbox 1070 4909 1214 4990; x_wconf 91' lang='lat' dir='ltr'>plus</span> <span class='ocrx_word' id='word_1_498' title='bbox 1252 4908 1710 4973; x_wconf 86' lang='lat' dir='ltr'>beatitudinem</span> <span class='ocrx_word' id='word_1_499' title='bbox 1745 4913 2062 4993; x_wconf 89' lang='lat' dir='ltr'>cupiendo</span> <span class='ocrx_word' id='word_1_500' title='bbox 2092 4935 2284 4995; x_wconf 90' lang='lat' dir='ltr'>quam</span> 
     </span>
     <span class='ocr_line' id='line_1_80' title="bbox 784 5007 2285 5086; baseline 0.004 -14"><span class='ocrx_word' id='word_1_501' title='bbox 784 5007 986 5072; x_wconf 88' lang='lat' dir='ltr'>Deum</span> <span class='ocrx_word' id='word_1_502' title='bbox 1027 5007 1313 5072; x_wconf 88' lang='lat' dir='ltr'>amando.</span> <span class='ocrx_word' id='word_1_503' title='bbox 1350 5009 1659 5086; x_wconf 89' lang='lat' dir='ltr'>Secundo,</span> <span class='ocrx_word' id='word_1_504' title='bbox 1696 5011 1967 5074; x_wconf 90' lang='lat' dir='ltr'>volendo</span> <span class='ocrx_word' id='word_1_505' title='bbox 1996 5031 2135 5076; x_wconf 87' lang='lat' dir='ltr'>eam</span> <span class='ocrx_word' id='word_1_506' title='bbox 2178 5015 2285 5079; x_wconf 89' lang='lat' dir='ltr'>ha-</span> 
     </span>
     <span class='ocr_line' id='line_1_81' title="bbox 785 5107 2286 5182; baseline 0.003 -11"><span class='ocrx_word' id='word_1_507' title='bbox 785 5107 936 5172; x_wconf 90' lang='lat' dir='ltr'>bere</span> <span class='ocrx_word' id='word_1_508' title='bbox 978 5108 1171 5170; x_wconf 88' lang='lat' dir='ltr'>nimis</span> <span class='ocrx_word' id='word_1_509' title='bbox 1211 5108 1359 5182; x_wconf 88' lang='grc'><strong>6110,</strong></span> <span class='ocrx_word' id='word_1_510' title='bbox 1392 5115 1456 5170; x_wconf 87' lang='grc'>61</span> <span class='ocrx_word' id='word_1_511' title='bbox 1493 5118 1636 5171; x_wconf 84' lang='lat' dir='ltr'>ante</span> <span class='ocrx_word' id='word_1_512' title='bbox 1675 5110 1877 5173; x_wconf 85' lang='lat' dir='ltr'>finem</span> <span class='ocrx_word' id='word_1_513' title='bbox 1918 5112 2180 5176; x_wconf 78' lang='lat' dir='ltr'>morulae</span> <span class='ocrx_word' id='word_1_514' title='bbox 2219 5114 2286 5175; x_wconf 93' lang='lat' dir='ltr'>in</span> 
     </span>
     <span class='ocr_line' id='line_1_82' title="bbox 785 5206 2286 5290; baseline 0.003 -21"><span class='ocrx_word' id='word_1_515' title='bbox 785 5227 913 5290; x_wconf 87' lang='lat' dir='ltr'>qua</span> <span class='ocrx_word' id='word_1_516' title='bbox 965 5206 1147 5289; x_wconf 87' lang='lat' dir='ltr'>quasi</span> <span class='ocrx_word' id='word_1_517' title='bbox 1208 5207 1274 5268; x_wconf 91' lang='lat' dir='ltr'>in</span> <span class='ocrx_word' id='word_1_518' title='bbox 1324 5206 1428 5269; x_wconf 88' lang='lat' dir='ltr'>via</span> <span class='ocrx_word' id='word_1_519' title='bbox 1482 5215 1679 5269; x_wconf 89' lang='lat' dir='ltr'>erant.</span> <span class='ocrx_word' id='word_1_520' title='bbox 1733 5208 1963 5284; x_wconf 90' lang='lat' dir='ltr'>Tertio,</span> <span class='ocrx_word' id='word_1_521' title='bbox 2016 5211 2286 5274; x_wconf 91' lang='lat' dir='ltr'>volendo</span> 
     </span>
     <span class='ocr_line' id='line_1_83' title="bbox 786 5304 2286 5389; baseline 0.002 -20"><span class='ocrx_word' id='word_1_522' title='bbox 786 5325 927 5370; x_wconf 88' lang='lat' dir='ltr'>eam</span> <span class='ocrx_word' id='word_1_523' title='bbox 963 5324 1039 5368; x_wconf 87' lang='lat' dir='ltr'>ex</span> <span class='ocrx_word' id='word_1_524' title='bbox 1078 5304 1212 5368; x_wconf 91' lang='lat' dir='ltr'>suis</span> <span class='ocrx_word' id='word_1_525' title='bbox 1252 5305 1647 5368; x_wconf 87' lang='lat' dir='ltr'>naturalibus</span> <span class='ocrx_word' id='word_1_526' title='bbox 1686 5307 1974 5389; x_wconf 85' lang='lat' dir='ltr'>adipisci.</span> <span class='ocrx_word' id='word_1_527' title='bbox 2012 5308 2286 5372; x_wconf 87' lang='lat' dir='ltr'>Ulterius</span> 
     </span>
    </p>
   </div>
   <div class='ocr_carea' id='block_1_14' title="bbox 2391 4319 3900 5389">
    <p class='ocr_par' dir='ltr' id='par_1_16' title="bbox 2393 4319 3900 4590">
     <span class='ocr_line' id='line_1_84' title="bbox 2393 4319 3899 4400; baseline 0.001 -19"><span class='ocrx_word' id='word_1_528' title='bbox 2393 4325 2542 4381; x_wconf 90' lang='lat' dir='ltr'>sunt</span> <span class='ocrx_word' id='word_1_529' title='bbox 2577 4337 2590 4382; x_wconf 91' lang='lat'>:</span> <span class='ocrx_word' id='word_1_530' title='bbox 2625 4336 2812 4380; x_wconf 89' lang='lat' dir='ltr'>omne</span> <span class='ocrx_word' id='word_1_531' title='bbox 2853 4336 3129 4399; x_wconf 87' lang='lat' dir='ltr'>namque</span> <span class='ocrx_word' id='word_1_532' title='bbox 3169 4325 3500 4399; x_wconf 89' lang='lat' dir='ltr'>peccatum</span> <span class='ocrx_word' id='word_1_533' title='bbox 3543 4319 3899 4400; x_wconf 82' lang='lat' dir='ltr'>peccatoris</span> 
     </span>
     <span class='ocr_line' id='line_1_85' title="bbox 2393 4416 3900 4500; baseline 0.001 -21"><span class='ocrx_word' id='word_1_534' title='bbox 2393 4419 2744 4500; x_wconf 88' lang='lat' dir='ltr'>perdurans</span> <span class='ocrx_word' id='word_1_535' title='bbox 2790 4435 2990 4498; x_wconf 86' lang='lat' dir='ltr'>usque</span> <span class='ocrx_word' id='word_1_536' title='bbox 3029 4417 3105 4478; x_wconf 89' lang='lat' dir='ltr'>ad</span> <span class='ocrx_word' id='word_1_537' title='bbox 3148 4416 3492 4478; x_wconf 88' lang='lat' dir='ltr'>terminum</span> <span class='ocrx_word' id='word_1_538' title='bbox 3535 4417 3652 4480; x_wconf 81' lang='lat' dir='ltr'>viae</span> <span class='ocrx_word' id='word_1_539' title='bbox 3691 4416 3900 4480; x_wconf 86' lang='lat' dir='ltr'>inclu-</span> 
     </span>
     <span class='ocr_line' id='line_1_86' title="bbox 2394 4514 3184 4590; baseline -0.004 -11"><span class='ocrx_word' id='word_1_540' title='bbox 2394 4517 2550 4590; x_wconf 92' lang='lat' dir='ltr'>sive,</span> <span class='ocrx_word' id='word_1_541' title='bbox 2583 4523 2675 4577; x_wconf 86' lang='lat' dir='ltr'>est</span> <span class='ocrx_word' id='word_1_542' title='bbox 2723 4514 3184 4577; x_wconf 89' lang='lat' dir='ltr'>irremissibile.</span> 
     </span>
    </p>

    <p class='ocr_par' dir='ltr' id='par_1_17' title="bbox 2391 4612 3899 5389">
     <span class='ocr_line' id='line_1_87' title="bbox 2476 4612 3899 4697; baseline 0.001 -21"><span class='ocrx_word' id='word_1_543' title='bbox 2476 4615 2544 4676; x_wconf 93' lang='lat' dir='ltr'>ln</span> <span class='ocrx_word' id='word_1_544' title='bbox 2582 4613 2682 4674; x_wconf 89' lang='lat' dir='ltr'>his</span> <span class='ocrx_word' id='word_1_545' title='bbox 2716 4613 2881 4675; x_wconf 90' lang='lat' dir='ltr'>Scoti</span> <span class='ocrx_word' id='word_1_546' title='bbox 2916 4612 3129 4675; x_wconf 87' lang='lat' dir='ltr'>verbis</span> <span class='ocrx_word' id='word_1_547' title='bbox 3159 4613 3460 4676; x_wconf 87' lang='lat' dir='ltr'>videntur</span> <span class='ocrx_word' id='word_1_548' title='bbox 3495 4614 3710 4697; x_wconf 87' lang='lat' dir='ltr'>aliqua</span> <span class='ocrx_word' id='word_1_549' title='bbox 3747 4631 3899 4677; x_wconf 82' lang='lat' dir='ltr'>con·</span> 
     </span>
     <span class='ocr_line' id='line_1_88' title="bbox 2393 4713 3896 4796; baseline 0.001 -21"><span class='ocrx_word' id='word_1_550' title='bbox 2393 4714 2580 4775; x_wconf 87' lang='lat' dir='ltr'>tineri</span> <span class='ocrx_word' id='word_1_551' title='bbox 2631 4713 3030 4776; x_wconf 90' lang='lat' dir='ltr'>documentis</span> <span class='ocrx_word' id='word_1_552' title='bbox 3078 4713 3451 4775; x_wconf 89' lang='lat' dir='ltr'>Sanctorum</span> <span class='ocrx_word' id='word_1_553' title='bbox 3503 4721 3563 4774; x_wconf 88' lang='lat' dir='ltr'>et</span> <span class='ocrx_word' id='word_1_554' title='bbox 3609 4713 3896 4796; x_wconf 63' lang='lat' dir='ltr'>praealle-</span> 
     </span>
     <span class='ocr_line' id='line_1_89' title="bbox 2391 4813 3896 4895; baseline 0 -20"><span class='ocrx_word' id='word_1_555' title='bbox 2391 4821 2678 4895; x_wconf 81' lang='lat' dir='ltr'>gatorum</span> <span class='ocrx_word' id='word_1_556' title='bbox 2710 4813 3038 4874; x_wconf 91' lang='lat' dir='ltr'>doctorum</span> <span class='ocrx_word' id='word_1_557' title='bbox 3070 4830 3196 4874; x_wconf 93' lang='lat' dir='ltr'>non</span> <span class='ocrx_word' id='word_1_558' title='bbox 3227 4813 3896 4895; x_wconf 84' lang='lat' dir='ltr'>consona‚praesertim</span> 
     </span>
     <span class='ocr_line' id='line_1_90' title="bbox 2394 4911 3894 4993; baseline -0.002 -18"><span class='ocrx_word' id='word_1_559' title='bbox 2394 4914 2458 4974; x_wconf 89' lang='lat' dir='ltr'>in</span> <span class='ocrx_word' id='word_1_560' title='bbox 2501 4931 2576 4975; x_wconf 84' lang='lat' dir='ltr'>eo</span> <span class='ocrx_word' id='word_1_561' title='bbox 2618 4911 2786 4993; x_wconf 86' lang='lat' dir='ltr'>quod</span> <span class='ocrx_word' id='word_1_562' title='bbox 2831 4911 3084 4972; x_wconf 85' lang='lat' dir='ltr'>videtur</span> <span class='ocrx_word' id='word_1_563' title='bbox 3127 4911 3362 4972; x_wconf 86' lang='lat' dir='ltr'>sentire</span> <span class='ocrx_word' id='word_1_564' title='bbox 3413 4911 3694 4992; x_wconf 90' lang='lat' dir='ltr'>primum</span> <span class='ocrx_word' id='word_1_565' title='bbox 3745 4929 3894 4992; x_wconf 90' lang='lat' dir='ltr'>pec-</span> 
     </span>
     <span class='ocr_line' id='line_1_91' title="bbox 2393 5008 3896 5091; baseline -0.002 -17"><span class='ocrx_word' id='word_1_566' title='bbox 2393 5020 2603 5074; x_wconf 88' lang='lat' dir='ltr'>catum</span> <span class='ocrx_word' id='word_1_567' title='bbox 2647 5008 2923 5073; x_wconf 79' lang='lat' dir='ltr'>Luciferi</span> <span class='ocrx_word' id='word_1_568' title='bbox 2968 5027 3092 5071; x_wconf 89' lang='lat' dir='ltr'>non</span> <span class='ocrx_word' id='word_1_569' title='bbox 3137 5008 3336 5071; x_wconf 80' lang='lat' dir='ltr'>fuisse</span> <span class='ocrx_word' id='word_1_570' title='bbox 3379 5009 3745 5091; x_wconf 90' lang='lat' dir='ltr'>superbiam</span> <span class='ocrx_word' id='word_1_571' title='bbox 3787 5009 3896 5072; x_wconf 90' lang='lat' dir='ltr'>vel</span> 
     </span>
     <span class='ocr_line' id='line_1_92' title="bbox 2395 5107 3896 5192; baseline -0.003 -19"><span class='ocrx_word' id='word_1_572' title='bbox 2395 5109 2957 5192; x_wconf 65' lang='lat' dir='ltr'>praesumptionem</span> <span class='ocrx_word' id='word_1_573' title='bbox 3012 5108 3268 5190; x_wconf 90' lang='lat' dir='ltr'>proprie</span> <span class='ocrx_word' id='word_1_574' title='bbox 3317 5107 3574 5181; x_wconf 87' lang='lat' dir='ltr'>dictam,</span> <span class='ocrx_word' id='word_1_575' title='bbox 3625 5108 3736 5170; x_wconf 91' lang='lat' dir='ltr'>sed</span> <span class='ocrx_word' id='word_1_576' title='bbox 3791 5127 3896 5170; x_wconf 91' lang='lat' dir='ltr'>so-</span> 
     </span>
     <span class='ocr_line' id='line_1_93' title="bbox 2395 5207 3894 5290; baseline -0.001 -19"><span class='ocrx_word' id='word_1_577' title='bbox 2395 5210 2526 5273; x_wconf 91' lang='lat' dir='ltr'>lum</span> <span class='ocrx_word' id='word_1_578' title='bbox 2559 5208 2908 5290; x_wconf 89' lang='lat' dir='ltr'>improprie</span> <span class='ocrx_word' id='word_1_579' title='bbox 2938 5208 3195 5270; x_wconf 90' lang='lat' dir='ltr'>dictam.</span> <span class='ocrx_word' id='word_1_580' title='bbox 3232 5207 3668 5270; x_wconf 90' lang='lat' dir='ltr'>Communiter</span> <span class='ocrx_word' id='word_1_581' title='bbox 3695 5207 3894 5270; x_wconf 87' lang='lat' dir='ltr'>etiam</span> 
     </span>
     <span class='ocr_line' id='line_1_94' title="bbox 2396 5304 3896 5389; baseline 0 -18"><span class='ocrx_word' id='word_1_582' title='bbox 2396 5307 2606 5371; x_wconf 85' lang='lat' dir='ltr'>Sancti</span> <span class='ocrx_word' id='word_1_583' title='bbox 2667 5314 2998 5382; x_wconf 86' lang='lat' dir='ltr'>testantur,</span> <span class='ocrx_word' id='word_1_584' title='bbox 3052 5306 3218 5389; x_wconf 90' lang='lat' dir='ltr'>quod</span> <span class='ocrx_word' id='word_1_585' title='bbox 3275 5304 3529 5368; x_wconf 78' lang='lat' dir='ltr'>Lucifer</span> <span class='ocrx_word' id='word_1_586' title='bbox 3576 5305 3658 5368; x_wconf 93' lang='lat' dir='ltr'>ob</span> <span class='ocrx_word' id='word_1_587' title='bbox 3707 5325 3896 5372; x_wconf 88' lang='lat' dir='ltr'>suam</span> 
     </span>
    </p>
   </div>
  </div>
 </body>
</html>
