4334 6242
689 493 913 550 QUAEST.
958 495 1002 540 n
1045 493 1058 538 :
1101 493 1187 540 AN
1229 493 1452 539 ANGELl
1495 491 1558 538 ΙΝ
1600 491 1930 538 Α88ΠΜΡΤ18
1973 489 2338 539 conromnns
2382 489 2737 538 ulmenam·
2780 489 2978 538 OPERA
3017 491 3172 534 vlTAE

3361 468 3481 534 449

381 662 768 744 vaporabili;
809 663 1072 744 angelus
1103 668 1314 724 tamen
1355 661 1558 724 bonus
1591 680 1666 723 ex
1700 667 1874 743 parte
1905 659 1956 722 A
1987 679 2108 741 pus
2137 660 2517 743 simpliciter
2548 660 2820 722 mixtum
2854 677 2981 722 non
3020 658 3329 722 formatur
3356 657 3481 720 nisi

381 761 544 823 aeris
602 763 940 845 superiori,
995 762 1242 825 daemon
1301 778 1378 822 ex
1439 759 1742 822 inferiori.
1798 795 1873 806 —

381 859 549 920 Hanc
587 858 1044 922 Bonaventurae
1083 858 1464 940 positionem
1500 856 1871 931 RicharduS,

381 965 448 1018 ut
494 957 722 1039 patuit,
765 965 862 1020 est
909 965 1166 1019 secutus
1209 974 1224 1018 :
1270 955 1398 1019 imo
1445 955 1633 1017 ambo
1681 953 1874 1016 simul

380 1054 442 1117 in
493 1055 616 1118 hoc
663 1055 866 1118 secuti
917 1063 1066 1117 sunt
1114 1055 1536 1138 quorumdam
1585 1061 1874 1116 veterum

378 1153 768 1235 opinionem.

454 1253 535 1314 At
573 1270 724 1315 vero
763 1252 1115 1315 Alexander
1153 1252 1323 1314 circa
1364 1252 1498 1316 haec
1539 1251 1738 1313 multa
1780 1250 1874 1313 in·

377 1351 596 1433 quirit,
629 1359 692 1413 et
731 1359 904 1434 patet
946 1370 1022 1414 ex
1068 1351 1476 1433 praeinductis
1522 1349 1868 1432 responsio.

376 1451 572 1513 Tenet
620 1459 832 1514 autem
884 1469 1289 1514 communem
1339 1449 1731 1532 opinionem,
1781 1449 1874 1511 di-

377 1549 579 1611 cendo
623 1549 790 1631 quod
838 1566 1102 1630 corpora
1143 1556 1470 1630 assumpta
1511 1546 1591 1609 ab
1633 1547 1875 1628 angelis

377 1655 528 1709 sunt
566 1648 758 1720 aeria,
793 1665 920 1709 non
960 1647 1178 1721 mixta,
1213 1665 1420 1728 neque
1464 1645 1762 1708 coelestia.
1796 1679 1877 1690 -

379 1743 552 1808 Idem
597 1745 754 1806 dicit
796 1746 1148 1808 Duraudus,

1986 777 2061 820 ex
2118 760 2524 840 generatione
2581 767 2645 821 et
2702 758 3121 821 determinato
3179 774 3480 839 processu

1987 864 2244 920 naturae.
2280 857 2439 919 Hinc
2482 875 2712 939 corpus
2752 858 2922 939 quod
2960 857 3046 918 ita
3087 854 3270 938 quasi
3312 853 3483 915 subi-

1987 962 2050 1016 to
2090 955 2401 1018 formatur
2436 963 2627 1036 atque
2671 956 3028 1029 resolvitur,
3070 955 3342 1016 mixtum
3386 960 3483 1015 est

1989 1053 2295 1116 mixtione
2351 1053 2744 1135 imperfecta,
2787 1053 2992 1135 qualis
3040 1057 3247 1134 potest
3298 1051 3480 1112 indu·

1988 1151 2046 1212 ci
2088 1149 2169 1213 ab
2212 1151 2546 1232 agentibus
2591 1151 3009 1224 naturalibuS,
3042 1150 3222 1233 quasi
3268 1147 3481 1211 subito

1988 1249 2154 1312 facta
2209 1250 2755 1332 approximatione
2814 1249 3293 1312 elementorum.
3336 1248 3481 1312 Haec

1989 1349 2231 1412 Scotus.

2067 1447 2184 1522 Qui
2244 1447 2307 1510 in
2366 1448 2465 1510 his
2525 1455 2781 1510 secutus
2829 1454 2925 1510 est
2973 1446 3245 1530 primam
3303 1446 3480 1509 illam

1987 1547 2358 1630 opinionem
2421 1566 2458 1608 a
2518 1547 2958 1610 Bonaventura
3019 1554 3357 1620 narratam,
3419 1553 3483 1609 et

1987 1646 2220 1728 partim
2278 1646 2642 1708 secundam.
2696 1646 2901 1728 Ardue
2950 1664 3026 1707 ex
3076 1645 3262 1708 dictis
3310 1653 3483 1727 patet

1986 1764 2160 1807 error
2210 1745 2392 1807 istius
2443 1745 2908 1827 responsionis;
2951 1763 3068 1807 nec
3118 1763 3341 1806 verum
3388 1751 3485 1806 est

459 1844 619 1918 Quid
664 1844 818 1906 item
862 1845 940 1906 de
988 1843 1522 1906 immaterialitate
1566 1851 1629 1905 et
1672 1843 1874 1906 incor-
1913 1843 1960 1904 Β
1987 1843 2157 1925 quod
2187 1861 2294 1905 aer
2322 1862 2437 1925 per
2466 1844 2977 1926 inspissationem
3005 1842 3284 1925 aliasque
3314 1843 3487 1906 adhi-

379 1942 690 2025 poreitate
735 1942 1104 2023 angelorum
1151 1941 1465 2004 bonorum
1513 1949 1702 2024 atque
1747 1961 1874 2004 ma-

185 2040 588 2117 mentorum
652 2040 929 2103 sentiant
990 2040 1368 2104 Guillelmus
1425 2049 1488 2104 et
1543 2040 1872 2115 HenricuS,

148 2131 231 2169 ets.

379 2141 587 2222 patuit
629 2158 840 2221 supra.

460 2238 783 2300 Postremo
823 2238 1048 2302 Scotus
1083 2255 1096 2300 :
1129 2233 1448 2319 Angelum
1479 2237 1745 2321 (inquit)
1785 2256 1879 2300 as-

379 2356 634 2400 sumere
677 2355 930 2419 corpuS,
965 2355 1092 2400 non
1135 2345 1231 2400 est
1273 2337 1484 2419 ipsum
1536 2337 1878 2400 informare

379 2453 634 2517 corpuS,
677 2454 795 2497 nec
843 2435 1001 2497 illud
1049 2435 1442 2518 hypostatice
1491 2435 1616 2497 sibi
1669 2435 1874 2508 unire,

379 2535 490 2596 sed
531 2541 778 2595 tantum
820 2552 958 2596 esse
999 2534 1382 2596 intrinsecus
1423 2533 1704 2616 corporis
1747 2550 1880 2595 mo-

379 2640 477 2694 tor
523 2633 616 2712 (et
661 2630 754 2694 sic
801 2644 939 2694 esse
988 2631 1319 2694 definitive
1370 2632 1436 2692 in
1485 2631 1594 2693 illo
1641 2649 1655 2694 :
1708 2631 1878 2713 quod

379 2737 476 2792 est
523 2729 688 2792 alius
747 2730 974 2792 modus
1022 2748 1214 2811 quam
1275 2748 1389 2812 per
1443 2728 1876 2812 operationem

380 2847 519 2891 esse
562 2828 630 2889 in
677 2828 833 2890 loco.
878 2828 1034 2890 Nam
1075 2835 1138 2890 et
1181 2828 1380 2890 Deum
1426 2847 1563 2890 esse
1613 2827 1874 2909 ubique,

381 2924 688 3006 probatur
732 2943 846 3007 per
888 2926 1008 2988 hoc
1056 2927 1226 3006 quod
1274 2925 1514 3008 ubique
1557 2932 1872 3007 operatur.

1986 1941 2261 2004 bitiones
2311 1947 2661 2023 praetactaS,
2709 1960 2835 2005 non
2885 1943 2967 2004 sit
3016 1941 3271 2004 illorum
3320 1940 3483 2003 acci-

1988 2042 2277 2104 dentium
2330 2060 2546 2124 capax.
2602 2041 3007 2123 Experientia
3063 2059 3317 2124 quoque
3375 2040 3487 2102 ali-

1989 2141 2241 2221 quando
2300 2141 2537 2216 docuit,
2591 2159 2822 2222 corpus
2881 2140 3088 2222 angeli
3148 2140 3297 2202 mali
3356 2159 3483 2206 non

1987 2256 2126 2300 esse
2157 2239 2309 2320 quid
2342 2256 2656 2319 grossum,
2692 2239 2988 2312 mixtum,
3022 2237 3319 2312 secabile,
3354 2238 3485 2301 imo

1989 2354 2196 2419 neque
2245 2336 2571 2418 tangibile,
2614 2336 2781 2398 sicut
2828 2343 2891 2399 et
2937 2336 3207 2399 Thomas
3255 2345 3319 2398 et
3362 2337 3484 2398 Du-

1989 2435 2223 2496 randus
2272 2442 2599 2498 testantur.
2643 2435 2769 2498 Nee
2813 2436 2994 2497 decet
3040 2435 3295 2515 angelos
3345 2453 3485 2498 san-

1989 2539 2122 2612 ctos
2173 2533 2477 2596 cadavera
2528 2552 2850 2596 assumere
2903 2541 3317 2596 mortuorum.
3369 2534 3485 2596 Ve-

1989 2639 2349 2694 rumtamen
2416 2633 2493 2694 de
2560 2631 2957 2696 daemonibus
3030 2650 3157 2695 non
3222 2640 3486 2714 apparet

1988 2728 2433 2790 universaliter
2479 2746 2619 2792 esse
2666 2730 3024 2810 negandum
3084 2729 3241 2811 quin
3301 2729 3488 2791 inter·

1988 2827 2141 2888 dum
2190 2834 2516 2889 assumant
2562 2828 2885 2902 cadavera,
2929 2829 3097 2890 sicut
3136 2827 3213 2890 de
3256 2827 3376 2890 hoc
3422 2827 3487 2890 in

1989 2924 2258 2986 Caesario
2288 2931 2351 2986 et
2388 2924 2542 2987 alibi
2580 2925 2795 3007 aliqua
2840 2925 3134 3006 leguntur
3172 2925 3482 3007 exempla.

381 3023 558 3096 Quod
603 3024 656 3084 si
699 3023 765 3084 hi
809 3023 980 3085 modi
1021 3041 1150 3085 non
1189 3022 1545 3095 differrent,
1577 3030 1742 3085 esset
1787 3023 1876 3084 ibi
1915 3026 1959 3090 C
1989 3023 2120 3086 lmo
2159 3023 2476 3086 daemones
2518 3023 2736 3086 incubi
2771 3033 2833 3086 et
2862 3025 3127 3086 succubi
3168 3025 3317 3087 talia
3358 3043 3488 3087 cre·

381 3121 609 3203 petitio
654 3121 978 3204 principii,
1019 3130 1082 3184 et
1118 3128 1489 3202 argueretur
1531 3121 1611 3184 ab
1655 3122 1879 3185 eodem

381 3221 460 3282 ad
507 3220 726 3299 idem).
778 3220 1056 3301 Angelus
1103 3221 1276 3282 enim
1333 3220 1621 3294 assumit,
1673 3220 1734 3282 id
1785 3227 1881 3282 est

380 3319 458 3380 ad
503 3337 572 3380 se
615 3318 834 3392 sumit,
869 3337 1121 3400 corpus,
1164 3319 1315 3401 quia
1358 3321 1437 3382 ad
1480 3319 1878 3402 operationes

380 3416 504 3480 sibi
547 3418 836 3500 proprias
877 3419 1259 3480 exercendas
1298 3419 1498 3480 utitur
1537 3418 1649 3480 illo
1687 3425 1754 3480 ut
1785 3417 1879 3480 in-

382 3523 757 3579 strumento.
782 3515 908 3578 Nec
941 3515 1176 3578 dicitur
1206 3515 1326 3578 ista
1353 3516 1704 3598 assumptio
1735 3515 1878 3578 fieri

382 3614 638 3696 quando
668 3632 898 3696 eorpus
936 3621 1337 3695 assumptum
1380 3622 1670 3677 movetur
1705 3621 1880 3676 motu

383 3711 806 3794 progressivo,
830 3712 1132 3793 quoniam
1166 3712 1308 3774 talis
1341 3719 1548 3775 motus
1579 3729 1706 3774 non
1739 3730 1884 3774 con·

379 3811 552 3892 gruit
608 3809 729 3872 fini
787 3819 1046 3893 propter
1103 3829 1295 3893 quem
1353 3810 1700 3873 assumitur
1757 3811 1880 3872 tale

381 3927 636 3991 eorpus,

461 4007 703 4070 Deinde
752 4007 1100 4071 videndum
1160 4008 1348 4090 quale
1397 4026 1626 4090 corpus
1676 4015 1882 4090 potest

380 4123 726 4169 assumere.
765 4106 841 4167 Et
870 4105 1034 4180 dieo,
1067 4107 1236 4189 quod
1276 4124 1401 4169 non
1440 4105 1708 4168 assumit
1747 4124 1880 4169 cor-

1987 3122 2227 3184 duntur
2257 3141 2599 3185 assumere.
2635 3123 2933 3197 Quaedam
2964 3141 3217 3206 quoque
3247 3123 3481 3205 puella,

1989 3239 2131 3301 quae
2172 3221 2373 3284 multo
2404 3230 2688 3303 tempore
2722 3221 3221 3284 familiaritatem
3262 3222 3486 3285 habuit

1991 3337 2138 3381 cum
2184 3319 2469 3382 daemone
2513 3319 2768 3394 incubo,
2812 3321 3226 3402 personaliter
3269 3321 3488 3384 retulit

1991 3417 2148 3480 mihi
2195 3435 2261 3480 se
2302 3419 2555 3481 audisse
2598 3439 2635 3480 a
2678 3419 2961 3483 daemone
3006 3419 3138 3494 illo,
3172 3421 3340 3503 quod
3386 3439 3485 3482 ca-

1990 3517 2183 3579 daver
2229 3517 2389 3580 solet
2429 3536 2773 3593 assumere,
2817 3526 2880 3580 et
2924 3519 3084 3581 illud
3128 3519 3483 3583 forinsecus

1990 3617 2306 3680 decorare.

2432 3922 2906 3997 QUAESTIO
2973 3925 3052 3988 II

381 4224 504 4287 pus
537 4204 816 4278 caeleste,
850 4222 969 4267 nec
1000 4204 1721 4286 elementare,quoniam
1755 4223 1882 4268 cor·
1912 4206 1961 4269 D
2116 4205 2376 4268 Ecundo
2424 4205 2750 4289 quaeritur,
2805 4209 2935 4273 An
2983 4207 3249 4288 ang-011
3296 4207 3483 4275 boni

383 4323 505 4386 pus
543 4303 930 4366 elementare
960 4321 1086 4366 non
1123 4311 1218 4374 est
1248 4303 1683 4386 susceptivum
1722 4305 1882 4367 aeci-

381 4401 672 4464 dentium
704 4401 770 4464 in
801 4402 1034 4484 quibus
1063 4409 1343 4485 apparet.
1365 4403 1638 4484 Corpora
1667 4412 1881 4467 autem

383 4501 583 4562 mixta
618 4509 915 4581 generata
956 4509 1160 4582 potest
1202 4519 1545 4576 assumere,
1579 4502 1744 4565 sieut
1782 4522 1881 4566 ca·

385 4599 577 4661 (laver
624 4598 930 4674 defuncti,
981 4606 1091 4661 aut
1138 4600 1439 4682 lapidem,
1492 4601 1589 4663 vel
1638 4602 1881 4684 aliquid

388 4698 527 4761 tale.
563 4698 639 4760 Et
675 4699 928 4781 quando
966 4700 1235 4761 assumit
1273 4718 1502 4782 corpus
1544 4702 1713 4782 quod
1754 4721 1880 4765 non

386 4797 636 4858 videtur
667 4797 842 4879 prius
884 4805 1210 4859 causatum
1242 4817 1279 4859 a
1308 4799 1702 4861 naturalibus
1743 4820 1885 4862 cau-

389 4894 494 4967 siS,
542 4895 653 4956 sed
702 4895 883 4976 quasi
933 4894 1192 4957 formari
1245 4904 1419 4971 tunc,
1459 4904 1522 4958 et
1570 4897 1885 4980 completa

389 4993 752 5074 operatione
795 4993 1008 5057 subito
1056 4994 1399 5076 disparere,
1443 5003 1594 5058 tunc
1633 4997 1886 5059 videtur

392 5090 720 5173 probabile
761 5094 931 5174 quod
979 5093 1136 5155 illud
1182 5093 1264 5155 sit
1307 5111 1537 5176 corpus
1589 5095 1881 5170 mixtum,

394 5197 648 5273 propter
703 5190 1057 5254 accidentia
1105 5211 1244 5275 quae
1302 5200 1610 5276 apparent
1658 5193 1724 5256 in
1771 5212 1883 5274 eo;

396 5307 517 5352 non
550 5298 761 5352 tamen
802 5290 990 5372 plena
1027 5291 1478 5355 commixtione
1513 5312 1526 5356 ε
1561 5292 1712 5374 quia
1755 5311 1886 5356 cor-

650 5423 714 5476 T.
751 5423 831 5476 21.

2133 4320 2274 4372 seu
2312 4305 2508 4372 mall
2547 4307 2633 4371 111
2671 4309 3103 4387 assumptis
3140 4308 3486 4388 corpori-

1991 4404 2140 4471 bus
2181 4418 2371 4470 vere
2416 4407 2837 4471 exerceant
2874 4419 3113 4486 opera
3156 4407 3373 4472 vitae.

2072 4504 2334 4565 Videtur
2382 4504 2546 4585 quod
2608 4503 2722 4578 sie,
2773 4503 2923 4586 quia
2982 4504 3046 4566 in
3097 4503 3323 4568 Genesi
3382 4505 3487 4567 de-

1993 4602 2361 4666 scribuntur
2408 4602 2604 4664 locuti
2654 4621 2800 4664 cum
2851 4602 3159 4685 patribuS,
3204 4612 3268 4665 et
3315 4622 3487 4666 man·

1993 4703 2257 4764 dueasse
2306 4721 2379 4764 ac
2426 4700 2784 4764 ambulasse
2834 4720 2979 4764 cum
3028 4703 3139 4764 eiS.
3193 4702 3270 4764 Et
3316 4704 3486 4784 quod

1996 4801 2227 4882 legitur
2271 4799 2382 4874 ibi,
2414 4799 2711 4862 Videntes
2755 4799 2876 4862 filii
2924 4800 3033 4862 Dei
3076 4799 3245 4862 filias
3288 4800 3489 4864 homi-

1995 4918 2150 4961 num
2210 4899 2380 4980 quod
2438 4905 2647 4960 essent
2706 4898 3009 4980 pulchrae,
3058 4899 3368 4980 Josephus
3425 4907 3487 4962 et

1994 4997 2103 5059 alii
2135 4997 2397 5079 quidam
2426 5004 2753 5078 exponunt
2778 4997 2854 5058 de
2885 4996 3281 5060 daemonibus
3314 4997 3489 5059 incu-

1997 5096 2115 5158 bis.
2135 5094 2483 5157 Mercurius
2514 5111 2766 5176 quoque
2800 5093 2860 5155 in
2895 5093 3058 5158 libro
3088 5094 3165 5156 de
3192 5095 3319 5156 Deo
3348 5095 3491 5159 deo-

1999 5213 2162 5268 rum,
2197 5192 2421 5256 asserit
2465 5192 2721 5273 angelos
2766 5193 2832 5254 in
2879 5193 3223 5274 assumptis
3272 5211 3489 5275 corpo·

2001 5293 2181 5355 ribus
2206 5291 2505 5374 deceptos
2535 5291 2843 5353 venereis
2867 5325 2948 5336 ——
2976 5291 3257 5398 Insuper,
3280 5292 3490 5375 angeli

3176 5425 3239 5479 29

3536 3141 3776 3214 Cs.tom..l‚

3512 3219 3557 3260 p.
3590 3217 3700 3248 nvn
3734 3217 3780 3248 ιιι

3535 4817 3644 4862 Gen.
3662 4829 3718 4869 vi,
3736 4820 3776 4861 2.
