4334 6242
1367 587 1379 597 ⁹
1408 528 1493 572 AN
1534 527 1773 574 ANGELO
1815 527 2127 574 commu
2167 529 2394 575 novum

3334 510 3450 574 177

352 693 511 774 Ergo
539 694 805 774 angelus
846 701 1053 776 potest
1091 695 1217 757 dici
1254 694 1496 758 moveri
1538 695 1841 770 localiter,
1874 695 1927 758 A
1956 696 2037 759 do
2066 696 2258 758 habet
2287 715 2424 760 esse
2456 715 2654 780 prope
2684 705 2792 760 aut
2824 698 3028 780 longe,
3047 698 3212 761 sicut
3241 716 3448 780 neque

353 793 714 856 innovando
742 794 1141 876 operationes
1180 800 1242 855 et
1287 793 1657 856 influentias
1698 813 1845 856 suas

350 891 517 952 circa
546 891 685 954 loca
713 901 777 954 et
807 911 1073 974 corpora
1107 911 1121 954 ε
1154 899 1217 954 et
1245 893 1389 966 hoc,
1413 893 1512 956 vel
1546 893 1843 955 continue

353 988 681 1052 influendo
732 991 813 1052 ab
864 1000 1149 1053 extremo
1207 992 1272 1052 in
1327 999 1685 1053 extremum
1732 1009 1846 1072 per

353 1087 633 1149 medium
679 1088 747 1151 in
792 1089 1095 1152 continuo
1142 1097 1206 1151 et
1244 1097 1567 1172 tempore3
1608 1089 1708 1152 vel
1758 1089 1847 1150 al-

351 1187 655 1249 ternando
704 1187 1075 1250 influentias
1124 1189 1312 1252 modo
1356 1189 1421 1250 in
1471 1206 1600 1250 uno
1646 1195 1846 1249 extre-

352 1300 474 1356 mo,
528 1285 719 1347 modo
768 1285 833 1350 in
882 1287 1102 1360 altem,
1155 1296 1217 1349 et
1264 1306 1391 1349 non
1443 1287 1509 1348 in
1562 1286 1773 1348 medio
1825 1303 1839 1347 :

352 1391 628 1464 tuncque
676 1384 1037 1446 movebitur
1078 1385 1155 1446 de
1198 1393 1483 1447 extremo
1523 1385 1591 1446 in
1640 1391 1841 1446 extre-

354 1499 526 1541 mum
557 1480 695 1544 sine
735 1483 968 1555 medio,
1002 1491 1065 1544 et
1106 1483 1245 1555 hoc,
1281 1483 1381 1545 vel
1414 1483 1843 1544 continuando

353 1577 413 1638 in
442 1585 713 1662 utroque
741 1589 1170 1644 extremorum
1197 1589 1304 1643 aut
1337 1581 1401 1643 in
1431 1581 1629 1643 altero
1660 1599 1838 1662 opus,

350 1684 453 1737 aut
492 1677 933 1741 transferendo
973 1698 1134 1761 opus
1176 1699 1213 1741 a
1254 1680 1437 1760 signo
1480 1679 1545 1741 in
1587 1679 1840 1760 signum

352 1793 460 1856 per
498 1784 709 1839 atoma
748 1785 1133 1860 temporum.
1170 1779 1288 1841 Sed
1330 1779 1449 1840 hoc
1492 1778 1839 1860 improprie

1952 794 2180 856 albedo
2219 795 2410 857 habet
2449 815 2586 858 esse
2625 797 2830 859 dulcis
2865 796 2964 858 vel
3005 816 3220 858 amara
3246 798 3450 878 (nem-

1954 911 2033 973 pe
2068 910 2266 974 prope
2296 901 2359 955 et
2388 893 2574 974 longe
2603 895 2808 957 solum
2842 895 3231 958 conveniunt
3259 895 3448 957 situm

1953 990 2018 1053 in
2060 1010 2174 1052 sua
2213 999 2434 1054 natura
2471 992 2876 1066 habentibus,
2908 994 3446 1075 quemadmodum

1954 1089 2139 1151 dulce
2168 1097 2232 1151 et
2262 1108 2548 1152 amarum
2580 1091 2943 1173 saporibus)
2976 1110 2988 1152 :
3025 1098 3094 1153 ut
3122 1091 3446 1172 angelicus

1954 1186 2314 1250 intellectus
2345 1189 2482 1250 sine
2511 1189 2687 1250 omni
2717 1190 3082 1271 operatione
3113 1190 3280 1252 circa
3309 1208 3446 1251 rem

1954 1285 2346 1366 corporalem
2379 1286 2471 1348 sic
2509 1286 2902 1368 intelligatur
2929 1306 3068 1350 esse
3102 1288 3167 1349 in
3199 1288 3450 1350 univer-

1952 1400 2043 1457 s0,
2078 1384 2245 1445 sicut
2284 1403 2428 1466 pars
2470 1384 2534 1445 in
2574 1391 2704 1447 toto
2735 1385 2903 1467 quod
2943 1393 3038 1448 est
3079 1405 3277 1448 unum
3318 1403 3440 1448 non

1952 1482 2427 1545 continuatione
2469 1491 2576 1546 aut
2617 1484 2954 1546 situatione
2997 1485 3107 1546 sed
3149 1483 3446 1546 ordinati-

1950 1597 2071 1641 one
2128 1581 2406 1661 partium
2465 1582 2815 1644 secundum
2874 1581 3158 1645 diversos
3213 1582 3446 1663 gradus

1952 1677 2362 1759 perfectionis
2418 1687 2708 1761 respectu
2759 1681 2949 1742 unius
2997 1680 3194 1758 finis3
3244 1688 3308 1742 et
3355 1699 3447 1742 se·

1952 1776 2234 1838 cundum
2276 1777 2396 1838 hoc
2445 1779 2614 1860 quod
2664 1778 3016 1840 substantia
3061 1777 3268 1859 angeli
3316 1794 3444 1839 non

350 1880 441 1934 est
496 1875 765 1950 moveri,
819 1883 1009 1958 atque
1067 1895 1183 1959 per
1236 1877 1576 1954 accidens3
1626 1884 1688 1937 et
1742 1883 1839 1937 est
1876 1870 1923 1932 B
1951 1873 2411 1937 determinatur
2439 1876 2577 1937 loco
2614 1876 2896 1950 omnin0‚
2931 1878 3041 1940 sed
3081 1876 3286 1938 solum
3324 1875 3448 1938 vir-

350 1973 600 2054 proprie
654 1975 821 2036 istud
872 1976 1115 2037 moveri
1168 1994 1295 2038 non
1350 1975 1553 2057 ipsius
1605 1974 1835 2056 angeli,

346 2071 453 2132 sed
480 2072 575 2134 rei
615 2072 785 2136 circa
819 2092 1013 2155 quam
1052 2082 1352 2156 operatur
1383 2091 1397 2134 :
1432 2074 1583 2155 quia
1618 2073 1839 2153 hujus-

349 2170 515 2232 modi
549 2177 759 2232 motus
792 2171 859 2232 iu
888 2179 1198 2253 quantum
1232 2171 1489 2253 respicit
1522 2171 1835 2252 angelum,

347 2276 438 2329 est
484 2277 664 2331 actus
706 2270 972 2351 perfecti
1018 2270 1083 2332 in
1126 2278 1436 2352 quantum
1479 2269 1835 2352 perfectum

347 2373 481 2444 est;
532 2366 601 2429 in
659 2376 968 2450 quantum
1020 2387 1171 2432 vero
1229 2369 1489 2450 respicit
1546 2369 1608 2430 id
1670 2369 1839 2430 circa

347 2466 511 2546 quod
560 2466 822 2548 angelus
871 2475 1189 2549 operatur,
1226 2475 1320 2529 est
1369 2469 1598 2549 passi0,
1632 2475 1695 2529 et
1740 2475 1839 2529 est

347 2570 521 2626 actus
563 2563 924 2646 imperfecti
968 2572 1036 2626 ut
1078 2565 1457 2647 imperfecti.

420 2661 499 2724 Et
540 2663 837 2744 quamvis
886 2663 952 2725 in
1001 2664 1111 2726 tali
1160 2665 1525 2746 operatione
1574 2664 1836 2744 angelus

346 2768 616 2844 nequeat
656 2761 785 2824 dici
824 2780 971 2824 vere
1018 2762 1256 2824 moveri
1296 2762 1647 2824 secundum
1690 2761 1836 2823 sub-

346 2860 638 2922 stantiam
690 2879 893 2934 suam,
926 2878 1075 2923 vere
1122 2868 1332 2923 tamen
1383 2861 1618 2923 dicitur
1667 2862 1835 2942 quod

345 2957 693 3020 substantia
723 2956 864 3039 ejus
893 2966 989 3020 est
1020 2959 1085 3020 in
1117 2957 1277 3033 loco,
1310 2959 1461 3040 quia
1494 2959 1586 3020 nil
1616 2976 1834 3040 opera·

1951 1979 2052 2034 tus
2084 1973 2224 2053 ejus
2255 1974 2632 2056 applicatur,
2667 1993 2793 2037 non
2827 1993 2942 2057 per
2969 1975 3443 2056 generationem

1948 2071 2222 2151 alicujus
2281 2074 2666 2136 transeuntis
2725 2092 2841 2155 per
2897 2074 3135 2156 aliquid
3192 2074 3256 2136 in
3315 2090 3444 2155 quo

1947 2187 2075 2231 non
2135 2170 2218 2232 sit
2277 2170 2417 2250 ejus
2477 2171 2850 2245 substantia,
2903 2172 3455 2254 quemadmodum·

1948 2267 2149 2330 virtus
2210 2269 2361 2330 solis
2415 2270 2637 2331 transit
2696 2289 2809 2352 per
2858 2271 3140 2333 medium
3200 2271 3265 2332 in
3314 2288 3442 2352 quo

1948 2384 2075 2428 non
2113 2374 2210 2428 est
2247 2368 2398 2430 solis
2439 2369 2813 2442 substantia,
2846 2387 2965 2431 nec
3003 2388 3118 2451 per
3150 2368 3441 2432 substan-

1947 2465 2051 2528 tiae
2087 2466 2682 2529 determinationem
2725 2467 2817 2529 illi
2859 2468 3016 2542 loco,
3049 2469 3157 2530 sed
3195 2486 3308 2550 per
3337 2486 3442 2529 na-

1946 2564 2216 2626 turalem
2257 2572 2498 2628 naturae
2534 2566 2801 2646 gradum
2839 2583 2965 2648 quo
3005 2566 3296 2648 superius
3331 2585 3442 2628 na-

1946 2669 2084 2723 tum
2132 2670 2228 2724 est
2277 2661 2548 2725 influere
2591 2663 2876 2726 inferiori
2917 2664 3240 2739 virtutem,
3273 2665 3443 2726 sicut

1944 2759 2206 2840 angelus
2237 2761 2528 2842 superior
2557 2760 2862 2824 inferiori.
2881 2761 3055 2823 -Et
3087 2761 3440 2823 secundum

1945 2857 2064 2919 hoc
2117 2857 2381 2939 angelus
2434 2876 2561 2921 non
2611 2859 2845 2921 dicitur
2891 2860 3147 2941 proprie
3195 2860 3440 2922 moveri

1946 2954 2232 3018 localiter
2274 2975 2389 3038 per
2427 2957 2722 3019 accidens
2767 2966 3026 3040 propter
3068 2958 3439 3040 applicatio-

346 3064 444 3118 tur
498 3057 625 3118 nisi
681 3057 1107 3138 applicatione
1164 3057 1421 3120 virtutis
1477 3076 1609 3120 suae
1667 3057 1835 3119 circa
1871 3055 1915 3119 C
1946 3073 2093 3116 nem
2123 3055 2379 3118 virtutis
2407 3054 2487 3118 ab
2519 3074 2644 3117 una
2675 3056 2868 3118 medii
2898 3063 3076 3137 parte
3105 3057 3183 3118 ad
3221 3056 3434 3130 aliam,

346 3154 497 3217 illud
549 3155 613 3216 in
664 3155 833 3237 quod
880 3163 1200 3236 operatur,
1244 3163 1308 3218 et
1353 3156 1496 3229 hoc,
1543 3173 1669 3216 non
1720 3173 1835 3236 per

344 3253 748 3316 emissionem
797 3254 1052 3316 virtutis
1110 3253 1273 3335 ejuS,
1325 3254 1432 3316 sed
1486 3254 1589 3316 via
1644 3272 1832 3334 gene-

344 3351 600 3414 rationis
630 3359 695 3414 et
734 3352 1285 3434 multiplicationis
1322 3351 1463 3432 ejus
1502 3359 1679 3413 extra
1712 3369 1779 3412 se
1814 3367 1828 3413 ε

343 3451 873 3532 quemadmodum
929 3450 1024 3513 sol
1073 3450 1456 3533 multiplicat
1505 3451 1721 3512 lumen
1769 3457 1833 3513 et

344 3549 603 3611 virtutes
644 3567 791 3611 suas
829 3551 896 3610 in
937 3549 1149 3612 medio
1191 3556 1339 3622 toto,
1376 3557 1440 3611 et
1478 3549 1829 3611 secundum

343 3647 455 3710 hoc
495 3666 611 3730 per
636 3646 942 3710 virtutem
982 3666 1160 3709 suam
1200 3645 1393 3709 habet
1430 3665 1567 3708 esse
1604 3647 1669 3708 in
1702 3653 1832 3709 toto

346 3745 565 3808 medio.
614 3746 685 3807 In
732 3744 957 3826 angelo
1002 3745 1174 3806 enim
1226 3743 1594 3825 hujusmodi
1643 3762 1829 3825 gene-

342 3845 533 3907 rativa
572 3843 669 3907 vis
708 3860 836 3905 non
876 3851 973 3905 est
1008 3844 1087 3905 ad
1128 3843 1679 3905 transmutandum
1717 3843 1829 3905 ali-

342 3943 501 4023 quod
561 3940 906 4022 corporale.
968 3940 1225 4022 Oportet
1283 3959 1432 4022 ergo
1488 3940 1657 4023 quod
1717 3959 1829 4022 ap·

342 4040 593 4121 plicatio
648 4059 778 4102 suae
828 4039 1082 4101 virtutis
1132 4039 1213 4102 sit
1264 4059 1379 4121 per
1425 4039 1829 4121 praesentiam

344 4137 704 4201 substantiae
734 4157 865 4200 suae
895 4137 990 4200 illi
1023 4137 1125 4200 cui
1157 4138 1437 4221 applicat
1466 4157 1627 4211 eam,
1660 4137 1828 4200 unde

1945 3151 2111 3213 sicut
2150 3171 2268 3214 nec
2309 3152 2403 3215 sol
2443 3152 2678 3215 dicitur
2717 3154 2956 3216 moveri
2995 3172 3110 3235 per
3139 3155 3436 3216 accidens

1943 3251 2009 3312 in
2060 3251 2414 3314 substantia
2460 3272 2574 3314 sua
2623 3271 2736 3334 per
2789 3252 3092 3326 medium,
3143 3252 3436 3334 quamvis

1943 3349 2247 3411 virtutem
2279 3369 2460 3412 suam
2493 3351 2772 3431 undique
2802 3351 3010 3413 mittat
3038 3358 3101 3412 et
3131 3359 3382 3432 spargat
3417 3369 3431 3414 :

1942 3455 2006 3509 et
2068 3447 2270 3509 multo
2338 3448 2551 3510 minus
2609 3449 2869 3529 angelus
2932 3467 3123 3530 quam
3189 3450 3304 3525 sol,
3368 3450 3432 3512 in

1941 3555 2252 3627 quantum
2311 3546 2403 3608 sol
2452 3546 2754 3608 virtutem
2803 3567 2982 3610 suam
3035 3564 3160 3609 non
3219 3548 3434 3610 multi-

1941 3644 2135 3725 plicat
2164 3643 2289 3706 nisi
2320 3664 2434 3727 per
2465 3644 2817 3707 naturalem
2851 3653 3213 3708 contactum
3243 3654 3432 3728 atque

1940 3739 2308 3804 continuam
2347 3743 2817 3824 generationem
2860 3745 3306 3824 procedentem
3350 3744 3431 3806 ab

1940 3859 2065 3902 una
2106 3841 2300 3902 medii
2342 3849 2518 3923 parte
2556 3841 2634 3902 ad
2673 3841 2956 3914 alteram,
2988 3843 3250 3923 angelus
3279 3860 3430 3905 vero

1940 3957 2066 4002 non
2110 3938 2235 4000 nisi
2278 3957 2392 4020 per
2428 3937 2822 3999 intellectum
2867 3957 3054 4000 suum
3099 3958 3171 4001 ac
3211 3939 3430 4002 volun-

1937 4043 2150 4098 tatem.
2195 4036 2270 4098 Et
2319 4037 2406 4098 ita
2453 4036 2504 4098 si
2555 4035 2817 4117 angelus
2861 4037 3213 4098 secundum
3266 4037 3428 4100 hanc

1937 4134 2318 4217 positionem
2369 4135 2583 4215 aliquo
2633 4135 2818 4196 modo
2866 4134 3114 4196 dicatur
3158 4136 3422 4211 moveri,

344 4255 451 4316 per
478 4255 617 4298 eam
650 4241 903 4297 moveat
942 4235 1121 4309 illud,
1154 4242 1218 4296 et
1246 4235 1339 4296 sic
1372 4241 1669 4316 operetur
1692 4253 1829 4297 mo·
1858 4238 1907 4299 D
1937 4233 2056 4296 hoc
2115 4233 2322 4296 solum
2381 4233 2502 4294 erit
2557 4232 3032 4294 accidentaliter
3088 4251 3202 4315 per
3257 4234 3424 4296 acci·

345 4333 417 4396 do
466 4334 593 4406 hic,
647 4332 837 4395 modo
888 4331 1001 4405 ibi,
1052 4332 1260 4414 sitque
1315 4351 1592 4414 praesens
1640 4333 1829 4394 modo

346 4431 463 4506 hic,
510 4432 701 4495 modo
751 4431 865 4504 ibi,
914 4438 977 4493 et
1020 4431 1171 4491 dum
1221 4438 1519 4512 operatur
1565 4430 1824 4505 alicubi,

348 4548 610 4610 praesens
653 4528 736 4591 sit
777 4529 891 4602 ibi,
927 4546 1051 4591 non
1099 4528 1275 4601 alibi,
1310 4535 1379 4589 ut
1419 4528 1672 4590 videtur
1714 4529 1829 4591 Da-

350 4647 657 4691 mascenus
688 4627 938 4690 sentire.
955 4627 1019 4688 Si
1050 4634 1263 4688 tamen
1294 4626 1381 4690 ita
1410 4627 1489 4688 sit
1520 4628 1683 4710 quod
1716 4647 1829 4710 per

350 4745 511 4788 suam
551 4725 893 4789 essentiam
934 4725 1013 4787 ad
1049 4743 1307 4788 omnem
1346 4725 1542 4787 situm
1572 4726 1827 4807 aequali-

350 4832 433 4886 ter
458 4824 685 4888 habeat
712 4843 781 4886 se
819 4823 972 4885 dum
1004 4822 1166 4885 nihil
1195 4823 1457 4886 omnino
1490 4823 1658 4886 circa
1698 4842 1829 4886 cor-

350 4922 571 5004 poralia
600 4929 912 5004 operatur,
937 4921 1066 4983 imo
1094 4922 1259 5002 quod
1292 4914 1638 5002 improprie
1668 4922 1831 4985 dica-

348 5028 442 5083 tur
475 5021 643 5103 quod
692 5021 955 5102 propior
992 5019 1077 5081 sit
1124 5019 1400 5082 essentia
1448 5039 1561 5082 sua
1596 5020 1826 5082 orienti

348 5139 523 5201 quam
563 5119 905 5192 occidenti,
940 5119 1039 5181 vel
1082 5137 1197 5200 per
1238 5117 1547 5200 {equalem
1591 5119 1831 5182 distan-

350 5218 485 5280 tiam
521 5217 752 5280 habeat
791 5236 859 5280 se
896 5217 972 5279 ad
1014 5236 1109 5290 ea,
1142 5235 1217 5280 eo
1257 5218 1426 5299 quod
1468 5225 1691 5279 natura
1720 5237 1827 5280 an-

346 5317 457 5396 geli
493 5316 847 5380 secundum
888 5316 1229 5378 essentiam
1261 5334 1441 5378 suam
1474 5315 1651 5378 nullo
1694 5335 1827 5380 mo·

576 5449 641 5502 T.
678 5449 759 5500 21.

1936 4333 2091 4395 dens
2126 4350 2139 4394 :
2174 4332 2326 4414 quia
2361 4331 2660 4394 videlicet
2695 4330 2898 4392 virtus
2937 4331 3016 4392 ab
3057 4349 3132 4394 eo
3177 4333 3426 4415 corpori

1938 4430 2183 4493 influxa
2241 4436 2531 4493 movetur
2578 4449 2691 4511 per
2737 4429 3052 4503 accidenS,
3105 4439 3257 4512 puta
3311 4451 3427 4514 per

1938 4547 2167 4611 corpus
2216 4528 2319 4590 cui
2371 4527 2687 4602 innuitur,
2724 4535 2788 4590 et
2834 4529 3096 4609 angelus
3143 4549 3258 4610 per
3302 4530 3428 4592 vir-

1936 4635 2135 4690 tutem
2168 4627 2342 4688 illam
2383 4625 2720 4700 influxam,
2751 4633 2816 4688 et
2853 4617 3105 4708 ita'ipse
3137 4627 3425 4691 acciden-

1936 4725 2146 4788 taliter
2203 4743 2318 4807 per
2367 4724 2682 4798 accidenS,
2735 4741 2861 4786 non
2919 4724 3422 4788 accidentalitate

1934 4824 2276 4886 exsistente
2324 4823 2390 4885 in
2440 4823 2600 4904 ipso,
2635 4822 2745 4884 sed
2795 4822 2861 4883 in
2905 4821 3013 4883 illa
3054 4822 3308 4886 virtute.
3347 4825 3422 4886 Et

1934 4922 2053 4985 hoc
2102 4922 2293 4983 etiam
2344 4921 2532 4983 modo
2579 4919 3052 4982 accidentaliter
3097 4937 3212 5001 per
3259 4923 3421 4984 acci-

1936 5020 2091 5081 dens
2135 5019 2326 5080 habet
2367 5017 2628 5100 angelus
2671 5035 2808 5079 esse
2852 5016 3266 5081 determinate
3311 5021 3422 5084 ubi

1936 5119 2084 5200 agit,
2113 5125 2176 5180 et
2206 5117 2544 5179 intercludi
2576 5114 2944 5197 parietibus.
2978 5151 3058 5161 —
3085 5116 3227 5181 Haec
3265 5118 3425 5182 Hen-

1936 5219 2128 5280 ricus.

2018 5317 2254 5378 Verum
2300 5315 2435 5377 hoec
2482 5313 2622 5393 ejus
2672 5311 2904 5394 positio
2943 5313 3196 5377 videtur
3235 5315 3422 5381 dictis

3109 5448 3168 5502 12
