4334 6242
118 2571 269 2622 Ιΐὶιιωι,
280 2575 293 2614 1
303 2575 339 2615 l.

627 514 831 560 vntum
872 514 1095 562 ANGELI
1137 513 1473 562 Pownnlm·
1514 513 1803 572 PECCARE,
1846 513 1921 560 m·
1960 515 2083 571 QUA
2126 515 2333 562 SPEctr:
2377 513 2624 562 PECCATI
2665 514 2862 572 ATQUF:
2904 514 3200 572 Quanti-ER

3331 493 3466 559 ’313

362 692 601 758 catum,
638 692 827 766 prout
855 685 1043 748 tertio
1070 685 1439 749 Ethicorum
1469 686 1557 748 ait
1585 686 1861 749 Philoso-
1890 685 1941 748 A
1971 693 2113 768 pter
2161 688 2330 768 quod
2391 687 2458 750 in
2518 688 2682 750 libro
2733 688 2811 749 de
2861 686 3125 750 Civitate
3185 685 3467 768 loquitur

364 781 553 862 phus,
573 783 745 864 quod
776 784 985 845 omnis
1018 783 1221 846 malus
1251 792 1347 846 est
1376 785 1689 866 ignorans.
1715 785 1862 858 Qum

365 887 579 942 tamen
630 881 984 962 ignorantia
1030 900 1157 946 non
1211 891 1490 945 meretur
1537 884 1864 964 ignoscen-

364 979 519 1040 tiam
550 989 663 1041 aut
692 980 1189 1056 miserationem,
1214 983 1322 1044 sed
1354 981 1860 1064 objurgationem

363 1085 425 1138 et
462 1077 1015 1160 vituperationem.
1049 1116 1131 1124 —
1156 1080 1599 1162 Praepositivus
1638 1088 1700 1143 et
1738 1080 1861 1142 An-

364 1175 803 1239 tisiodorensis
862 1178 1323 1258 responderunt
1372 1179 1451 1240 ad
1496 1181 1638 1252 hoc,
1693 1179 1861 1260 quod

364 1276 630 1356 angelus
672 1293 800 1338 non
842 1276 1174 1339 tenebatur
1215 1276 1523 1351 conferre,
1558 1278 1859 1359 quoniam

366 1373 551 1436 aliter
601 1375 809 1456 potuit
854 1376 1109 1458 culpam
1160 1377 1425 1438 evadere
1477 1397 1491 1441 :
1544 1378 1685 1440 ideo
1734 1396 1860 1440 non

364 1473 603 1535 omisit.
629 1474 833 1536 Potuit
862 1475 1032 1536 enim
1066 1475 1352 1549 evadere,
1378 1475 1751 1539 declinando
1782 1475 1861 1538 ab

364 1570 654 1652 appetitu
697 1573 937 1654 proprii
972 1572 1120 1635 boni
1162 1592 1235 1635 ac
1274 1573 1689 1636 delectatione
1724 1593 1862 1655 pro-

365 1670 521 1750 priae
564 1671 913 1750 potestatis.
955 1707 1035 1716 —
1077 1672 1218 1734 Haec
1260 1671 1573 1734 AlbertuS.
1623 1672 1860 1746 Quibus

364 1768 746 1830 concordant
788 1768 1025 1850 scripta
1066 1769 1198 1849 ejus
1247 1769 1411 1832 libro
1454 1771 1531 1832 de
1574 1770 1649 1832 lv
1695 1769 1859 1833 Coae-

1968 786 2359 866 Augustinus
2403 806 2416 850 :
2460 787 2736 868 Angelus
2787 804 2934 848 mox
2981 792 3054 846 ut
3099 785 3305 848 factus
3347 793 3463 859 est,

1970 886 2274 947 continuo
2304 904 2371 946 se
2401 904 2438 946 a
2467 886 2730 948 veritate
2764 885 3014 958 avertit,
3049 885 3322 966 propriae
3357 901 3466 966 po-

1970 984 2213 1046 testatis
2242 984 2594 1047 elevatione
2625 1003 2737 1046 seu
2768 984 3038 1046 elatione
3069 984 3462 1065 depravatus

2049 1083 2238 1146 Porro
2285 1083 2605 1164 peccando
2662 1083 2931 1165 appetiit
2978 1081 3468 1144 similitudinem

1972 1182 2081 1244 Dei
2119 1199 2132 1242 :
2168 1199 2295 1244 non
2345 1182 2836 1244 similitudinem
2886 1181 3283 1256 imitationis,
3317 1179 3470 1262 quia

1970 1281 2037 1341 in
2068 1299 2142 1342 ea
2170 1280 2457 1342 consistit
2488 1280 2728 1343 bonum
2761 1281 2970 1344 omnis
2999 1287 3334 1357 creaturae3
3357 1279 3467 1340 sed

1970 1379 2458 1440 similitudinem
2497 1379 2990 1460 aequiparantiae,
3019 1378 3098 1440 de
3130 1397 3256 1461 qua
3283 1376 3464 1450 dixit,

1968 1477 2039 1539 In
2090 1477 2322 1540 coelum
2373 1478 2789 1539 conscendam
2839 1497 2852 1540 :
2895 1477 3066 1559 quod
3115 1476 3468 1556 intelligen-

1970 1576 2122 1636 dum
2174 1583 2270 1636 est
2318 1576 2394 1637 de
2453 1576 2613 1638 coelo
2660 1567 3002 1638 Trinitatis,
3056 1575 3194 1637 Non
3251 1582 3465 1636 tamen

1970 1672 2239 1754 appetiit
2281 1673 2658 1754 simpliciter
2701 1674 2828 1735 Deo
2870 1672 3232 1745 assimilari,
3266 1690 3467 1753 quum

1972 1772 2161 1834 sciret
2190 1772 2310 1835 hoc
2343 1771 2739 1854 impossibile
2779 1781 2954 1850 ess'e3
2996 1771 3286 1834 voluntas
3317 1787 3468 1832 vero

364 1864 631 1946 quaeviS,
664 1865 777 1928 ubi
806 1867 1026 1928 eadem
1058 1867 1279 1930 scribit
1307 1868 1384 1929 de
1417 1867 1514 1930 his
1553 1888 1695 1950 quae
1731 1869 1853 1930 hic.
1896 1869 1944 1931 B
1973 1870 2239 1932 electiva
2279 1869 2772 1951 impossibilium
2805 1888 2931 1932 non
2963 1876 3078 1944 est,
3113 1869 3466 1932 secundum

445 2061 733 2143 Denique
762 2062 1089 2124 Udalricus
1130 2063 1195 2125 in
1230 2063 1490 2125 Summa
1528 2084 1663 2138 sua,
1698 2064 1862 2127 libro

366 2167 593 2242 quarto
633 2177 649 2221 :
690 2160 968 2234 Qualiter
1004 2161 1270 2242 (inquit)
1306 2171 1594 2225 creatura
1635 2162 1865 2225 deifor-

368 2259 451 2320 mi
495 2259 763 2340 praedita
800 2259 1127 2322 intellectu
1165 2279 1375 2323 errare
1413 2262 1711 2342 potuerit,
1746 2262 1864 2323 dif-

363 2356 537 2418 ficile
581 2366 679 2419 est
716 2358 953 2432 videre,
995 2360 1347 2439 praesertim
1391 2379 1589 2440 quum
1634 2361 1711 2421 de
1754 2360 1861 2423 ho-

366 2455 561 2529 mine,
597 2456 747 2538 quia
776 2456 993 2519 divina
1024 2464 1234 2519 mente
1266 2457 1567 2539 praeditus
1599 2458 1859 2532 exstitit,

366 2553 531 2615 dicat
576 2553 914 2635 Apostolus
960 2574 973 2618 :
1015 2554 1213 2617 Adam
1258 2573 1383 2617 non
1425 2563 1521 2617 est
1563 2556 1861 2618 seductus

364 2651 429 2712 in
464 2652 1073 2732 praevaricationem,
1099 2653 1328 2714 mulier
1357 2661 1569 2714 autem
1602 2654 1863 2715 seducta

361 2757 475 2810 cst.
512 2749 775 2824 Rursus,
808 2770 1008 2831 quum
1048 2750 1216 2812 dicat
1245 2751 1657 2831 Augustinus,
1691 2752 1859 2834 quod

360 2847 571 2909 omnis
601 2855 781 2910 actus
823 2867 1180 2930 perversuS,
1213 2869 1291 2911 ex
1322 2849 1536 2932 aliquo
1566 2858 1660 2912 est
1690 2868 1860 2912 erro-

358 2964 444 3018 re,
488 2953 683 3028 atque
730 2947 1080 3008 secundum
1131 2948 1606 3029 Philosophum,
1650 2949 1857 3011 omnis

1971 1968 2444 2049 Philosophum.
2479 1969 2761 2050 Appetiit
2801 1987 2950 2049 crgo
2995 1967 3170 2029 illam
3215 1967 3469 2048 aequali-

1969 2074 2161 2129 tatem
2215 2075 2456 2129 tantum
2513 2069 2578 2129 in
2629 2067 2902 2149 quodam
2955 2067 3143 2129 modo
3190 2065 3467 2128 habendi

1972 2165 2128 2226 illud
2179 2167 2346 2246 quod
2407 2165 2711 2247 possibile
2772 2166 2892 2227 fuit
2940 2164 3242 2245 consequi
3291 2183 3463 2238 eum,

1970 2263 2100 2325 imo
2158 2264 2328 2345 quod
2388 2272 2766 2326 consecutus
2828 2262 3076 2336 fuisset,
3139 2262 3191 2325 si
3251 2262 3467 2324 debito

1971 2362 2157 2424 modo
2200 2362 2262 2422 id
2306 2363 2668 2443 appetisset.
2704 2364 3038 2444 Propterea
3075 2361 3466 2442 Augustinus

1972 2478 2137 2522 nono
2180 2479 2372 2541 super
2401 2460 2695 2523 Genesim
2738 2460 2895 2522 dicit
2924 2479 3070 2522 eum
3111 2458 3191 2521 ab
3233 2459 3340 2521 illa
3379 2460 3466 2520 al-

1970 2558 2243 2620 titudine
2294 2557 2490 2639 impia
2547 2557 2846 2640 superbia
2894 2557 3220 2630 cecidisse,
3274 2576 3464 2638 quam

1969 2657 2022 2718 si
2082 2657 2411 2730 voluisset,
2472 2655 2678 2718 fuerat
2735 2663 3172 2739 percepturus.
3225 2655 3466 2737 Nempe

1968 2773 2167 2836 quum
2207 2755 2558 2816 secundum
2601 2754 2910 2816 naturalia
2941 2754 3182 2834 angelis
3215 2753 3358 2815 data
3385 2753 3470 2814 sit

1968 2853 2176 2932 major
2217 2861 2325 2915 aut
2365 2852 2574 2916 minor
2613 2853 2939 2915 beatitudo
2976 2860 3040 2913 et
3077 2870 3271 2933 super
3309 2851 3466 2914 alios

1970 2950 2308 3013 influentia
2366 2958 2554 3033 atque
2613 2951 2916 3031 praelatio,
2970 2951 3108 3032 ipse
3167 2950 3278 3032 qui
3339 2970 3468 3032 prae

357 3043 563 3104 malus
596 3043 893 3125 ignorans
933 3045 1049 3124 sit3
1090 3053 1263 3126 patet
1302 3045 1652 3108 difficultas
1693 3066 1858 3129 quae-
1895 3053 1939 3117 C
1970 3049 2270 3112 omnibus
2322 3049 2386 3110 in
2436 3048 2831 3110 naturalibus
2879 3047 3222 3122 eminebat,
3275 3048 3469 3129 majo-

354 3141 479 3203 siti.
533 3178 614 3187 —
662 3143 893 3205 Verum
956 3145 1075 3206 hoc
1137 3144 1405 3206 faciliter
1465 3146 1753 3220 solvitur,
1804 3147 1857 3208 si

356 3240 587 3302 modus
617 3240 716 3302 sui
748 3241 994 3323 peccati
1026 3242 1461 3323 perpenditur.
1487 3244 1553 3305 Id
1584 3263 1859 3326 namque

356 3337 527 3418 quod
586 3338 877 3419 appetiit,
928 3338 1255 3401 habuiSset
1302 3340 1354 3402 si
1411 3341 1789 3422 perstitisset
1842 3359 1856 3404 ε

361 3435 667 3516 quoniam
728 3435 1013 3498 debitum
1075 3436 1197 3500 fuit
1251 3439 1643 3501 naturalibus
1702 3440 1857 3511 suiS‚

357 3533 575 3596 debito
605 3535 1040 3614 congruitatis,
1074 3553 1201 3597 non
1234 3535 1637 3616 obligationis
1673 3538 1859 3618 justi-

360 3631 486 3704 tiae,
530 3650 733 3712 quum
782 3631 865 3692 sit
906 3631 1139 3694 divinae
1183 3633 1571 3695 beneficium
1622 3635 1855 3716 gratiae.

358 3729 647 3790 Primum
678 3728 905 3790 horum
937 3730 1267 3792 actualiter
1298 3731 1549 3794 intuens
1579 3733 1857 3814 angeluS‚

361 3835 801 3908 potestateque
851 3828 1108 3909 propria
1163 3829 1543 3903 delectatum,
1585 3831 1859 3912 perdidit

356 3925 655 3987 secundae
686 3925 1207 3988 considerationis
1238 3928 1612 4009 sapientiam
1648 3929 1711 3991 in
1745 3948 1860 3992 500

356 4024 608 4096 decore,
644 4023 706 4084 id
747 4031 843 4084 est
882 4023 1126 4086 decoris
1166 4026 1266 4086 sui
1306 4027 1635 4089 occasione
1670 4045 1685 4088 :
1720 4047 1858 4109 per-

357 4121 543 4192 didit,
579 4120 863 4201 inquam,
896 4139 1023 4184 non
1067 4131 1375 4204 quantum
1418 4125 1496 4186 ad
1540 4125 1855 4200 habitum,

1970 3166 2103 3209 rem
2136 3146 2436 3208 omnibus
2467 3146 2838 3208 felicitatem
2871 3146 3220 3227 accepisset
3249 3165 3286 3208 a
3315 3147 3464 3220 Dec,

1968 3252 2031 3306 61.
2078 3263 2271 3325 super
2319 3261 2541 3305 omnes
2597 3243 2854 3324 angelos
2910 3243 3067 3305 alios
3114 3261 3128 3306 :
3177 3242 3306 3304 imo
3355 3260 3468 3322 per

1971 3359 2366 3423 consequens
2413 3361 2604 3423 super
2645 3341 2861 3404 omnia
2902 3360 3043 3422 quae
3086 3357 3306 3402 eorum
3353 3339 3468 3400 mi-

1970 3439 2234 3502 nisterio
2277 3438 2732 3520 gubernantur,
2767 3439 3171 3501 influentiam
3215 3437 3468 3499 habuis-

1970 3545 2083 3600 set.
2130 3538 2326 3618 quue
2372 3537 2660 3618 appetiit,
2707 3537 2923 3599 dicens
2966 3557 2980 3600 :
3023 3541 3240 3612 Super
3287 3545 3468 3596 astra

1968 3637 2136 3705 eceli,
2168 3635 2232 3696 id
2275 3642 2370 3696 est
2413 3635 2689 3716 angelos,
2732 3637 3030 3695 eoealtabo
3069 3637 3302 3694 solium
3342 3654 3468 3692 me-

1971 3753 2105 3802 um,
2158 3731 2221 3794 id
2272 3741 2366 3794 est
2418 3731 3232 3814 potestatem-praelationis
3281 3738 3468 3812 atque

1970 3831 2300 3910 regiminis
2342 3830 2490 3904 mei,
2526 3838 2593 3891 ut
2623 3829 3015 3912 Augustinus
3045 3829 3324 3912 exponit.
3360 3833 3469 3890 Se·

1968 3929 2122 3987 clebo
2156 3930 2226 3988 in
2259 3938 2472 3988 monte
2504 3929 2894 3996 testamenti,
2930 3927 2991 3988 id
3022 3935 3117 3988 est
3149 3927 3215 3988 in
3251 3945 3468 4008 supre-

1970 4042 2076 4087 mo
2135 4025 2371 4087 vertice
2429 4033 2678 4087 aeternae
2737 4024 3081 4097 felicitatiS,
3134 4043 3326 4105 quam
3386 4024 3466 4086 ab

1968 4131 2204 4185 aeterno
2247 4124 2411 4184 Deus
2457 4123 2795 4197 ordinavit,
2828 4131 2890 4184 et
2933 4121 3012 4184 ab
3056 4122 3314 4184 exordio
3363 4143 3468 4185 sae-

356 4221 469 4280 sed
502 4219 709 4300 quoad
753 4239 961 4292 usum,
996 4220 1082 4280 ita
1121 4221 1287 4302 quod
1329 4222 1407 4283 ad
1448 4223 1567 4284 hoc
1597 4223 1854 4286 oculum
1889 4227 1937 4288 D
1968 4221 2259 4283 culorum
2309 4220 2676 4302 frequenter
2724 4228 2988 4282 testatus
3033 4227 3129 4282 est
3178 4239 3244 4281 se
3292 4220 3468 4300 datu7

356 4317 884 4380 considerationis
949 4336 1073 4379 non
1140 4319 1422 4394 deflexit,
1484 4322 1593 4384 sed
1657 4322 1858 4384 voluit

356 4417 683 4478 voluntate
722 4417 990 4479 electiva
1031 4417 1149 4479 hoc
1191 4421 1492 4501 consequi
1527 4440 1563 4481 a
1592 4422 1719 4483 Deo
1760 4440 1856 4484 so-

358 4515 493 4577 lum
554 4515 939 4576 naturalium
1003 4517 1267 4590 ratione,
1319 4519 1395 4579 ad
1446 4520 1613 4600 quod
1663 4521 1851 4582 ctiam

354 4614 558 4693 gratia
616 4614 1057 4695 requirebatur
1114 4634 1185 4677 ac
1240 4617 1559 4679 meritum.
1614 4618 1687 4680 Et
1736 4620 1855 4681 hoc

357 4713 481 4774 fuit
531 4712 851 4793 superbia.
897 4714 1443 4787 Quemadmodum
1495 4717 1665 4778 enim
1718 4737 1857 4799 pas-

356 4811 569 4873 siones
613 4809 679 4871 in
724 4811 907 4874 nobis
958 4812 1375 4894 ignorantiam
1422 4815 1676 4896 pariunt
1718 4835 1856 4897 par-

360 4909 646 4972 ticularis
678 4909 745 4971 in
775 4912 1128 4993 actu,quod
1159 4911 1359 4974 scitur
1389 4913 1453 4974 in
1488 4914 1852 4988 universali,

360 5007 489 5071 imo
527 5017 592 5071 et
624 5007 689 5068 in
730 5009 1097 5089 particulari
1136 5011 1487 5073 secundum
1530 5011 1854 5091 habitum3

358 5108 447 5168 sic
508 5107 915 5168 vehementia
974 5107 1337 5172 affectionis
1395 5112 1471 5172 ad
1531 5111 1855 5192 propriam

360 5211 763 5286 potestatem,
810 5205 1075 5268 inclinat
1124 5208 1187 5268 in
1246 5209 1469 5288 angelo
1524 5208 1601 5269 ad
1664 5228 1853 5270 unam

361 5303 958 5379 considerationem,
1004 5307 1411 5390 excluditque
1458 5307 1665 5370 aliam.
1712 5308 1852 5371 Pro-

1968 4338 2107 4380 rum
2160 4318 2416 4399 electis:
2469 4321 2538 4378 in
2590 4321 2906 4380 lateribus
2950 4319 3302 4397 aquiloni&
3353 4319 3463 4400 qui

1966 4427 2062 4480 est
2121 4419 2296 4481 locus
2356 4419 2667 4499 caliginiS,
2718 4426 2780 4480 et
2828 4418 3116 4498 designat
3173 4417 3463 4480 tenebras

3511 1488 3577 1532 1³.
3591 1501 3676 1540 xiv,
3696 1491 3762 1532 13.

3535 3547 3724 3592 Ibidem.

1967 4535 2123 4597 quas
2175 4518 2340 4579 Deus
2390 4517 2602 4598 posuit
2648 4515 2984 4578 latibulum
3033 4535 3242 4577 suum.
3289 4517 3462 4578 Unde
3491 4533 3756 4582 mxu-‚¹2

1966 4624 2028 4678 et
2079 4615 2143 4677 in
2192 4616 2713 4698 Paralipomenon
2763 4613 2962 4676 fertur
3010 4632 3023 4676 ε
3071 4616 3235 4676 Deus
3283 4614 3464 4696 polli-
3493 4631 3759 4684 nram-m.

1968 4715 2131 4776 citus
2173 4723 2266 4777 est
2301 4722 2369 4775 ut
2397 4714 2708 4776 habitaret
2751 4713 2816 4776 in
2859 4713 3145 4795 caligine.
3181 4715 3329 4787 Quae
3367 4733 3460 4776 se-

1968 4816 2250 4878 cundum
2295 4816 2585 4877 divinum
2634 4815 3026 4896 Dionysium,
3071 4814 3459 4877 invisibilem

1968 4915 2434 4995 plenitudinem
2483 4921 2544 4975 et
2595 4912 3304 4994 incomprehensibilem
3357 4934 3460 4975 cx-

1968 5014 2327 5075 cellentiam
2388 5013 2650 5074 luminis
2711 5012 2971 5074 increati
3025 5012 3330 5094 designat.
3380 5049 3462 5060 -

1966 5112 2108 5174 Haec
2151 5112 2497 5174 UdalricuS.

2046 5210 2115 5272 ln
2165 5210 2350 5290 cujus
2399 5210 2586 5271 dictis
2634 5210 2761 5271 duo
2812 5218 3391 5291 praesupponuntur
3443 5230 3456 5274 :

1968 5327 2190 5382 unum,
2227 5308 2391 5390 quod
2435 5307 2680 5390 primus
2711 5307 2818 5369 ille
2847 5316 3129 5390 apostata
3169 5327 3460 5372 summus

3526 4833 3662 4888 Epist.
3687 4837 3727 4878 5.
