4334 6242
571 1649 748 1694 Mateta.

515 1725 630 1764 xviu,
662 1715 728 1756 1⁰.

507 3421 656 3466 Jacob.
670 3425 772 3475 iv,'7.

528 3884 623 3956 fer.
651 3925 704 3963 u,
727 3915 770 3954 9.

544 4109 608 4152 Is.
635 4121 676 4160 v,
703 4111 742 4150 5.

811 463 932 528 550

1478 483 1543 530 IN
1582 484 1804 529 LIBRUM
1845 485 1888 528 n
1929 483 2413 529 SENTENTIARUM.
2458 501 2538 510 —
2579 483 2731 529 DIST.
2775 483 2879 546 xt;
2923 484 3146 540 QUAEST.
3190 484 3258 529 m

810 660 883 715 ut
932 654 1097 737 quod
1147 655 1237 717 ait
1277 654 1593 728 Albertus,
1643 653 1734 716 Ibi
1787 653 2074 716 custodia
2118 652 2389 715 habetA
2418 652 2665 714 terdum
2728 652 3031 727 insinuat,
3082 653 3251 735 quod
3308 653 3516 734 angeli
3572 652 3833 733 gloriosi
3880 671 3919 714 a

811 751 1045 826 locum,
1089 751 1198 814 ubi
1249 759 1344 814 est
1391 772 1572 814 casus
1622 752 2000 834 periculum.
2040 751 2130 812 Ex
2181 769 2307 832 quo

809 851 991 932 sequi
1048 851 1319 924 videtur,
1380 852 1548 933 quod
1606 850 2063 932 gloriosissima
2119 850 2309 930 Virgo

811 965 1070 1030 prorsus
1111 949 1489 1011 confirmata
1519 949 1584 1010 in
1625 947 1812 1022 bone,
1847 965 1973 1010 non
2013 946 2309 1008 habuerit

809 1046 1104 1128 angelum
1139 1047 1620 1108 custodientem.
1645 1047 1804 1108 Item
1835 1047 2004 1128 quod
2033 1046 2122 1107 ait
2152 1046 2309 1108 Tho-

809 1164 967 1218 maS,
1001 1147 1170 1228 quod
1213 1146 1309 1207 lex
1355 1145 1715 1207 communis
1750 1163 1876 1208 non
1915 1153 2012 1207 est
2051 1152 2310 1226 propter

807 1262 1009 1306 unum
1056 1245 1378 1318 mutanda,
1424 1244 1691 1326 ideoque
1729 1243 2156 1306 Antichristus
2200 1261 2307 1304 an-

807 1340 1023 1424 gelum
1073 1341 1332 1404 habebit
1391 1343 1738 1404 custodem.
1792 1342 1883 1404 Ex
1931 1359 2059 1424 quo
2111 1340 2309 1403 simili

809 1441 1050 1503 ratione
1090 1441 1270 1522 sequi
1315 1441 1584 1514 videtur,
1615 1441 1781 1522 quod
1829 1440 2114 1502 Christus
2157 1456 2311 1522 quo-

811 1557 935 1620 que
980 1540 1308 1601 custodem
1350 1539 1646 1619 angelum
1690 1539 2001 1600 habuerit.

889 1638 1158 1700 Demum
1192 1638 1484 1718 quamvis
1517 1636 1802 1700 Christus
1832 1637 2000 1718 apud
2032 1637 2307 1699 Matthae-

809 1752 920 1795 um
952 1735 1313 1815 specialiter
1344 1741 1554 1815 tangat
1585 1736 1661 1796 de
1693 1734 2070 1816 pusillorum
2103 1742 2308 1795 custo-

2416 749 2738 811 Fratribus
2772 751 3188 813 somnolentis
3224 760 3284 813 et
3326 751 3525 833 pigris
3561 751 3913 833 discedant,

2417 856 2677 930 propter
2723 867 2943 911 eorum
2990 849 3427 931 negligentias,
3471 849 3916 912 irreverentias

2416 955 2479 1007 et
2535 954 2838 1028 torpores.
2892 984 2973 993 —
3018 948 3305 1030 Insuper,
3354 948 3562 1029 angeli
3622 948 3917 1010 custodes

2416 1045 2786 1126 frequenter
2828 1047 3178 1108 ascendunt
3217 1047 3296 1108 ad
3342 1047 3575 1111 coelum
3626 1065 3919 1130 empyre-

2418 1162 2571 1222 um;
2613 1163 2731 1206 nec
2770 1144 2983 1208 valent
3022 1153 3173 1206 tunc
3212 1145 3505 1208 homines
3546 1146 3867 1208 custodire
3902 1163 3917 1207 z

2419 1243 2571 1324 quia
2618 1242 2729 1304 ubi
2780 1251 3145 1324 operantur,
3194 1244 3285 1306 ibi
3333 1253 3503 1318 sunt,
3545 1251 3609 1306 et
3657 1245 3745 1306 ita
3790 1263 3921 1307 non

2418 1349 2764 1422 operantur
2794 1342 2858 1403 in
2890 1341 3165 1415 homine,
3181 1344 3435 1424 quando
3464 1343 3531 1404 in
3561 1343 3725 1406 coelo
3754 1351 3917 1405 sunt.

2498 1440 2567 1500 ln
2600 1439 2990 1502 contrarium
3020 1448 3139 1514 est,
3170 1441 3340 1522 quod
3370 1441 3579 1522 angeli
3611 1460 3799 1503 suum
3832 1440 3923 1502 of-

2419 1535 2645 1598 ficium
2695 1537 3070 1599 fidelissime
3120 1557 3191 1600 ac
3236 1537 3757 1601 obedientissime
3808 1539 3924 1601 im-

2419 1634 2617 1717 plent,
2652 1642 2715 1697 et
2755 1635 3061 1718 quamdiu
3098 1655 3165 1698 se
3197 1636 3415 1699 vident
3452 1637 3695 1719 aliquid
3734 1655 3922 1719 posse

2419 1733 2486 1795 in
2535 1733 2657 1795 sibi
2702 1732 3064 1796 commissis
3109 1735 3444 1815 proficere,
3491 1736 3663 1817 ipsos
3713 1743 3921 1798 custo-

808 1831 1049 1894 ditione
1089 1832 1391 1912 angelica,
1424 1851 1548 1894 non
1594 1841 1800 1894 tamen
1843 1833 1962 1894 hoc
2003 1840 2189 1913 negat
2229 1833 2305 1893 de
2344 1831 2390 1894 B
2420 1832 2555 1894 dire
2615 1852 2741 1895 non
2793 1841 3060 1894 cessant.
3114 1834 3382 1896 Possunt
3438 1843 3649 1896 autem
3704 1835 3767 1896 in
3826 1833 3921 1895 eis

808 1929 1178 1992 hominibus
1217 1930 1359 1992 aliis
1395 1948 1407 1991 :
1443 1930 1573 1992 imo
1611 1931 1822 2012 potius
1861 1931 2016 1992 alibi
2048 1930 2112 1992 in
2146 1930 2308 1992 Scri-

810 2028 1016 2109 pturis
1057 2029 1178 2091 hoc
1221 2028 1538 2110 exprimit.

1226 2355 1699 2428 QUAESTIO
1757 2355 1882 2419 III

932 2620 1105 2683 Ertio
1136 2619 1462 2702 quaeritur,
1496 2619 1789 2685 Utrum
1821 2618 2152 2696 angelus
2181 2617 2304 2685 bo-

958 2734 1109 2785 nus
1151 2732 1291 2784 seu
1333 2718 1593 2783 malus
1635 2716 2039 2782 mterdum
2086 2718 2301 2783 dese-

801 2820 931 2884 rat
985 2818 1391 2883 hominem
1449 2831 1682 2897 quem
1747 2816 2102 2883 custodit
2161 2831 2303 2882 seu

800 2917 1086 2982 tentat.

2420 1951 2623 2013 usque
2656 1933 2721 1994 in
2765 1933 2962 1994 finem
2995 1933 3141 1996 vitae
3174 1935 3503 2015 praesentis
3541 1934 3758 2017 aliquo
3790 1953 3921 1997 mo-

2417 2029 2497 2092 do
2537 2030 2874 2112 proficere,
2910 2031 3135 2093 saltem
3175 2032 3551 2094 retrahendo
3589 2051 3626 2093 a
3656 2032 3921 2113 quibus-

2416 2128 2562 2189 dam
2620 2128 2987 2190 excessibus
3052 2146 3066 2190 :
3127 2147 3277 2191 nam
3334 2137 3398 2192 et
3452 2129 3918 2192 Antichristum

2412 2227 2676 2308 angelus
2716 2236 2928 2290 custos
2966 2227 3107 2308 ejus
3138 2247 3175 2290 a
3204 2228 3529 2291 nonnullis
3568 2227 3918 2290 sceleribus

2414 2325 2707 2387 retrahet.

2492 2522 2585 2584 Ad
2646 2522 2765 2584 hoc
2820 2523 3161 2604 respondet
3217 2522 3513 2585 Albertus
3568 2540 3581 2584 :
3634 2523 3913 2604 Angelus

2413 2639 2743 2701 nunquam
2775 2619 2867 2682 sic
2909 2621 3150 2682 recedit
3176 2639 3213 2682 a
3244 2621 3580 2696 custodit0,
3615 2640 3734 2683 nec
3762 2640 3914 2684 eum

2414 2718 2719 2800 quamdiu
2750 2718 2909 2780 vivit
2951 2719 3039 2779 ita
3076 2719 3402 2801 relinquit,
3435 2719 3591 2802 quin
3631 2720 3914 2801 aliquem

2412 2815 2718 2878 effectum
2765 2816 3067 2878 custodiae
3115 2825 3405 2879 exerceat
3452 2817 3623 2879 circa
3675 2817 3909 2899 ipsum.

2412 2913 2658 2975 Dicitur
2687 2921 2899 2975 autem
2930 2913 3273 2995 aliquando
3313 2914 3675 2996 relinquere
3714 2915 3917 2977 homi-

881 3013 1143 3076 Videtur
1191 3012 1360 3094 quod
1412 3012 1522 3073 sic.
1572 3011 1801 3084 Primo,
1845 3010 2145 3092 quoniam
2197 3012 2303 3073 Mi·
2340 3013 2383 3076 C
2414 3031 2585 3084 nem,
2619 3020 2931 3093 quantum
2973 3012 3052 3073 ad
3097 3011 3279 3074 illum
3323 3011 3627 3074 effectum
3668 3014 3778 3095 qui
3818 3022 3915 3075 est

803 3111 1004 3185 chael,
1058 3111 1168 3193 qui
1221 3109 1346 3171 fuit
1393 3110 1692 3191 princeps
1749 3109 2111 3191 Synagogae,
2165 3109 2304 3191 ipsa

802 3209 1044 3282 relicta,
1097 3216 1192 3270 est
1242 3207 1446 3269 factus
1499 3208 1797 3289 princeps
1852 3206 2169 3269 Ecclesiae.
2222 3244 2303 3253 —

803 3306 1114 3380 Secund0,
1166 3305 1490 3387 apostolus
1542 3303 1810 3366 Jacobus
1863 3305 2231 3366 exhortatur
2283 3323 2297 3366 ε

801 3406 1096 3469 Resistite
1130 3403 1404 3478 diaholo,
1439 3411 1500 3466 et
1532 3404 1731 3485 fugiet
1760 3423 1797 3465 a
1826 3402 2026 3465 vobiS.
2051 3439 2134 3449 -
2161 3405 2305 3466 Ter·

800 3504 912 3579 tio,
944 3503 1254 3584 Iosephus
1289 3502 1503 3574 refert,
1538 3502 1706 3583 quod
1743 3501 1982 3583 templo
2021 3503 2302 3564 secundo

801 3609 1065 3676 vastato,
1104 3602 1336 3663 auditae
1375 3609 1524 3662 sunt
1566 3617 1752 3662 voces
1795 3599 2163 3680 angelorum
2208 3599 2299 3662 ibi

800 3700 1150 3762 dicentium
1207 3717 1221 3760 :
1273 3699 1690 3761 Transeamus
1739 3697 1819 3759 ab
1867 3697 1967 3759 his
2017 3697 2295 3760 sedibus.

800 3799 894 3862 Ad
926 3799 1094 3862 idem
1127 3798 1402 3880 pertinet
1432 3798 1600 3880 quod
1632 3797 1802 3878 apud
1829 3797 2164 3859 Jeremiam
2200 3816 2303 3858 an-

800 3897 923 3978 geli
956 3897 1177 3958 dicunt
1203 3914 1216 3958 :
1243 3895 1618 3959 Curavimus
1647 3895 2054 3977 Babylonem,
2079 3902 2142 3956 et
2172 3913 2298 3957 non

801 4003 896 4057 est
954 4002 1210 4073 sanata3
1262 3993 1779 4074 derelinquamus
1837 4011 1997 4055 eam.
2054 3992 2128 4054 Et
2188 4012 2301 4074 per

800 4093 1026 4156 Isaiam
1070 4093 1351 4174 loquitur
1382 4093 1546 4154 Deus
1587 4092 1663 4153 de
1705 4093 2029 4173 Synagoga
2062 4108 2076 4152 :
2109 4091 2297 4153 Aufe-

2415 3109 2745 3171 conversio
2792 3128 2827 3170 a
2877 3117 3157 3190 peccato,
3204 3119 3313 3172 aut
3360 3110 3660 3172 similem.
3700 3111 3915 3174 Nihilo

2414 3207 2627 3269 minus
2656 3225 2910 3288 semper
2949 3206 3103 3269 facit
3140 3208 3310 3289 quod
3352 3209 3417 3270 in
3456 3227 3525 3270 se
3564 3217 3682 3282 est,
3714 3218 3779 3270 et
3817 3229 3913 3272 re-

2411 3305 2572 3366 tinet
2612 3304 2961 3378 hominem,
3006 3324 3087 3368 ne
3128 3304 3312 3368 toties
3356 3314 3417 3368 et
3463 3314 3589 3368 tam
3634 3307 3915 3388 graviter

2413 3404 2593 3464 cadat
2622 3411 2693 3462 ut
2721 3402 2973 3464 caderet
3002 3403 3051 3464 si
3086 3404 3412 3467 custodem
3444 3404 3740 3485 angelum
3782 3422 3912 3468 non

2411 3501 2689 3564 haberet.
2744 3501 2820 3562 Et
2880 3520 2993 3582 per
3040 3503 3204 3564 hanc
3256 3502 3732 3565 distinctionem
3792 3504 3913 3566 sol-

2410 3607 2648 3660 vuntur
2706 3598 2957 3681 objecta
3007 3618 3122 3681 pro
3177 3609 3445 3682 utraque
3496 3608 3674 3683 parte
3730 3602 3912 3664 indu-

2412 3705 2532 3759 cta.
2568 3698 2711 3760 Haec
2741 3698 3036 3760 Albertus
3068 3700 3133 3761 in
3170 3699 3449 3762 Summa.
3484 3699 3560 3761 Et
3589 3701 3808 3763 eadem
3844 3701 3909 3763 in

2411 3794 2573 3857 libro
2617 3797 2694 3858 de
2736 3797 2814 3857 IV
2855 3796 3257 3877 Coaequaevis.

2491 3894 2818 3957 Udalricus
2849 3895 3108 3956 demum
3140 3894 3240 3957 his
3271 3913 3625 3958 consonans
3660 3914 3673 3958 :
3706 3898 3910 3979 Ange-

2410 3990 2509 4052 lus
2538 3992 2682 4072 (ait)
2712 3999 2945 4066 custos,
2979 4013 3179 4074 quum
3220 3992 3453 4057 divinae
3493 3994 3909 4077 providentiae

2408 4089 2491 4150 sit
2523 4090 2813 4152 minister
2842 4099 2905 4152 et
2942 4099 3295 4164 exsecutor,
3329 4111 3471 4174 quae
3510 4093 3909 4174 providentia

799 4211 932 4254 ram
983 4210 1200 4273 sepem
1249 4191 1411 4271 ejuS,
1454 4199 1516 4252 et
1557 4185 1684 4251 brit
1735 4191 1799 4251 in
1849 4189 2292 4270 direptionem.
2329 4196 2379 4256 D
2408 4206 2738 4269 nunquam
2797 4188 3031 4250 deserit
3078 4207 3193 4251 nos
3249 4190 3534 4264 omnino,
3576 4210 3905 4272 nunquam

797 4290 915 4354 Ubi
949 4309 1065 4372 per
1092 4307 1309 4370 sepem
1345 4288 1639 4369 intelligit
1675 4289 1893 4351 Glossa
1928 4287 2165 4349 auxilia
2194 4308 2299 4350 an-

795 4389 1102 4472 gelorum.
1151 4389 1219 4449 In
1275 4385 1616 4466 Evangelio
1667 4387 1816 4448 item
1861 4386 2293 4448 Nazaraeorum

796 4494 1105 4561 narratur,
1140 4486 1309 4567 quod
1354 4493 1638 4566 tempore
1682 4485 2018 4547 dominicae
2063 4485 2297 4566 passio-

795 4587 896 4648 nis
939 4585 1170 4647 auditae
1211 4591 1358 4646 sunt
1401 4583 1465 4644 in
1509 4603 1652 4646 aere
1696 4601 1884 4644 voces
1923 4583 2294 4663 angelorum

796 4684 1207 4748 clamantium
1244 4700 1257 4744 :
1292 4683 1709 4744 Transeamus
1747 4681 1826 4742 ab
1867 4681 1966 4742 his
2011 4681 2289 4744 sedibus.

797 4784 960 4864 Ergo
986 4782 1193 4863 angeli
1225 4789 1376 4842 tunc
1405 4779 1798 4862 reliquerunt
1838 4778 2008 4842 filios
2041 4799 2294 4861 perver-

795 4883 1065 4946 sissimae
1095 4881 1452 4963 Synagogae.
1486 4913 1567 4922 —
1598 4879 1666 4939 In
1696 4878 1867 4940 Vitas
1903 4895 2156 4960 quoque
2188 4879 2294 4941 Pa-

795 4989 965 5043 trum
999 4979 1287 5052 habetur,
1313 4977 1586 5059 qualiter
1615 4976 1874 5058 quidam
1909 4976 2007 5037 vir
2037 4986 2293 5040 sanctus

795 5079 952 5142 vidit
985 5077 1239 5158 angelos
1280 5085 1530 5138 sanctos
1573 5094 1718 5136 cum
1755 5075 2183 5155 indignatione
2213 5077 2293 5138 ab

796 5177 924 5240 illis
955 5175 1248 5238 recedere
1279 5174 1388 5256 qui
1424 5173 1634 5236 inania
1665 5173 2103 5254 loquebantur.
2141 5175 2293 5236 Rur-

795 5297 924 5352 SuS,
959 5277 1016 5340 S.
1053 5275 1405 5342 Bernardus
1457 5274 1520 5338 in
1570 5272 1703 5338 suis
1751 5271 2154 5338 sermonibus
2202 5273 2293 5339 in-

2409 4286 2639 4347 deserit
2671 4305 2819 4348 eum
2862 4286 2962 4348 cui
2997 4294 3092 4348 est
3127 4287 3490 4370 deputatuS‚
3523 4291 3632 4352 sed
3672 4291 3907 4353 deserit

2407 4393 2469 4446 et.
2502 4403 2625 4446 non
2657 4384 2891 4447 deserit
2929 4404 3100 4458 eum,
3134 4387 3297 4448 sicut
3336 4394 3399 4448 et
3428 4389 3613 4450 Deus.
3648 4388 3903 4472 Simpli-

2408 4482 2566 4544 citer
2594 4491 2806 4546 autem
2848 4484 3014 4545 Deus
3056 4503 3181 4546 non
3223 4485 3455 4548 deserit
3488 4507 3901 4569 quemquam,

2407 4581 2558 4663 quia
2606 4582 2998 4662 redigeretur
3040 4582 3104 4643 in
3150 4584 3426 4646 nihilum
3463 4601 3477 4645 :
3512 4586 3620 4648 sed
3669 4587 3905 4649 deserit

2407 4689 2714 4761 quantum
2746 4681 2822 4742 ad
2854 4682 3161 4761 quosdam
3192 4681 3485 4757 effectus,
3511 4691 3581 4745 ut
3610 4685 3763 4746 dum
3792 4686 3905 4747 ali-

2406 4797 2596 4861 quem
2651 4797 2765 4859 pro
2815 4798 2928 4840 sua
2982 4779 3251 4841 utilitate
3303 4789 3411 4842 aut
3464 4799 3580 4862 pro
3638 4800 3900 4846 suorum

2405 4877 2720 4958 exigentia
2778 4879 3151 4941 meritorum
3210 4879 3499 4942 tribulari
3565 4883 3899 4963 permittit,

2404 4984 2511 5037 aut
2543 4977 2766 5038 cadere
2797 4977 2859 5037 in
2893 4986 3248 5057 peecatum,
3278 4978 3459 5057 juxta
3490 4979 3647 5041 illud
3680 5000 3903 5043 secun-

3962 2543 4139 2587 Summ.
4155 2543 4227 2585 th.

3944 2608 4229 2659 ἔψη-ιφὸδ.

2404 5074 2485 5136 do
2516 5074 3033 5155 Paralipomenon
3069 5093 3081 5136 :
3118 5076 3180 5138 Si
3221 5075 3689 5158 dereliqueritis
3722 5099 3897 5153 eum,
3948 5096 4215 5144 upann.

2403 5173 2801 5254 derelinquet
2850 5191 2979 5235 vos
3015 5173 3117 5236 Sic
3164 5175 3369 5255 angeli
3414 5196 3741 5258 nunquam
3792 5180 3897 5240 de·
3931 5163 3953 5202 ³

2402 5279 2618 5336 serunt
2658 5271 3031 5336 exsistentes
3076 5273 3140 5337 in
3184 5273 3315 5336 vita
3352 5274 3489 5350 hac,
3526 5275 3612 5337 ita
3648 5285 3714 5338 ut
3760 5277 3899 5340 nul-
