4334 6242
140 1019 173 1060 p.
200 1007 261 1046 169
274 1004 316 1047 D.

876 515 963 561 AN
1004 515 1226 561 ANGnu
1270 513 1486 561 GREATI
1528 513 1603 560 m·
1644 512 1965 560 COLLOGATI
2006 513 2282 559 EGERUNT
2324 513 2387 559 IN
2429 512 2608 560 GOELO
2647 512 2930 558 EnrYqu

3333 489 3443 557 171

361 686 932 750 excommunicatio
963 686 1246 769 episcopi
1286 703 1413 747 non
1455 684 1852 766 protenditur
1880 683 1931 746 A
1960 681 2256 756 fundum,
2290 682 2679 765 principium
2723 689 2786 744 61
2826 680 2981 744 finis
3026 701 3098 744 66
3143 681 3445 744 medium.

362 792 533 846 extra
566 783 961 866 provinciam
989 785 1152 865 ejus.
1176 820 1254 829 —-
1284 784 1605 846 Postremo
1633 782 1751 844 hoc
1784 781 1849 842 in

364 881 571 944 verbis
627 883 880 945 Henrici
928 882 1183 946 videtur
1233 881 1429 962 magis
1478 880 1846 955 obscurum,

362 983 524 1062 quod
568 982 677 1056 ait,
711 981 1303 1044 determinationem
1350 980 1557 1062 angeli
1596 999 1710 1062 per
1748 1000 1850 1042 su-

359 1099 457 1142 am
515 1081 949 1162 operationem
1006 1100 1119 1143 seu
1172 1081 1469 1142 virtutem
1531 1086 1849 1141 extentam

358 1180 431 1241 ad
474 1181 906 1261 operationem
952 1180 1121 1242 circa
1162 1178 1533 1261 corporalia,
1570 1195 1696 1240 non
1740 1195 1849 1259 po-

360 1296 503 1339 nere
537 1278 815 1358 aliquam
848 1278 1441 1340 determinationem
1480 1277 1543 1338 in
1575 1276 1715 1356 ejus
1746 1297 1851 1338 na-

358 1385 513 1449 tura,
538 1377 689 1457 quia
719 1384 782 1438 61
812 1376 931 1439 1106
962 1377 1150 1439 modo
1180 1377 1345 1438 Deus
1378 1376 1441 1439 in
1475 1377 1611 1439 loco
1642 1383 1757 1437 est.
1783 1374 1848 1436 Si

358 1475 523 1536 enim
574 1475 693 1537 1106
743 1475 831 1537 611
873 1475 1204 1538 5661166ᾱο
1254 1476 1420 1557 quod
1469 1495 1545 1537 ex
1595 1473 1701 1536 illa
1744 1474 1848 1535 de-

358 1573 797 1636 terminatione
835 1593 950 1656 per
987 1573 1419 1655 operationem
1460 1591 1585 1635 606
1629 1591 1849 1653 sequa—

360 1680 455 1732 tur
502 1671 690 1733 realis
738 1691 811 1733 ac
856 1670 1206 1752 personalis
1255 1669 1593 1753 praesentia
1639 1668 1843 1750 angeli

360 1768 459 1830 ubi
522 1769 889 1832 immediate
942 1776 1006 1831 et
1054 1788 1167 1851 per
1223 1789 1290 1831 se
1350 1775 1667 1850 operatur,
1718 1784 1844 1829 non

1963 782 2329 844 Econtrario
2377 790 2585 844 autem
2640 801 2708 844 se
2757 780 2948 843 habet
2997 781 3062 842 in
3113 781 3222 843 ubi
3273 781 3456 863 spiri·

1962 880 2136 942 tuali.
2175 881 2546 962 Spirituales
2579 882 2818 963 quippe
2852 881 3224 943 substantiae
3256 880 3456 961 magis

1962 979 2362 1041 circumdant
2407 988 2469 1041 et
2517 979 2844 1042 continent
2891 979 2954 1041 id
3015 979 3079 1040 in
3141 985 3288 1060 quo⁴
3319 996 3457 1040 esse

1962 1077 2283 1150 dicuntur,
2317 1097 2505 1160 quam
2555 1077 3032 1140 circumdentur
3071 1085 3136 1140 et
3179 1076 3461 1140 contine-

1960 1184 2149 1239 antur
2178 1177 2258 1238 ab
2291 1177 2461 1258 ipso:
2487 1178 2653 1258 quod
2687 1178 2764 1239 de
2797 1175 3455 1258 incircumscriptibili

1962 1276 2089 1337 Deo
2134 1284 2231 1337 est
2276 1275 2557 1356 planum.
2601 1276 2861 1357 Propter
2895 1276 3064 1357 quod
3109 1294 3274 1337 unus
3321 1274 3458 1356 phi-

1962 1375 2366 1455 losophorum
2397 1374 2588 1436 Italiae
2615 1374 2774 1436 dixit
2807 1373 2871 1436 in
2904 1374 3066 1436 libro
3095 1392 3280 1456 quem
3309 1375 3458 1436 scri-

1959 1473 2088 1555 psit
2117 1473 2194 1534 de
2224 1471 2458 1534 Natura
2485 1473 2746 1535 Deitatis
2781 1491 2796 1536 :
2830 1473 2996 1534 Deus
3035 1473 3252 1536 omnia
3288 1473 3457 1535 intra

1958 1590 2027 1633 56
2060 1571 2342 1633 60611661
2371 1577 2433 1632 61
2460 1571 2699 1632 enutrit
2730 1571 2910 1653 quasi
2943 1577 3151 1652 partes
3186 1590 3354 1644 51165,
3389 1571 3452 1633 id

1956 1677 2075 1744 est,
2125 1688 2200 1730 ac
2247 1669 2301 1730 si
2349 1676 2560 1730 essent
2608 1676 2816 1750 partes
2866 1687 2940 1731 ac
2986 1668 3230 1731 viscera
3287 1670 3449 1750 ejuS‚

1956 1767 2260 1847 quoniam
2321 1767 2619 1829 omnibus
2679 1767 2988 1848 providet.
3043 1767 3145 1830 Sic
3202 1774 3264 1830 et
3320 1768 3453 1829 ani-

356 1866 671 1928 videretur
709 1885 896 1949 posse
936 1867 1188 1941 salvari,
1222 1876 1284 1929 61
1314 1868 1700 1928 Damasceno
1735 1882 1844 1945 op·
1880 1867 1927 1928 B
1958 1884 2124 1926 mam
2170 1866 2468 1928 dixerunt
2510 1883 2740 1945 corpus
2784 1884 2974 1926 suum
3023 1865 3346 1927 continere
3389 1873 3454 1927 et

355 1973 709 2046 poneretur.

428 2063 653 2126 Adhuc
700 2071 913 2126 autem
953 2064 1031 2127 de
1073 2065 1189 2126 1166
1240 2064 1379 2145 ipsa
1426 2061 1688 2125 materia
1725 2069 1845 2123 tra-

355 2168 473 2224 ctat
504 2162 884 2225 Guillelmus
916 2162 1079 2224 libro
1108 2163 1187 2224 de
1217 2163 1522 2225 Universo
1558 2179 1570 2223 :
1606 2160 1670 2222 Si
1700 2160 1845 2242 quis

352 2260 702 2341 (inquiens)
741 2261 930 2334 (11661,
974 2260 1131 2332 Quid
1174 2260 1249 2321 ad
1296 2258 1659 2341 spirituales
1702 2257 1847 2320 sub-

353 2357 609 2420 stantias
640 2360 718 2420 de
749 2357 889 2420 loco
920 2357 1019 2420 vel
1058 2357 1448 2420 habitatione
1487 2356 1844 2439 corporali?

353 2457 894 2530 Quemadmodum
936 2457 1109 2518 enim
1151 2455 1314 2518 nihil
1352 2457 1429 2518 ad
1471 2472 1733 2536 corpora
1767 2455 1844 2516 de

353 2555 737 2618 habitatione
780 2555 881 2617 vel
926 2555 1115 2618 domo
1163 2553 1502 2636 spirituali,
1543 2553 1633 2614 sic
1684 2553 1843 2614 nihil

352 2655 427 2716 ad
468 2653 833 2736 spirituales
876 2652 1261 2715 substantias
1306 2651 1383 2713 de
1428 2651 1565 2713 loco
1607 2650 1845 2712 habita-

352 2754 600 2815 tioneve
630 2751 961 2834 corporali.
977 2752 1295 2824 Possetne‚
1314 2750 1633 2832 inquiunt,
1646 2768 1847 2830 gram-

352 2852 577 2913 matica
620 2869 759 2912 esse
804 2850 869 2912 in
919 2850 1111 2912 bursa
1152 2851 1306 2910 tua?
1345 2848 1588 2921 Quanto
1632 2848 1843 2910 minus

350 2949 715 3011 substantiae
763 2948 1125 3029 spirituales
1172 2947 1235 3009 in
1281 2946 1436 3009 10615
1480 2946 1843 3028 corporeis?

1955 1964 2136 2045 quasi
2189 1965 2605 2038 circumdare,
2657 1971 2719 2026 et
2770 1980 3000 2044 corpus
3050 1953 3262 2045 pot'ius
3313 1983 3452 2027 esse

1956 2060 2022 2123 in
2066 2061 2278 2123 anima
2317 2081 2508 2142 quam
2552 2068 2824 2124 econtra.
2859 2060 3018 2123 Hinc
3058 2061 3320 2143 quidam
3361 2061 3452 2123 di-

1956 2159 2049 2221 xit
2077 2159 2603 2241 philosophorum
2639 2178 2652 2221 :
2684 2159 2914 2222 Anima
2944 2168 3040 2222 est
3070 2177 3300 2241 corpus
3331 2159 3452 2221 cir-

1930 2258 2314 2320 .cumdando
2355 2257 2746 2331 illuminanS,
2777 2266 2839 2320 et
2871 2258 3291 2320 illuminando
3331 2257 3452 2320 cir-

1956 2357 2283 2418 cumdans,
2347 2357 2577 2438 Sicque
2641 2356 2704 2417 in
2768 2356 2888 2418 hoc
2950 2375 3095 2418 cum
3161 2357 3452 2420 Creatore

1954 2454 2316 2537 aliqualiter
2357 2454 2843 2516 similitudinem
2894 2453 3104 2529 habet,
3148 2454 3449 2537 quoniam

1958 2553 2063 2615 ille
2095 2560 2298 2615 totum
2337 2553 2706 2615 universum
2739 2553 3124 2626 circumdat?
3144 2553 3446 2628 continet,

1954 2671 2027 2714 66
2068 2651 2410 2733 multiplici
2454 2651 2706 2712 influxu
2752 2651 3088 2714 illuminat.
3124 2651 3226 2713 Sic
3268 2658 3332 2712 et
3372 2652 3449 2713 de

1956 2749 2182 2810 ceteris
2231 2748 2614 2811 differentiis
2663 2748 2850 2811 facile
2892 2755 2987 2810 est
3029 2748 3266 2822 videre,
3299 2748 3450 2830 quia

1954 2847 2268 2909 contraria
2291 2865 2510 2908 earum
2543 2847 2928 2909 comitantur
2957 2845 3065 2908 ubi
3099 2845 3444 2927 spirituale.

2033 2946 2338 3008 Praeterea
2379 2944 2433 3007 si
2477 2953 2816 3028 quaeratur,
2859 2952 3158 3028 quantam
3204 2954 3447 3027 partem

349 3048 567 3121 Quaero
611 3046 693 3108 ab
746 3047 863 3120 his,
908 3045 1183 3128 qualiter
1240 3045 1595 3125 intelligant
1644 3046 1842 3107 Deum
1880 3045 1923 3107 C
1954 3042 2098 3105 coeli
2144 3043 2426 3126 empyrei
2474 3043 2915 3124 unusquisque
2957 3051 3225 3124 occupet
3265 3062 3454 3124 ange-

352 3145 631 3208 habitare
680 3146 745 3208 in
790 3145 1046 3227 templis
1090 3163 1104 3207 :
1148 3144 1318 3226 quod
1366 3143 1587 3226 utique
1636 3143 1844 3206 omnis

350 3252 517 3308 secta
553 3253 618 3306 et
655 3243 828 3306 natio
858 3251 1047 3306 tenet.
1082 3243 1521 3305 Necessarium
1563 3260 1713 3322 ergo
1750 3243 1842 3304 eis

350 3351 440 3406 est
488 3342 599 3406 ubi
648 3342 979 3425 spirituale
1026 3341 1108 3404 ab
1157 3341 1271 3402 ubi
1321 3341 1630 3423 corporali
1680 3341 1842 3404 scire

351 3441 755 3523 distinguere.
786 3477 868 3487 —
900 3441 1051 3503 Dico
1092 3458 1263 3521 erg0,
1297 3440 1465 3522 quod
1508 3439 1618 3501 ubi
1661 3440 1845 3521 spiri-

352 3540 534 3615 tuale,
568 3537 778 3602 solum
820 3559 893 3601 ac
932 3539 1188 3621 proprie
1232 3539 1619 3601 conveniens
1661 3538 1843 3620 spiri-

352 3636 625 3700 tualibus
682 3635 1077 3710 substant-iiS,
1130 3635 1571 3718 multipliciter
1623 3636 1842 3698 differt

347 3734 423 3796 ab
464 3735 575 3798 ubi
620 3734 955 3816 corporali,
991 3735 1161 3817 quod
1210 3734 1414 3797 solum
1465 3752 1539 3795 ac
1583 3734 1838 3816 proprie

349 3829 779 3912 corporalibus
808 3827 1183 3890 substantiis
1214 3828 1522 3909 congruit.
1542 3827 1749 3890 Prima
1776 3835 1839 3889 et

350 3926 717 4010 principalis
748 3925 1133 4000 differentia,
1153 3933 1249 3987 est
1278 3925 1695 3988 circumdatio
1724 3945 1835 3988 seu

349 4024 735 4088 continentia
780 4045 907 4105 qua
955 4042 1187 4105 corpus
1246 4024 1679 4087 circumdatur
1725 4043 1837 4086 seu

348 4124 705 4186 continetur
732 4123 812 4184 ab
843 4123 1128 4186 interiori
1168 4121 1511 4203 superficie
1553 4123 1835 4204 corporis

1957 3141 2204 3212 lorum:
2261 3142 2776 3225 respondendum
2833 3142 3086 3205 videtur
3141 3141 3322 3222 juxta
3379 3161 3451 3204 ea

1953 3260 2095 3322 quae
2134 3241 2264 3302 dixi
2306 3241 2382 3302 de
2419 3240 2798 3303 limitatione
2834 3248 2897 3302 61
2927 3239 3300 3302 definitione
3331 3240 3453 3302 vir-

1954 3345 2163 3400 tutum
2216 3338 2662 3419 hujuscemodi
2713 3339 3231 3401 substantiarum.
3278 3339 3451 3400 Veri-

1954 3436 2163 3499 simile
2195 3437 2430 3498 etenim
2463 3445 2580 3511 est,
2604 3438 2772 3520 quod
2806 3437 2916 3519 qni
2949 3436 3206 3518 majoris
3236 3437 3452 3518 gloriae

1954 3553 2125 3597 nunc
2185 3542 2333 3596 sunt
2377 3542 2488 3596 aut
2537 3543 2687 3597 tunc
2747 3543 2954 3609 erunt,
3007 3535 3280 3617 majores
3337 3555 3449 3598 seu

1951 3633 2359 3695 sublimiores
2409 3632 2880 3715 nobilioresque
2929 3642 3138 3716 partes
3182 3633 3327 3697 coeli
3377 3634 3450 3696 il-

1952 3730 2075 3792 lius
2104 3730 2430 3794 obtineant
2457 3749 2856 3812 :quanquam
2891 3749 3113 3793 verum
3143 3730 3248 3804 sit,
3277 3733 3445 3812 quod

1948 3829 2139 3890 etiam
2174 3829 2239 3890 in
2271 3829 2558 3910 partibus
2587 3828 2938 3910 aequalibus
2969 3829 3299 3891 dissimilis
3329 3849 3441 3891 5611

1949 3926 2280 4008 inaequalis
2325 3926 2539 4006 gloriae
2580 3927 2788 4007 angeli
2832 3927 3082 3988 valeant
3120 3926 3437 4000 collocari,

1948 4025 2486 4108 quemadmodum
2527 4033 2590 4087 et
2624 4025 2691 4087 in
2731 4023 3102 4106 corporibus
3143 4024 3440 4086 humanis

1945 4123 2300 4205 aequalibus
2347 4142 2513 4205 saepe
2562 4131 2709 4185 sunt
2751 4123 2980 4186 animae
3024 4122 3087 4184 in
3131 4123 3444 4204 sapientia

346 4223 498 4285 illud
538 4220 901 4284 ambientis.
936 4221 1227 4284 Secunda
1258 4227 1355 4282 651
1384 4220 1649 4301 repletio
1689 4238 1834 4283 606-
1866 4221 1915 4282 D
1944 4240 2017 4283 66
2066 4221 2410 4284 virtutibus
2460 4220 2810 4303 plurimum
2863 4221 3222 4302 1661066165.
3271 4221 3443 4284 Cete-

344 4321 628 4383 cavitatis
680 4319 887 4391 istius,
938 4318 1058 4381 hoc
1107 4325 1202 4381 est
1251 4317 1568 4380 interioris
1616 4337 1834 4399 super-

343 4416 511 4479 ficiei
559 4416 693 4496 jam
741 4415 927 4477 dictae
979 4431 994 4475 :
1047 4413 1127 4476 ob
1178 4432 1369 4495 quam
1419 4413 1834 4494 repletionem

344 4535 455 4578 nec
486 4533 721 4596 corpus
758 4513 933 4574 aliud
974 4529 1091 4573 nec
1124 4519 1333 4593 partes
1368 4513 1647 4593 corporis
1686 4511 1836 4574 alte-

344 4613 469 4676 rius
508 4630 729 4674 secum
770 4609 1155 4691 compatitur
1190 4609 1255 4671 16
1286 4610 1505 4671 eadem
1546 4610 1833 4672 concavi-

340 4718 461 4773 tate
500 4730 613 4773 seu
658 4709 812 4772 loco.
849 4707 1058 4771 Tertia
1095 4715 1190 4770 est
1228 4708 1580 4789 adaequatio
1620 4707 1739 4770 loci
1771 4717 1835 4771 et

344 4809 546 4884 locati,
578 4825 707 4870 non
739 4807 947 4869 solum
986 4805 1355 4888 superficiei
1388 4804 1589 4887 ipsius
1622 4805 1829 4880 locati,

341 4909 445 4970 sed
491 4907 685 4970 etiam
737 4905 1148 4968 concavitatis
1206 4923 1398 4985 quam
1454 4902 1652 4984 replet
1702 4923 1835 4966 cor-

342 5026 455 5088 pus
494 5005 702 5068 locati.
737 5004 967 5077 Quarta
1000 5011 1097 5066 est
1134 5003 1295 5066 situs
1334 5021 1446 5064 seu
1489 5001 1721 5083 positio
1759 5021 1832 5064 66

342 5104 649 5167 ordinatio
697 5102 974 5184 partium
1028 5101 1235 5175 locati,
1278 5121 1394 5183 per
1442 5119 1633 5182 quam
1682 5101 1833 5164 assi·

345 5212 607 5284 guantur
660 5200 751 5263 ibi
803 5219 1056 5263 sursum
1108 5208 1172 5262 et
1219 5201 1538 5273 deorsum,
1581 5207 1726 5261 ante
1770 5207 1833 5261 et

346 5308 497 5382 post,
532 5301 793 5380 longum
834 5315 1087 5380 quoque
1126 5305 1189 5359 et
1226 5297 1424 5359 latum
1463 5305 1652 5379 atque
1693 5315 1833 5380 pro-

1947 4339 2088 4382 rum
2139 4319 2306 4381 sicut
2353 4321 2602 4381 nullum
2651 4337 2882 4400 corpus
2929 4338 3007 4381 ex
3055 4339 3170 4382 sua
3218 4329 3441 4383 natura

1946 4423 2073 4480 tam
2102 4425 2325 4498 aptum
2357 4426 2452 4480 est
2484 4417 2708 4499 perfici
2745 4419 3099 4500 praesentia,
3135 4418 3443 4482 inhabita-

1946 4515 2115 4578 tione
2146 4523 2337 4597 atque
2366 4515 2713 4579 virtutibus
2741 4516 2970 4580 animae
3002 4517 3346 4593 1611066115,
3373 4526 3441 4580 111

1944 4632 2174 4695 corpus
2210 4613 2600 4691 humanum3
2641 4613 2732 4675 sic
2763 4614 3012 4675 nullum
3046 4615 3280 4678 coelum
3308 4623 3438 4677 tam

1945 4712 2246 4774 idoneum
2278 4718 2374 4774 est
2406 4710 2745 4773 inhabitari
2787 4711 2872 4786 ab
2896 4711 3138 4792 angelis
3178 4715 3435 4786 sanctiS,

1943 4815 2005 4870 et
2052 4826 2274 4870 eorum
2337 4808 2741 4890 resplendere
2788 4827 2860 4870 ac
2908 4810 3192 4872 decorari
3239 4810 3440 4892 fulgo-

1943 4904 2144 4978 ribus,
2181 4913 2248 4966 ut
2280 4905 2515 4968 coelum
2556 4924 2949 4988 empyreum.
2983 4941 3063 4952 —
3093 4907 3236 4970 Haec
3266 4907 3436 4971 Guil-

1943 5003 2193 5065 16161115.

2021 5101 2100 5162 At
2130 5119 2281 5164 vero
2319 5102 2541 5164 Scotus
2581 5102 2686 5164 hic
2726 5102 2948 5165 scribit
2984 5120 2998 5166 ε
3031 5103 3261 5166 Dicunt
3300 5104 3438 5184 qui-

1942 5199 2109 5272 dam,
2145 5200 2312 5280 quod
2353 5200 2616 5280 angelus
2655 5206 2752 5262 est
2792 5201 2856 5262 in
2898 5201 3034 5263 loco
3073 5220 3185 5281 per
3217 5218 3436 5282 opera-

1942 5296 2183 5359 tionem
2243 5297 2524 5378 praecise.
2581 5298 2824 5372 Quibus
2882 5298 3205 5380 objicitur,
3267 5300 3436 5382 quod
