4334 6242
731 505 818 550 AN
859 505 924 551 IN
963 505 1280 553 ANGEmcts
1321 507 1651 554 smmeUs
1694 505 1830 552 SINT
1870 505 2019 552 ‘mus
2061 504 2454 553 manaucate:
2494 507 2568 552 m·
2609 507 2869 554 onmmts
2911 505 3117 553 Novus

449 673 744 757 Amplius
783 673 1113 738 Udalricus
1146 674 1210 736 in
1243 675 1505 737 Summa
1534 693 1668 746 sua,
1704 673 1868 735 libro
1897 674 1948 736 A
1980 673 2325 737 chritudini
2372 674 2687 748 increatae‚
2723 694 2863 756 quae
2901 675 2998 754 (ut
3041 674 3296 737 divinus
3342 674 3481 737 Dio·
3508 694 3771 801 gaceio-t.

3439 773 3476 785 ’⁸
3556 772 3617 804 01⁸.
3640 773 3680 804 c.
3699 774 3756 802 lu.

374 783 596 855 quarto
623 773 905 836 :Lumen
934 775 1077 854 (ait)
1106 775 1394 837 divinum
1427 782 1537 836 aut
1564 773 1870 856 recipitur

373 872 782 954 simplicitate
836 879 898 934 et
951 873 1228 955 puritate
1287 872 1547 935 rationis
1607 871 1870 934 luminis

373 979 632 1053 propter
671 972 1105 1033 immediatam
1146 972 1286 1051 ejus
1325 971 1798 1052 susceptionem
1836 988 1873 1031 a

373 1070 520 1143 Deo,
554 1069 653 1132 vel
687 1069 996 1152 recipitur
1035 1069 1460 1151 compositum
1502 1077 1562 1131 et
1599 1068 1873 1150 permix-

371 1176 506 1230 tum
562 1186 710 1230 cum
760 1168 1002 1230 ratione
1059 1167 1364 1250 principii
1417 1167 1726 1250 operativi
1773 1183 1874 1228 eo-

371 1285 514 1328 rum
559 1250 832 1347 quoru'm
877 1266 1166 1328 notitiam
1211 1265 1452 1347 pandit.

449 1366 660 1428 Primo
708 1366 896 1428 modo
941 1365 1214 1447 primam
1266 1363 1596 1426 constituit
1636 1363 1871 1425 hierar-

370 1463 604 1538 chiam,
656 1482 849 1545 quam
908 1471 1171 1545 propter
1218 1463 1560 1545 puritatem
1611 1460 1872 1524 rationis

370 1560 577 1633 istiuS,
640 1561 702 1623 id
764 1568 859 1623 est
923 1560 1359 1623 immediatam
1426 1559 1689 1622 luminis
1750 1560 1869 1621 hu-

125 1671 344 1718 necoeloet.
366 1659 474 1740 jus
523 1659 1020 1740 susceptionem,
1073 1659 1139 1720 Β.
1194 1658 1530 1740 Dionysius
1585 1657 1872 1721 nominat

113 1734 197 1779 hier.
215 1747 250 1778 t.
271 1749 341 1778 vu.

125 2159 210 2206 [bid.
220 2175 344 2214 estu,

123 2458 138 2476 ⁶
145 2457 284 2511 forsan
299 2456 344 2498 in

111 2519 345 2572 perfectione

111 3338 197 3383 thid.
216 3351 252 3382 ο.
271 3353 342 3382 vu.

369 1755 837 1838 aequiformem,
891 1757 1182 1839 quamvis
1243 1775 1408 1818 unus
1465 1755 1620 1818 ordo
1677 1755 1870 1835 hujus

3358 487 3479 552 479

1981 771 2199 854 nysius
2246 771 2451 835 fassus
2494 775 2618 854 est)
2656 773 3063 835 distributiva
3104 781 3198 835 est
3237 790 3480 855 propru

1981 871 2243 933 luminis
2289 873 2641 934 secundum
2689 871 3195 953 uniuscujusque
3240 872 3484 954 capaci-

1981 976 2170 1030 tatem
2221 987 2295 1030 ac
2343 970 2739 1050 dignitatem,
2791 969 3029 1032 idcirco
3086 969 3295 1051 prima
3347 970 3482 1033 haec

1980 1067 2337 1129 hierarchia
2366 1065 2685 1130 distribuit
2716 1067 2933 1129 lumen
2962 1067 3081 1130 hoc
3109 1067 3481 1130 hierarchiae

1981 1167 2277 1230 secundae
2311 1184 2325 1228 :
2358 1166 2508 1248 quia
2540 1174 2608 1228 ut
2645 1167 2869 1228 asserit
2909 1166 2969 1229 S.
3002 1166 3363 1249 Dionysius,
3399 1167 3482 1229 le·
3528 1181 3635 1227 lbid.
3656 1195 3695 1227 ο.
3716 1196 3775 1236 w,

3508 1258 3595 1290 vtu-

1980 1283 2057 1344 ge
2088 1264 2351 1326 Deitatis
2392 1265 2707 1327 sancitum
2746 1272 2842 1327 est
2879 1271 2949 1326 ut
2988 1265 3265 1326 secunda
3295 1265 3479 1327 redu-

1984 1370 2210 1425 cantur
2252 1363 2317 1425 in
2361 1364 2559 1426 Deum
2603 1381 2720 1445 per
2761 1363 2988 1444 prima.

2062 1461 2253 1523 Porro
2301 1462 2618 1523 secundus
2672 1462 2898 1524 modus
2946 1461 3140 1543 hujus
3189 1461 3476 1537 luminis,

1981 1567 2078 1621 est
2145 1577 2222 1620 ex
2290 1559 2589 1622 distantia
2650 1578 2685 1621 a
2744 1558 2917 1622 fonte
2983 1560 3193 1642 primo
3255 1577 3269 1620 :
3330 1560 3481 1641 quia

1983 1657 2271 1738 procedit
2311 1656 2391 1719 ab
2437 1657 2575 1738 ipso
2621 1657 2687 1719 in
2731 1658 3077 1720 secundam
3114 1677 3187 1720 ac
3229 1658 3480 1720 tertiam

1979 1754 2370 1818 hierarchias
2401 1754 2721 1817 mediante
2750 1755 2973 1837 prima,
2994 1774 3106 1838 per
3134 1775 3318 1837 quam
3351 1757 3483 1838 pla-

369 1854 746 1918 hierarchiae
789 1855 1137 1937 perfectius
1181 1855 1350 1917 istud
1395 1854 1734 1937 participet
1782 1852 1872 1915 lu'-
1903 1853 1952 1916 B
1983 1872 2062 1914 ne
2105 1852 2470 1916 distantiam
2515 1854 2683 1916 cadit
2722 1873 2759 1915 a
2796 1853 3205 1936 simplicitate
3246 1873 3321 1917 ac
3364 1874 3479 1936 pu-

371 1971 520 2015 men
565 1971 756 2034 quam
801 1953 984 2016 aliua.
1020 1952 1445 2016 conformiter
1485 1958 1581 2014 est
1623 1971 1874 2015 sumen-

370 2051 550 2124 dum,
585 2052 754 2134 quod
797 2051 954 2114 alios
998 2053 1254 2115 ordines
1299 2051 1588 2133 ejusdem
1641 2051 1876 2113 hierar-

371 2149 533 2215 chiae
581 2151 750 2213 idem
801 2150 1069 2213 Sanctus
1117 2150 1524 2234 aequiformes
1571 2150 1870 2232 appellat,

371 2257 684 2330 quantum
725 2249 804 2310 ad
845 2267 1250 2311 communem
1295 2249 1556 2311 modum
1591 2248 1872 2330 suscepti

375 2347 662 2420 lumini3‚
696 2365 822 2409 non
857 2356 1164 2430 quantum
1195 2348 1274 2410 ad
1305 2346 1612 2428 speciales
1641 2346 1872 2428 gradus

375 2443 903 2526 imperfectione*
954 2443 1397 2525 susceptionis
1450 2444 1690 2526 Nempe
1744 2462 1872 2526 quo

373 2542 598 2624 primae
628 2543 999 2606 hierarchia>
1033 2543 1210 2605 chori
1249 2561 1322 2605 ac
1353 2542 1616 2625 spiritus
1649 2542 1870 2605 imme-

373 2642 608 2704 diatius
649 2661 687 2704 a
735 2643 861 2704 Deo
910 2642 1283 2724 procedunt,
1317 2659 1398 2704 eo
1441 2641 1760 2723 copiosius
1809 2649 1873 2704 et

373 2740 575 2821 magis
605 2740 972 2803 immediate
1003 2739 1449 2803 illuminantur
1475 2740 1556 2802 ab
1592 2740 1752 2823 ipso,
1786 2748 1873 2801 at-

369 2856 497 2919 que
537 2837 850 2899 donorum
891 2856 1154 2920 capaces
1193 2846 1342 2899 sunt
1380 2838 1744 2901 divinorum
1780 2856 1872 2900 se-

371 2935 654 2997 cundum
697 2935 957 2998 modum
997 2935 1308 2998 divinum.
1345 2935 1420 2998 Et
1459 2935 1609 3017 quia
1651 2953 1873 2997 secun-

1981 1951 2166 2014 ritate
2198 1952 2263 2013 in
2293 1951 2636 2034 quamdam
2677 1952 3203 2033 compositionem
3242 1960 3305 2014 et
3340 1971 3479 2033 per-

1983 2050 2355 2112 mixtionem
2414 2049 2755 2122 rationum,
2808 2057 2877 2111 ut
2938 2057 3112 2132 patet
3168 2068 3282 2132 per
3339 2050 3480 2131 ejus

1982 2145 2307 2209 effectum.
2340 2146 2480 2209 Non
2519 2147 2693 2209 enim
2732 2147 2939 2210 solum
2982 2155 3202 2210 movet‘
3222 2147 3479 2228 angelos

1980 2245 2208 2307 harum
2248 2245 2745 2308 hierarchiarum
2790 2246 2855 2307 in
2897 2247 3098 2308 Deum
3138 2263 3252 2328 per
3290 2246 3481 2308 scibi-

1983 2343 2072 2405 les
2104 2343 2467 2406 divinorum
2498 2362 2759 2426 operum
2790 2345 3063 2407 rationes
3096 2343 3160 2407 in
3194 2345 3321 2407 Deo
3354 2363 3481 2408 ma-

1981 2442 2331 2514 nifestataS,
2365 2442 2473 2504 sed
2514 2443 2667 2505 item
2707 2443 2783 2504 ad
2819 2461 3013 2526 opera
3049 2443 3367 2507 rationum
3413 2444 3481 2506 il-

1983 2541 2185 2603 larum
2236 2548 2511 2615 causata,
2564 2540 2763 2603 instar
2812 2540 3075 2604 luminis
3124 2541 3479 2605 artificialis

1979 2645 2042 2699 et
2081 2637 2367 2720 practici.
2402 2638 2578 2711 Quod
2621 2639 2931 2720 contingit
2972 2640 3332 2722 dupliciter.
3366 2640 3479 2702 Vel

1978 2736 2150 2798 enim
2196 2736 2317 2798 hoc
2358 2736 2573 2799 lumen
2604 2755 2640 2798 a
2678 2737 2894 2800 divina
2932 2737 3342 2820 simplicitate
3373 2739 3479 2801 de-

1979 2833 2229 2907 ficiens,
2284 2843 2498 2897 manet
2547 2835 2613 2896 in
2662 2853 2776 2896 sua
2824 2836 3321 2909 universalitate,
3372 2836 3479 2899 ha-

1981 2933 2136 2995 bens
2179 2933 2480 2996 virtutem
2527 2950 2654 2994 non
2700 2933 3071 3013 limitatam3
3106 2942 3213 2996 aut
3257 2934 3478 2997 deficit

370 3033 524 3096 dum
593 3033 1008 3116 capacitatem
1074 3051 1293 3096 eorum
1357 3034 1515 3098 datoe
1570 3042 1720 3096 sunt
1778 3035 1871 3097 eis
1903 3034 1946 3096 C
1980 3032 2044 3095 in
2079 3033 2471 3114 utroque,ita
2502 3033 2669 3114 quod
2701 3031 2886 3094 habet
2921 3051 3048 3095 non
3078 3033 3286 3096 solum
3319 3052 3481 3096 com-

367 3130 571 3212 gratia
593 3138 658 3192 et
678 3131 894 3212 gloria,
912 3129 1052 3192 ideo
1079 3130 1443 3193 immediate
1474 3130 1642 3192 circa
1666 3132 1868 3193 Deum

371 3229 752 3304 consistunt,
773 3229 970 3292 veluti
1003 3230 1067 3290 in
1099 3229 1358 3291 Deitatis
1388 3229 1724 3292 vestibulis
1754 3228 1875 3293 col-

373 3327 584 3401 locati,
617 3335 690 3389 ut
738 3346 1004 3408 magnus
1051 3327 1386 3410 Dionysius
1429 3327 1732 3410 loquitur,
1759 3327 1868 3391 ubi

372 3425 699 3487 occultum
744 3424 853 3487 Dei
899 3432 1194 3488 ornatum
1246 3425 1494 3487 interna
1541 3424 1869 3487 familiari-

369 3531 496 3585 tate
553 3530 948 3585 concernunt
999 3540 1014 3584 :
1065 3531 1401 3605 propterea
1455 3523 1518 3585 in
1571 3522 1868 3585 deificam

369 3621 704 3684 scientiam
736 3621 1476 3703 provehuntur.——Unde
1509 3621 1726 3683 lumen
1757 3622 1873 3683 sci-

367 3719 602 3782 entiale
630 3719 726 3781 eis
757 3718 1217 3793 immissum,in
1249 3738 1364 3781 sua
1394 3726 1701 3801 quantum
1735 3737 1873 3802 pos-

369 3816 556 3880 sibile
605 3824 699 3880 est
749 3825 1080 3899 permanet
1129 3817 1403 3898 puritate
1450 3823 1514 3879 et
1565 3817 1872 3900 simplici-

368 3923 518 3990 tate,
569 3933 696 3978 non
755 3915 945 3977 aliam
1007 3914 1248 3978 habens
1308 3915 1617 3978 rationem
1676 3935 1868 3999 quam

367 4015 680 4077 rationem
723 4013 986 4076 luminis
1027 4013 1227 4076 divini
1269 4015 1334 4076 in
1365 4022 1674 4096 quantum
1712 4015 1870 4078 divi·

369 4131 528 4175 num
574 4129 589 4174 :
633 4113 801 4194 quod
851 4118 1023 4194 patet
1071 4131 1187 4194 per
1231 4111 1370 4193 ejus
1420 4111 1747 4175 effectum.
1780 4113 1872 4176 lta

1981 3131 2385 3213 posit-ionem,
2435 3132 2545 3193 sed
2590 3138 2653 3193 et
2703 3130 2958 3192 virtutis
3007 3151 3137 3194 suae
3193 3132 3477 3196 limitati-

1979 3248 2187 3293 onem.
2230 3229 2439 3292 Primo
2495 3230 2683 3292 modo
2741 3229 3085 3292 secundam
3147 3231 3479 3294 constituit

1978 3328 2424 3401 hierarchiam,
2486 3327 2671 3409 cujus
2733 3328 2951 3391 omnia
3007 3329 3268 3392 nomina
3328 3337 3477 3392 sunt

1978 3427 2239 3488 nomina
2279 3427 2607 3508 potestatis
2651 3424 3051 3500 universaliS,
3086 3435 3154 3489 ut
3196 3428 3478 3491 domina-

1977 3523 2088 3597 tio,
2112 3525 2337 3597 virtuS,
2359 3531 2655 3606 potestas.
2682 3525 2971 3587 Secundo
3004 3526 3192 3588 modo
3223 3527 3473 3589 tertiam

1978 3622 2329 3696 constituit,
2380 3621 2565 3702 cujus
2621 3621 2874 3685 ordines
2931 3631 3307 3706 potestatem
3368 3625 3475 3686 ha-

1979 3721 2130 3783 bent·
2175 3721 2507 3783 limitatam
2553 3720 2652 3783 vel
2697 3721 2775 3783 ad
2824 3740 3016 3784 unam
3056 3729 3332 3804 gentem,
3365 3731 3475 3786 aut

1976 3820 2054 3882 ad
2106 3819 2383 3901 aliquem
2435 3819 2693 3881 modum
2742 3819 2969 3894 officii,
3003 3839 3115 3882 seu
3158 3822 3235 3883 ad
3281 3842 3473 3885 unam

1981 3935 2335 4000 personam.
2358 3953 2439 3962 -
2461 3917 2910 3981 Verumtamen
2946 3919 3009 3980 in
3039 3919 3343 3982 omnibus
3373 3921 3473 3983 his

1977 4015 2194 4077 lumen
2227 4014 2515 4077 divinum
2562 4022 2775 4077 manet
2806 4033 2933 4078 non
2966 4016 3419 4080 obumbratum
3454 4036 3468 4082 τ

1977 4113 2127 4194 quia
2177 4112 2503 4193 angelicus
2553 4110 2935 4188 intellectuS‚
2987 4121 3205 4196 utpote
3252 4134 3288 4177 a
3337 4133 3473 4179 cor-

368 4211 545 4274 enim
595 4209 960 4273 manifestat
1001 4209 1208 4273 tribus
1257 4211 1483 4292 primis
1531 4210 1659 4273 illis
1704 4211 1868 4274 ordi·
1897 4210 1947 4274 D
1977 4228 2130 4292 pore
2169 4218 2517 4292 separatuS,
2559 4218 2655 4273 est
2692 4211 2841 4273 huic
2886 4211 3115 4275 lumini
3158 4215 3472 4296 proporti-

368 4309 563 4372 nibus
613 4309 946 4371 scientiam
991 4308 1105 4370 Dei
1154 4309 1231 4370 de
1277 4308 1489 4383 rebuS‚
1523 4310 1693 4392 quod
1741 4327 1868 4372 non

369 4415 586 4471 movet
629 4424 736 4470 eos
779 4406 857 4470 ad
900 4406 1116 4488 aliqua
1157 4424 1368 4488 opera,
1403 4406 1527 4468 nisi
1573 4426 1712 4488 quae
1755 4408 1870 4469 im-

371 4505 646 4568 mediate
691 4511 840 4568 sunt
887 4504 1059 4567 circa
1103 4505 1321 4567 Deum.
1359 4504 1870 4568 substantialiter

366 4603 546 4667 enim
573 4603 667 4666 eis
698 4603 1000 4666 donatum
1044 4611 1140 4666 est
1177 4603 1372 4665 etiam
1411 4621 1602 4685 super
1631 4623 1744 4667 seu
1775 4603 1870 4666 ul-

369 4709 466 4766 tra
509 4701 686 4764 illam
728 4701 1221 4764 similitudinem
1266 4720 1458 4784 quam
1507 4701 1743 4765 habent
1791 4722 1870 4767 ex

373 4800 616 4864 lumine
652 4799 870 4882 gratiae
907 4807 970 4862 et
1012 4799 1246 4881 gloriae.
1282 4800 1614 4881 Quumque
1658 4801 1869 4865 simile

375 4906 702 4962 moveatur
748 4898 825 4961 ad
879 4897 943 4958 id
1001 4897 1106 4959 cui
1156 4903 1253 4960 est
1303 4897 1534 4972 simile,
1589 4898 1728 4961 ideo
1779 4899 1872 4961 lu-

378 4997 468 5059 cis
511 4997 702 5079 hujus
746 4996 1084 5058 dulcedine
1129 5015 1382 5078 semper
1425 5005 1761 5060 moventur
1803 4999 1870 5060 in

377 5093 576 5157 Deum
607 5095 807 5176 magis
837 5114 1030 5178 quam
1061 5094 1306 5157 faciunt
1336 5115 1411 5158 ex
1442 5096 1574 5158 sola
1603 5096 1870 5158 delecta-

377 5192 548 5256 tione
595 5212 759 5258 verae
805 5213 878 5256 ac
926 5193 1361 5256 substantialis
1410 5193 1753 5256 felicitatis.
1794 5194 1870 5256 Et

377 5292 528 5375 quia
583 5311 698 5374 per
743 5293 960 5356 lumen
1017 5293 1140 5356 hoc
1198 5291 1676 5356 conformantur
1731 5291 1870 5375 pul-

1977 4317 2221 4371 onatuS.
2276 4309 2341 4372 Si
2393 4327 2545 4371 vero
2597 4309 2717 4372 hoc
2770 4309 2993 4390 ‚lumen
3050 4311 3134 4373 sit
3192 4311 3471 4375 velatum

1976 4415 2041 4470 et
2091 4407 2543 4471 obumbratum
2608 4408 2868 4490 speculo
2924 4409 3325 4473 sensibilium
3388 4412 3470 4476 fi-

1974 4525 2277 4588 gurarum
2322 4506 2387 4568 in
2435 4507 2848 4570 sacramentis
2894 4515 3083 4591 atque
3132 4509 3362 4591 figuris
3409 4518 3473 4574 et

1977 4603 2311 4686 aenigmate
2365 4605 2777 4688 mysticarum
2834 4625 2908 4670 ac
2961 4607 3469 4689 parabolicarum

1979 4701 2396 4778 locutionum,
2448 4703 2539 4766 s'ic
2590 4704 2918 4767 constituit
2972 4704 3469 4772 ecclesiasticam

1979 4791 2426 4876 hierarchiam,
2458 4807 2529 4863 ut
2566 4802 2777 4884 primo
2812 4802 3269 4869 Ecclesiasticae
3302 4806 3470 4869 hier-

1979 4899 2211 4964 archiae
2255 4900 2532 4983 capitulo
2570 4919 2748 4963 sacer
2786 4901 3121 4984 Dionysius
3162 4913 3470 4968 contesta-

1978 5007 2100 5060 tur.
2135 4999 2291 5061 Nam
2338 5005 2408 5060 ut
2452 4998 2621 5060 idem
2659 5000 2867 5080 primo
2909 5000 3195 5064 Coelestis
3232 5002 3468 5067 hierar-

1980 5097 2136 5160 chiae
2186 5097 2465 5177 capitulo
2509 5097 2808 5178 loquitur,
2851 5115 2978 5160 non
3026 5107 3122 5162 est
3163 5101 3468 5182 possibile

1976 5195 2160 5257 aliter
2209 5194 2395 5257 nobis
2442 5195 2689 5258 radium
2736 5195 2946 5258 lucere
2995 5197 3308 5272 divinum,
3343 5199 3467 5263 nisi

1975 5292 2281 5356 varietate
2332 5311 2655 5355 sacrorum
2696 5293 3088 5358 velaminum
3128 5298 3466 5380 anagogice
