4334 6242
636 871 679 912 p.
703 860 753 899 37
765 857 814 899 A.

634 1466 676 1510 p.
702 1458 754 1498 9⁰
767 1456 816 1499 Α.

635 2156 677 2196 p.
706 2145 755 2185 ³7
768 2143 816 2187 Α.

885 460 966 526 92
1580 480 1646 529 ΙΝ
1687 484 1909 531 mmm!
1950 484 1995 529 11
2035 481 2519 529 SENTENTIARUH.
2563 501 2644 511 --
2685 483 2838 529 msT.
2887 482 2947 544 13
2989 483 3212 539 QUAEST.
3259 482 3298 529 V

894 651 1236 714 tentionem
1266 651 1539 715 Platonis
1570 652 1735 714 Deus
1765 652 2073 714 dicendus
2104 652 2184 714 sit
2217 669 2388 713 mun·
2414 648 2465 711 A
2494 651 2679 713 annis
2720 652 2863 714 fieri
2905 653 3084 715 dixit.
3121 653 3434 735 Epicurus
3474 672 3624 716 vero
3663 662 3727 716 et
3771 655 4002 716 Demo-

889 750 955 812 di
998 758 1259 813 creator.

968 850 1060 912 Ad
1106 850 1275 932 quod
1317 851 1655 931 respondet
1692 849 1982 930 Magister
2022 850 2192 931 quod
2235 867 2382 921 non,

890 948 1001 1010 sed
1043 947 1254 1029 potius
1296 948 1511 1030 opifex
1554 956 1617 1010 et
1657 948 1885 1011 artifex
1930 948 2149 1011 mundi
2187 966 2202 1009 :
2238 966 2388 1029 quo-

892 1046 1065 1107 niam
1124 1063 1251 1108 non
1316 1065 1391 1109 ex
1452 1046 1653 1109 nihilo
1712 1048 1822 1108 sed
1884 1065 1960 1108 ex
2020 1046 2386 1128 praejacenti

890 1144 1155 1206 materia
1201 1143 1353 1207 fecit
1404 1146 1734 1207 mundum.
1780 1146 1949 1207 Idem
2000 1144 2156 1207 dicit
2205 1143 2389 1224 Magi—

886 1250 1015 1303 ster
1047 1242 1110 1304 in
1142 1243 1447 1316 historiiS,
1482 1251 1544 1305 et
1572 1243 1890 1315 Albertus‚
1922 1262 1995 1304 ac
2030 1243 2137 1305 alii
2177 1242 2381 1304 multi.

968 1341 1157 1403 Porro
1204 1341 1531 1403 Udalricus
1592 1342 1657 1403 in
1716 1343 1977 1403 Summa
2035 1360 2169 1415 sua,
2223 1340 2387 1402 libro

889 1446 1135 1521 quarto,
1170 1439 1336 1501 sicut
1362 1440 1493 1521 jam
1535 1440 1761 1522 patuit,
1794 1447 2184 1502 contestatur
2215 1439 2383 1521 quod

890 1538 1244 1599 secundum
1306 1538 1623 1600 Platonem
1696 1538 1961 1600 materia
2028 1555 2283 1619 quoque
2349 1555 2386 1597 a

888 1654 1141 1698 summo
1170 1637 1335 1699 bono
1367 1644 1575 1698 creata
1603 1646 1717 1698 est.
1754 1637 1829 1699 Et
1860 1638 2067 1718 quoad
2104 1636 2244 1709 hoc,
2280 1654 2386 1717 po-

886 1741 1009 1795 test
1062 1735 1228 1797 Deus
1278 1736 1590 1797 veraciter
1644 1735 1771 1797 dici
1832 1744 2075 1797 creator
2133 1733 2381 1807 mundi,

2496 750 2693 812 critus
2725 750 3024 813 dixerunt
3052 753 3172 814 hoc
3204 752 3348 815 fieri
3381 750 3445 814 in
3478 752 3704 833 viginti
3749 759 4002 833 septem

2497 848 2783 910 millibus
2821 849 3025 911 anniS.
3068 849 3144 910 Et
3183 857 3526 930 utrumque
3567 849 3707 912 sine
3753 850 4004 912 ratione

2495 954 2590 1007 est
2636 947 2899 1008 dictum.
2937 947 3309 1010 Ptolemaeus
3357 967 3631 1029 namque
3678 948 3745 1009 in
3793 948 4008 1009 Alma-

2494 1045 2651 1125 gesti
2686 1046 3163 1120 demonstravit,
3192 1046 3362 1127 quod
3396 1045 3595 1109 stellae
3624 1046 3776 1109 fixae
3807 1064 4008 1127 super

2499 1142 2677 1225 polos
2717 1143 2890 1205 orbis
2935 1143 3285 1223 signorum,
3318 1144 3428 1226 qui
3472 1150 3564 1205 est
3607 1151 3823 1206 motus
3858 1148 4008 1220 pla-

2497 1262 2632 1312 nes,
2667 1242 2730 1304 id
2768 1249 2864 1303 est
2903 1242 3047 1305 coeli
3089 1243 3343 1317 stellati,
3384 1261 3512 1306 non
3555 1250 3902 1305 moventur
3943 1244 4005 1305 in

2496 1348 2754 1402 centum
2786 1340 2969 1403 annis
2999 1341 3123 1403 nisi
3153 1342 3351 1422 gradu
3385 1359 3533 1415 uno,
3565 1348 3630 1403 et
3671 1342 3736 1403 in
3767 1342 4004 1404 eodem

2496 1439 2801 1519 temporis
2845 1439 3050 1520 spatio
3095 1447 3431 1501 moventur
3473 1460 3669 1517 auqes
3712 1439 4007 1521 planeta-

2495 1556 2637 1598 rum
2683 1554 2699 1598 :
2741 1545 2804 1599 et
2853 1537 2995 1612 hoc,
3043 1539 3396 1599 secundum
3445 1525 3830 1601 divisionem
3887 1537 4009 1599 cir-

2495 1635 2622 1696 culi
2685 1635 2747 1696 in
2808 1642 3122 1698 trecentos
3180 1636 3503 1717 sexaginta
3557 1637 3813 1715 graduS,
3875 1654 4007 1698 non

2495 1733 2855 1815 completur
2883 1734 3005 1819 nisi
3039 1734 3103 1795 in
3136 1734 3395 1815 triginta
3425 1753 3534 1797 sex
3570 1734 3868 1796 millibus
3897 1754 4008 1796 au-

888 1830 1184 1895 videlicet
1248 1834 1454 1915 quoad
1517 1834 1993 1915 primordialem
2057 1832 2381 1895 universo·
2420 1830 2466 1893 B
2495 1832 2618 1905 nis,
2653 1832 2717 1894 in
2759 1832 2993 1914 quibus
3032 1834 3387 1895 secundum
3425 1852 3640 1895 veram
3682 1833 4007 1896 rationem

888 1950 1030 1992 rum
1081 1938 1269 2013 atque
1318 1932 1520 2015 ipsius
1572 1932 1849 1995 materia)
1900 1930 2382 2013 productionem

888 2050 965 2091 ex
1014 2030 1236 2104 nihilo,
1276 2030 1442 2093 sicut
1488 2039 1814 2094 ostensum
1861 2038 1975 2093 e-st.
2011 2066 2092 2075 --
2120 2030 2384 2092 Videtur

887 2136 1100 2191 autem
1148 2130 1206 2192 S.
1255 2129 1626 2192 Ambrosius
1678 2130 2057 2211 positionem
2107 2128 2382 2192 Platonis

889 2227 1381 2309 superficialiter
1408 2236 1470 2289 et
1502 2229 1825 2291 recitative
1857 2229 2176 2303 inducere,
2197 2234 2383 2309 prout

890 2345 1005 2390 suo
1065 2334 1348 2408 tempore
1398 2326 1607 2389 forsan
1669 2328 2095 2388 communiter
2144 2326 2384 2388 fereba-

886 2432 991 2486 tur
1008 2442 1025 2505 3
1070 2424 1288 2507 sicque
1334 2424 1519 2487 multi
1564 2426 1765 2488 secuti
1809 2434 1957 2487 sunt
1998 2444 2167 2487 eum.

966 2620 1269 2682 Praeterea
1316 2619 1641 2702 quaeritur‚
1676 2621 1770 2683 An
1814 2640 2037 2682 verum
2083 2621 2165 2682 sit
2213 2622 2383 2702 quod

889 2719 955 2781 in
998 2719 1428 2781 Hexaemeron
1466 2718 1558 2798 (id
1602 2726 1695 2781 est
1737 2718 1801 2780 in
1846 2718 2010 2781 libro
2054 2720 2131 2780 de
2177 2718 2381 2801 operi-

890 2818 1008 2879 bus
1048 2837 1157 2879 sex
1197 2818 1477 2899 dierum)
1504 2818 1592 2880 ait
1619 2818 2013 2888 Ambrosius,
2048 2818 2219 2899 quod
2254 2818 2382 2880 Pla-

888 2924 950 2978 to
988 2915 1148 2978 dixit
1189 2917 1501 2979 mundum
1544 2934 1669 2978 non
1714 2934 1966 2999 semper
2003 2916 2224 2990 fuisse,
2272 2916 2382 2978 sed

887 3035 1140 3098 semper
1182 3015 1335 3079 fore.
1895 3038 1905 3047 ·

967 3116 1060 3177 Ad
1110 3116 1279 3197 quod
1331 3116 1667 3197 respondet
1716 3115 2011 3177 Albertus
2046 3132 2060 3177 :
2097 3115 2383 3178 Socrates

886 3222 949 3276 et
986 3212 1157 3276 Plato
1199 3214 1497 3277 dixerunt
1540 3214 1849 3275 mundum
1893 3213 2088 3274 istum
2132 3212 2388 3273 inferio-

890 3332 1047 3385 rem,
1100 3312 1398 3375 videlicet
1443 3312 1905 3393 generabilium
1957 3310 2386 3392 corruptibili-

890 3431 1129 3493 umque
1187 3410 1691 3484 universitatem,
1744 3429 1910 3492 saepe
1970 3410 2252 3491 incipere
2311 3427 2384 3470 ac

888 3510 1257 3591 frequenter
1297 3509 1606 3571 desinere.
1641 3510 1839 3582 Quam
1883 3508 2252 3589 opinionem
2294 3526 2386 3569 re-

889 3609 1013 3671 fert
1059 3608 1397 3689 Gregorius
1444 3607 1763 3689 Nyssenus
1814 3608 1879 3669 in
1930 3607 2093 3669 libro
2143 3625 2258 3669 suo
2307 3606 2384 3667 de

889 3706 1176 3769 Homine.
1213 3705 1516 3768 Dicebant
1555 3706 1795 3787 quippe
1839 3705 2151 3768 circulum
2203 3704 2387 3767 coele-

888 3814 1050 3867 stem
1092 3822 1207 3866 suo
1248 3811 1419 3866 motu
1462 3823 1601 3866 esse
1642 3823 1897 3865 causam
1934 3803 2220 3866 omnium
2257 3820 2385 3864 mo-

889 3912 1070 3965 tuum
1114 3902 1507 3965 inferiorum.
1545 3903 1817 3984 Ideoque
1859 3901 2386 3983 quotiescumque

888 4011 1155 4084 uterque
1204 4001 1483 4063 circulus
1533 4000 1830 4073 coelestiS,
1864 4000 2162 4062 videlicet
2213 4004 2389 4075 apla-

889 4123 1001 4163 nes
1030 4108 1091 4163 et
1116 4105 1369 4177 planes,
1405 4100 1466 4161 id
1498 4107 1591 4161 est
1624 4100 1869 4181 sphaera
1901 4116 2067 4161 nona
2097 4108 2159 4160 et
2190 4097 2389 4179 sphae-

2494 1930 2977 1993 astronomicam
3040 1931 3396 2014 completur
3446 1950 3710 2011 magnus
3760 1950 4002 1993 annus.

2493 2029 2622 2092 Nec
2653 2036 2865 2092 tamen
2899 2030 3236 2111 probatum
3269 2038 3383 2104 est,
3417 2031 3586 2111 quod
3629 2031 3692 2091 in
3725 2037 3862 2093 tota
3895 2030 4008 2092 illa

2495 2127 2890 2190 revolutione
2947 2128 3254 2209 imagines
3305 2135 3700 2191 revertantur
3748 2129 3818 2190 in
3873 2148 4009 2191 eas-

2496 2227 2640 2287 dem
2682 2227 2942 2306 figuras,
2977 2246 3094 2289 nec
3132 2228 3302 2308 quod
3343 2234 3668 2309 respectus
3713 2228 4008 2310 planeta-

2497 2344 2640 2386 rum
2681 2344 2792 2387 seu
2835 2326 3213 2388 radiationes
3249 2344 3472 2389 eorum
3503 2327 3580 2388 ad
3621 2326 3866 2407 figuras
3911 2348 4009 2389 re-

2495 2431 2817 2486 vertantur
2845 2425 3114 2487 easdem.
3132 2424 3530 2487 Radiationes
3561 2444 3835 2507 namque
3869 2434 4006 2489 tam

2496 2521 2823 2585 stellarum
2854 2523 3129 2585 fixarum
3161 2542 3352 2605 quam
3385 2524 3807 2604 planetarum,
3827 2524 4008 2588 fiunt

2497 2622 2850 2683 secundum
2889 2622 3384 2703 descriptionem
3425 2621 3747 2704 polygonii
3781 2622 3849 2684 in
3883 2625 4009 2686 cir-

2498 2719 2659 2781 culo.
2697 2720 2932 2801 Estque
2972 2721 3472 2782 demonstratum
3516 2720 3580 2782 in
3611 2720 4004 2797 Geometria‚

2500 2817 2664 2880 libro
2713 2826 2960 2900 quarto,
2992 2819 3162 2899 quod
3214 2818 3267 2880 si.
3317 2818 3640 2901 polygonii
3689 2820 4006 2904 descripti

2499 2916 2563 2978 in
2596 2916 2838 2979 circulo
2866 2918 3084 2998 anguli
3117 2918 3181 2978 in
3213 2916 3544 2980 infinitum
3575 2918 4010 3000 multiplicen-

2423 3018 2466 3081 C
2497 3021 2621 3087 tur,
2656 3014 3068 3097 polygonium
3110 3014 3266 3077 illud
3307 3034 3427 3078 nec
3464 3016 3541 3077 ad
3571 3017 4005 3097 quantitatem

2497 3130 2614 3174 nec
2655 3114 2734 3174 ad
2785 3113 3008 3175 circuli
3059 3112 3336 3193 figuram
3385 3114 3696 3177 deveniet.
3735 3114 4006 3179 Certum

2495 3218 2591 3273 est
2639 3218 2874 3284 autem,
2917 3212 3088 3293 quod
3138 3211 3346 3293 figura
3397 3212 3821 3275 radiationum
3877 3234 4010 3278 coe-

2499 3310 2672 3371 lestis
2726 3310 2950 3371 circuli
3011 3318 3218 3373 movet
3276 3308 3643 3373 inferiorem
3701 3320 4005 3376 naturam

2496 3409 2573 3469 ad
2631 3407 3103 3488 generationem
3160 3416 3221 3469 et
3276 3408 3750 3491 corruptionem
3805 3428 3820 3471 :
3877 3412 4005 3474 sic—

2497 3525 2621 3589 que
2651 3507 2930 3569 secunda
2960 3507 3290 3569 circulatio
3322 3525 3448 3569 non
3479 3508 3601 3570 erit
3637 3509 3888 3583 eadem,
3925 3530 4006 3573 eo

2499 3605 2686 3667 modo
2735 3606 2802 3666 s'e
2845 3604 3086 3667 habens
3131 3624 3279 3667 cum
3324 3606 3548 3688 prima.
3599 3606 3760 3669 Hinc
3817 3609 4008 3672 radix

2497 3702 2831 3785 positionis
2882 3703 3054 3765 illius
3105 3712 3200 3766 est
3253 3704 3412 3766 falsa
3458 3720 3472 3765 ε
3522 3712 3780 3787 propter
3825 3709 4007 3788 quod

2496 3810 2700 3865 totum
2743 3803 2913 3884 quod
2955 3802 3014 3865 ei
3061 3802 3357 3865 innititur
3398 3820 3735 3865 erroneum
3779 3813 3901 3867 est.

2575 3901 2900 3975 Praeterea,
2943 3901 3310 3964 Aristoteles
3355 3902 3634 3963 secundo
3678 3902 3755 3963 de
3797 3902 4010 3966 Gene-

2498 4000 2738 4061 ratione
2771 3999 3084 4080 probavit,
3104 4000 3274 4081 quod
3306 4018 3726 4081 quaecumque
3758 4000 4011 4063 habent

2443 4097 2918 4160 ,substantiam
2987 4098 3473 4179 corruptibilem
3542 4105 3800 4168 motam,
3869 4118 4010 4163 non

889 4221 956 4263 ra
1003 4200 1249 4262 stellata
1296 4218 1407 4261 seu
1459 4206 1700 4271 octava,
1756 4198 1820 4260 in
1871 4198 2161 4259 eamdem
2225 4195 2384 4257 redit
2418 4200 2466 4262 D
2499 4196 2877 4258 reiterantur
2925 4196 3143 4258 eadem
3195 4214 3480 4258 numero.
3522 4195 3776 4258 Constat
3821 4214 4006 4271 vem,

887 4298 1163 4379 figuram
1196 4297 1543 4377 imaginum
1578 4304 1640 4357 et
1670 4296 2003 4378 positionis
2034 4294 2384 4367 stellarum,

890 4396 1118 4477 incipit
1162 4412 1365 4457 novus
1419 4395 1717 4467 munduS‚
1771 4394 1879 4475 qui
1930 4394 2145 4455 omnia
2194 4392 2386 4454 etiam

890 4512 1158 4557 numero
1205 4493 1425 4555 eadem
1476 4511 1623 4554 cum
1677 4491 2057 4573 praecedenti
2106 4491 2385 4553 continet

890 4593 1131 4655 mundo
1178 4610 1193 4654 z
1242 4591 1328 4653 ita
1376 4592 1544 4674 quod
1596 4591 1663 4652 in
1714 4591 1952 4652 mundo
2002 4607 2167 4651 novo
2219 4589 2386 4650 idem

889 4693 1175 4756 Socrates
1208 4691 1504 4771 idemque
1534 4690 1707 4752 Plato
1737 4689 2057 4761 redibunt,
2092 4707 2238 4750 cum
2273 4688 2390 4749 eis-

890 4794 1036 4855 dem
1067 4791 1258 4853 sociis
1296 4798 1485 4870 atque
1527 4787 1859 4869 discipulis
1894 4788 2112 4849 eadem
2157 4794 2392 4867 pertra-

894 4898 1135 4953 ctantes
1174 4908 1316 4970 quae.
1356 4888 1508 4949 olim
1550 4886 1615 4948 in
1657 4885 1853 4967 priori
1894 4886 2125 4947 saeculo
2169 4891 2392 4946 tracta-

892 4986 1457 5068 verunt,quoniam
1488 4985 1709 5047 eadem
1742 5003 1931 5047 eausa
1958 4985 2178 5047 eodem
2211 4983 2394 5045 modo

898 5106 965 5149 se
998 5085 1261 5159 habenS,
1297 5084 1447 5145 facit
1490 5083 1676 5145 idem.
1711 5120 1792 5129 —
1822 5083 2019 5157 Quam
2056 5081 2396 5145 revolutio-

897 5203 1045 5247 nem
1078 5181 1439 5247 Chaleidius
1472 5181 1537 5243 in
1569 5188 1933 5243 commento
1972 5199 2166 5262 super
2203 5180 2399 5242 Plato-

904 5301 1075 5355 nem,
1129 5280 1195 5343 in
1246 5279 1639 5362 quibuslibet
1687 5279 2055 5360 quindecim
2110 5278 2398 5340 millibus

2497 4295 2667 4376 quod
2725 4294 2946 4376 primm
3006 4293 3442 4356 circulationis
3505 4294 3837 4357 individua
3895 4296 4011 4358 ha-

2500 4392 2775 4455 buerunt
2833 4392 3316 4474 corruptibilem
3377 4391 3796 4455 substantiam
3859 4412 4009 4457 mo-

2499 4500 2627 4553 tam
2663 4509 2676 4553 :
2711 4491 2948 4554 idcirco
2981 4508 3107 4552 non
3139 4491 3407 4553 redeunt
3445 4490 3667 4552 eadem
3703 4510 4006 4565 numero,

2498 4608 2617 4652 nec
2657 4589 2891 4652 redibit
2931 4588 3099 4651 idem
3139 4589 3426 4651 Socrates
3467 4588 3764 4670 idemque
3799 4589 4005 4665 Plato,

2500 4708 2645 4749 cum
2695 4687 2936 4749 eisdem
2982 4687 3206 4749 amicis
3249 4687 3470 4749 eadem
3515 4694 4004 4768 pertractantes,

2499 4787 2790 4848 Attamen
2824 4786 3108 4847 Socrates
3148 4792 3212 4846 et
3241 4784 3414 4847 Plato
3444 4784 3532 4846 ita
3569 4784 3888 4846 dixerunt.
3927 4786 4012 4847 Et

2501 4886 2818 4957 dixerunt,
2851 4885 3021 4965 quod
3069 4884 3182 4957 dii,
3223 4902 3496 4965 quorum
3548 4883 3694 4947 vitae
3743 4890 4010 4966 tempus

2502 4984 2762 5063 longum
2811 4989 2929 5056 est,
2981 4982 3046 5043 in
3100 5001 3228 5043 una
3283 4980 3694 5044 circulatione
3743 4981 4012 5046 discunt

2503 5081 2658 5164 quid
2711 5081 2776 5142 in
2821 5081 3099 5143 secunda
3141 5080 3486 5161 praedice-re
3535 5080 3787 5142 debent.
3820 5080 4013 5145 Dixe-

2505 5185 2653 5240 runt
2693 5195 2969 5259 quoque,
3003 5177 3172 5258 quod
3215 5176 3490 5238 mundus
3534 5175 3753 5237 talium
3795 5177 4010 5240 circu-

2507 5276 2816 5339 lationum
2863 5274 3264 5337 successione
3309 5274 3376 5335 in
3422 5274 3677 5338 infinito
3714 5283 4012 5359 tempore
