4334 6242
1151 505 1426 553 nmmum
1469 502 1932 549 DISTINCTIONUM
1975 504 2132 551 LIBRI
2174 505 2217 550 n
2261 505 2722 552 SENTENTIARUM
2886 552 2901 564 ,
3413 481 3485 548 ¹¹

389 673 570 731 ruisse
599 674 710 730 hoc
737 677 915 732 modo
951 676 1360 749 accipiendum
1389 679 1491 740 est,
1524 675 1690 748 quasi
1725 675 1887 731 omni
1916 675 1967 738 Α
1997 685 2277 748 Tempora
2307 699 2417 749 quo
2448 685 2616 736 certis
2646 686 2797 736 Deus
2831 685 3183 737 intercideret
3212 684 3383 745 horis,

387 763 582 820 forma
614 764 884 828 caruerit,
915 766 1016 821 sed
1045 764 1185 837 quia
1212 764 1513 821 confusam
1545 765 1749 821 habuit
1777 763 1888 820 for·

391 870 575 917 mam,
608 857 805 925 postea
846 855 1343 927 distinguendam.
1378 856 1510 911 Erat
1553 858 1748 912 autem
1790 854 1889 910 illa

389 943 644 998 materia
679 943 778 1000 ubi
819 947 996 1000 modo
1033 946 1290 1001 mundus
1327 948 1431 1008 est,
1463 948 1520 1000 et
1547 946 1892 1001 extendeba-

385 1037 486 1090 tur
527 1032 686 1089 ultra
728 1034 921 1090 locum
963 1034 1338 1098 firmamenti,
1370 1033 1611 1091 inferius
1650 1032 1888 1106 quidem

389 1121 666 1193 grossior,
707 1139 884 1194 supra
925 1126 1118 1179 autem
1159 1123 1390 1180 rarior:
1428 1125 1583 1179 unde
1621 1126 1676 1179 et
1724 1138 1892 1194 aquoe

389 1210 508 1268 illae
535 1211 706 1268 factae
732 1215 886 1275 sunt,
918 1229 1050 1284 quae
1080 1229 1257 1285 supra
1294 1212 1730 1268 firmamentum
1766 1227 1890 1267 esse

390 1299 690 1356 dicuntur.
722 1300 816 1356 Sic
851 1316 990 1372 ergo
1028 1301 1178 1356 Deus
1215 1317 1314 1357 sex
1347 1299 1551 1357 diebus
1581 1299 1887 1356 materiam

389 1391 650 1444 creatam
700 1388 983 1452 distinxit,
1023 1393 1080 1444 et
1125 1405 1298 1460 opere
1344 1387 1595 1460 perfecto
1641 1388 1890 1460 septima

390 1477 486 1533 die
527 1476 762 1548 quievit.
794 1477 1014 1534 scilicet
1045 1495 1078 1533 a
1114 1476 1379 1534 facienda
1419 1495 1568 1534 nova
1603 1481 1884 1534 creatura.

389 1565 586 1620 Nihilo
617 1566 813 1622 minus
851 1570 1046 1622 tamen
1079 1571 1136 1622 et
1173 1584 1357 1639 usque
1395 1568 1569 1622 modo
1597 1570 1885 1637 operatur.

389 1656 518 1710 Non
548 1654 708 1710 enim
743 1654 936 1712 solum
975 1655 1175 1711 omnia
1213 1655 1272 1711 in
1303 1657 1488 1712 Verbo
1528 1655 1888 1728 disponendo

389 1747 446 1800 et
473 1745 878 1816 temporaliter
914 1748 1166 1801 creando
1199 1762 1266 1800 ac
1305 1745 1719 1818 distinguendo
1757 1762 1888 1816 ope-

387 1837 554 1890 ratus
599 1838 703 1898 est,
752 1836 854 1891 sed
901 1839 958 1891 et
1001 1834 1118 1890 alia
1161 1851 1232 1891 ex
1280 1834 1411 1890 aliis
1459 1836 1830 1906 producendo
1872 1852 1885 1890 :

388 1924 551 1994 quod
589 1922 865 1979 ultimum
910 1940 1092 1994 usque
1133 1925 1308 1979 modo
1347 1922 1499 1979 facit.

387 2038 644 2088 Primum
678 2038 939 2088 materies
969 2038 1076 2088 sub
1109 2038 1269 2088 inerti
1300 2039 1542 2102 pondere
1572 2053 1755 2089 rerum

454 2109 714 2170 Condita,
743 2125 844 2175 per
873 2123 1043 2161 senos
1074 2115 1162 2160 est
1194 2113 1462 2162 renovata
1496 2111 1633 2161 dies.

834 2323 1258 2387 DISTINCTIO
1302 2323 1454 2385 XIII.

431 2448 644 2512 Prima
672 2457 886 2510 autem
918 2447 1348 2511 distinctionis
1387 2446 1690 2529 operatio,
1723 2454 1842 2509 etc.

459 2639 507 2693 N
555 2653 731 2708 opere
779 2635 1170 2692 distinctionis
1215 2636 1366 2692 Deus
1411 2635 1600 2707 primo
1643 2652 1890 2708 congru-

487 2729 654 2782 enter
689 2725 824 2781 fecit
863 2724 1074 2790 lucem,
1106 2741 1237 2796 quae
1275 2725 1392 2780 alia
1434 2724 1604 2780 habet
1645 2722 1889 2780 manife-

383 2818 560 2871 stare.
594 2817 736 2880 Quae
775 2814 1013 2886 quidem
1055 2815 1154 2870 lux
1194 2817 1251 2870 et
1287 2812 1606 2886 spiritualis
1643 2813 1888 2885 intelligi

388 2907 594 2976 potest,
643 2903 866 2960 scilicet
910 2903 1174 2976 angelica
1221 2907 1448 2963 natura.
1499 2905 1890 2974 praecedenter

2060 756 2197 806 Mox
2226 770 2261 806 a
2290 756 2414 806 luce
2445 769 2612 808 suum
2644 757 2827 809 nobile
2860 758 3031 822 coepit
3058 770 3219 824 opus.

2434 989 2858 1052 DISTINCTIO
2901 990 3051 1052 xlv.

2312 1113 2481 1175 Dixit
2524 1132 2777 1196 quoque
2821 1115 3008 1187 DeuS,
3056 1121 3176 1176 etc.

2112 1301 2389 1356 ECUNDA
2412 1301 2503 1357 die
2524 1301 2674 1357 Deus
2702 1300 2835 1356 fecit
2862 1301 3318 1366 firmamentum,
3338 1303 3494 1373 quod

2143 1391 2467 1447 secundum
2524 1391 2761 1453 Bedam‚
2820 1390 3033 1447 dicitur
3077 1390 3287 1448 coelum
3342 1389 3493 1446 side-

2001 1495 2187 1535 reum.
2209 1481 2373 1544 Quod
2404 1478 2641 1551 quidem
2672 1482 2996 1536 secundum
3028 1480 3371 1551 Scripturas,
3392 1481 3493 1536 ha-

2002 1568 2097 1623 bet
2124 1584 2305 1640 aquas
2344 1585 2519 1639 supra
2557 1570 2614 1624 et
2651 1569 2855 1624 subtus
2893 1585 2953 1625 se
2986 1587 2998 1624 :
3032 1570 3187 1640 quod
3226 1569 3497 1641 qualiter-

2002 1673 2255 1728 cumque
2310 1656 2425 1720 fiat‚
2477 1657 2689 1712 divinae
2731 1660 2929 1713 tamen
2974 1657 3173 1714 virtuti
3222 1657 3494 1729 possibile

2003 1760 2118 1799 non
2151 1745 2468 1802 dubitatur.
2502 1747 2596 1801 Est
2629 1751 2824 1802 autem
2866 1747 3307 1803 firmamentum
3337 1764 3370 1802 a
3400 1747 3495 1802 fir-

1926 1830 1972 1892 B
2003 1833 2203 1890 mitate
2244 1834 2485 1898 dictum,
2518 1835 2635 1890 sive
2676 1839 2991 1899 moveatur,
3023 1836 3139 1891 sive
3178 1852 3314 1892 non.
3344 1837 3493 1891 Nam

2001 1922 2230 1978 etiamsi
2274 1926 2590 1987 moveatur,
2623 1926 2946 1981 secundum
2986 1923 3371 1980 substantiam
3410 1929 3496 1980 ta-

2001 2028 2134 2068 men
2167 2017 2255 2070 est
2291 2013 2550 2070 firmum.
2584 2015 2748 2080 Quod
2788 2013 2835 2068 si
2866 2029 2982 2069 non
3018 2017 3335 2078 moveatur,
3367 2031 3497 2087 pos·-

1999 2101 2165 2158 sibile
2192 2105 2392 2158 tamen
2433 2106 2520 2158 est
2556 2103 2747 2159 sidera
2787 2102 2846 2158 in
2888 2103 3012 2175 ipso
3052 2103 3289 2160 moveri.
3319 2103 3497 2160 Extra

1999 2193 2226 2247 textum
2255 2194 2451 2246 tamen
2491 2191 2805 2249 dicendum
2846 2194 2949 2256 est,
2982 2192 3171 2264 ipsum
3209 2209 3330 2250 una
3356 2209 3491 2249 eum

1999 2279 2288 2336 sideribus
2321 2280 2448 2336 lixis
2476 2281 2694 2338 moveri
2714 2299 2729 2348 3
2757 2282 3019 2352 planetas
3046 2285 3262 2346 autem,
3294 2282 3494 2356 singu-

2000 2369 2086 2424 los
2113 2387 2251 2426 suos
2281 2370 2491 2427 habere
2519 2372 2685 2427 orbes
2714 2388 2847 2428 cum
2879 2371 3090 2443 quibus
3130 2377 3488 2429 moveantur.

2001 2458 2102 2514 Die
2121 2475 2256 2516 vero
2285 2459 2454 2515 tertia
2480 2460 2632 2516 Deus
2661 2477 2841 2532 aquas
2870 2477 3002 2531 quae
3030 2462 3137 2517 sub
3164 2460 3305 2517 coelo
3334 2465 3489 2524 sunt,

2001 2546 2060 2602 in
2109 2563 2295 2604 unum
2342 2547 2537 2604 locum
2587 2548 3007 2621 congregavit:
3046 2548 3145 2605 ubi
3191 2551 3332 2605 tu'nc
3376 2550 3493 2606 alia

1999 2653 2243 2709 corpora
2282 2636 2529 2693 clariora
2565 2627 2979 2709 apparuerunt,
3010 2637 3205 2694 herbae
3241 2641 3298 2695 et
3332 2638 3494 2712 ligna

2000 2724 2294 2782 fructifera
2318 2727 2598 2796 producta
2622 2729 2775 2782 sunt.
2796 2727 2957 2782 Dicta
2984 2729 3178 2784 autem
3203 2744 3490 2799 aquarum

1999 2815 2390 2886 congregatio,
2443 2813 2592 2870 sacta
2646 2819 2734 2871 est
2786 2819 2887 2871 aut
2934 2805 3099 2888 aquis
3148 2816 3490 2888 inspissatis,

1999 2906 2100 2958 aut
2129 2903 2341 2975 partim
2375 2907 2541 2960 terrae
2562 2905 2945 2961 concavitates
2974 2905 3343 2968 intrantibus,
3364 2922 3495 2978 quae

387 3011 492 3066 per
529 2993 744 3050 coelum
785 2992 1128 3066 significata.
1162 2991 1257 3048 hic
1295 2995 1489 3048 autem
1534 3008 1636 3062 per
1676 2991 1884 3055 lucem,
1925 2984 1968 3047 C
1999 2996 2055 3048 et
2084 2992 2325 3048 occultis
2366 2993 2655 3049 meatibus
2684 2993 2793 3050 sibi
2834 2994 3266 3052 continuantur.
3300 2997 3491 3060 Quum

385 3083 447 3140 id
475 3086 566 3139 est
594 3099 699 3155 per
728 3083 994 3156 gratiam,
1029 3080 1298 3138 formata.
1331 3083 1524 3138 Potest
1551 3084 1607 3136 et
1645 3081 1886 3153 intelligi

385 3171 728 3244 corporalis,
759 3171 979 3228 scilicet
1008 3188 1110 3243 pro
1151 3171 1440 3228 nubecula
1469 3170 1667 3242 aliqua
1696 3170 1890 3226 lucida

386 3262 460 3319 de
490 3261 827 3333 praejacenti
858 3261 1102 3317 materia
1144 3263 1442 3332 producta,
1477 3259 1537 3314 in
1567 3275 1634 3315 ea
1672 3259 1888 3315 seilicet

386 3354 552 3423 parte
591 3349 692 3407 ubi
723 3352 898 3406 modo
937 3351 1023 3406 sol
1061 3354 1148 3406 est
1175 3367 1275 3407 seu
1316 3352 1597 3413 movetur,
1629 3350 1795 3422 cujus
1833 3353 1890 3405 et

383 3441 543 3497 vices
581 3439 808 3503 habuit,
841 3443 1070 3496 noctem
1113 3442 1171 3495 et
1209 3439 1364 3495 diem
1408 3437 1506 3493 illo
1547 3437 1739 3493 triduo
1772 3437 1888 3493 dis-

383 3531 684 3603 tinguens
743 3531 884 3595 Quae
943 3545 1049 3585 nec
1103 3529 1175 3584 ab
1231 3527 1398 3600 aquis
1461 3526 1890 3598 impediebatur

385 3622 629 3691 propter
654 3620 997 3675 earumdem
1036 3621 1177 3673 tunc
1217 3617 1536 3672 raritatem.
1569 3616 1762 3672 Potest
1792 3632 1892 3672 au-

385 3713 506 3764 tem
549 3708 678 3765 dies
714 3710 854 3763 tunc
894 3707 1067 3767 dieta.
1112 3705 1354 3777 intelligi
1397 3709 1498 3760 aut
1537 3705 1634 3761 lux
1682 3705 1888 3776 praedi-

386 3801 498 3861 cta,
531 3799 635 3853 aut
662 3795 847 3868 ipsius
877 3795 1246 3859 illuminatiO,
1272 3798 1372 3851 aut
1400 3794 1650 3866 spatium
1685 3793 1886 3866 vigititi

385 3889 642 3959 quatuor
678 3885 978 3941 horarum.
1011 3886 1082 3938 At
1127 3883 1318 3956 prima
1361 3883 1484 3939 dies
1526 3882 1809 3939 naturalis
1854 3899 1889 3938 a

385 3977 562 4048 plena
593 3976 721 4030 luce
747 3973 1054 4030 exordium
1091 3989 1348 4036 sumens,
1379 3989 1591 4028 aurora
1630 3974 1687 4027 et
1715 3988 1888 4027 mane

386 4063 615 4129 caruit;
664 4067 722 4119 et
767 4079 870 4134 per
914 4077 1214 4133 vesperam
1264 4061 1322 4116 in
1377 4077 1548 4116 mane
1596 4061 1888 4132 sequentis

387 4152 506 4210 diei
554 4153 820 4214 tendens,
869 4149 1122 4207 excrevit
1167 4149 1227 4203 in
1277 4149 1529 4220 spatium
1581 4165 1757 4220 supra
1803 4149 1889 4205 di-

387 4247 570 4298 ctum.
591 4242 794 4297 Postea
821 4243 1016 4297 autem
1047 4238 1104 4293 in
1137 4238 1411 4309 mysterio
1442 4238 1565 4294 dies
1593 4255 1628 4293 a
1655 4253 1890 4308 vespere

387 4331 628 4402 incepit.
661 4329 823 4386 Dicta
849 4345 984 4384 vero
1021 4328 1142 4391 lux,
1175 4326 1366 4382 solum
1407 4326 1736 4398 superiores
1765 4325 1892 4382 illu-

387 4420 658 4475 minabat
703 4421 933 4490 partes;
975 4433 1080 4472 nec
1130 4415 1210 4471 ita
1257 4416 1428 4479 clare,
1471 4419 1535 4471 ut
1581 4415 1665 4471 sol
1714 4419 1890 4472 modo

387 4509 544 4566 facit.
571 4509 734 4565 Unde
764 4523 870 4564 nec
900 4506 1114 4564 frustra
1136 4508 1510 4577 post,qua1·ta
1541 4505 1633 4561 die
1663 4505 1746 4560 sol
1780 4505 1890 4561 sor-

387 4602 585 4654 matus
615 4599 700 4654 est
731 4614 744 4650 :
777 4599 834 4652 et
863 4597 990 4658 hoc,
1014 4598 1118 4651 aut
1145 4597 1217 4651 de
1247 4596 1452 4650 eadem
1483 4594 1629 4658 luce,
1653 4594 1740 4650 vel
1777 4594 1890 4650 sal-

385 4693 504 4744 tem
535 4703 667 4744 eam
697 4686 1071 4758 conjunctam
1113 4683 1302 4739 hahet.
1334 4684 1508 4738 Porro
1545 4683 1694 4739 Deus
1721 4683 1892 4739 Pater

385 4779 682 4833 mundum
739 4777 1085 4847 producens,
1141 4772 1370 4829 nullum
1419 4773 1574 4828 vocis
1628 4773 1885 4829 sonitum

388 4866 588 4930 edidit,
620 4867 726 4922 sed
767 4865 950 4920 Verbo
996 4880 1101 4919 suo
1140 4863 1223 4934 (id
1268 4866 1355 4918 est
1393 4861 1562 4933 Filio)
1601 4878 1716 4917 non
1761 4862 1888 4934 qui-

389 4958 524 5012 dem
570 4957 637 5010 ut
683 4953 1090 5014 instrumento,
1123 4953 1225 5006 sed
1271 4967 1390 5007 uno
1435 4968 1634 5007 secum
1683 4951 1888 5022 opifice

387 5061 456 5100 ex
485 5061 547 5100 se
577 5040 932 5099 aeternaliter
962 5039 1174 5112 genito,
1208 5042 1418 5096 cuncta
1457 5039 1689 5096 creavit.
1721 5042 1886 5106 Quod

390 5133 719 5190 incidenter
745 5129 887 5186 dicit
912 5129 1184 5201 Magister
1211 5131 1411 5185 contra
1441 5128 1760 5192 haereticos,
1788 5129 1886 5200 qui

389 5221 448 5277 in
501 5220 942 5292 scripturarum
1001 5217 1296 5275 intellectu
1352 5217 1670 5274 enormiter
1725 5219 1888 5274 ober-

391 5312 612 5368 rabant.

1998 3085 2196 3138 autem
2228 3083 2687 3152 praecedentibus
2716 3083 2901 3139 tribus
2922 3083 3125 3140 diebus
3146 3101 3290 3155 opus
3318 3100 3492 3140 suum

2001 3174 2128 3241 post
2174 3171 2525 3227 creationem
2584 3171 2766 3242 ipsius
2824 3173 2970 3229 Deus
3017 3172 3364 3237 distinxerit,
3413 3189 3497 3229 se-

1999 3260 2311 3331 quentibus
2354 3260 2539 3316 tribus
2582 3261 2785 3318 diebus
2831 3261 3021 3333 ipsum
3070 3261 3312 3318 ornavit.
3346 3263 3490 3318 Nam

2001 3349 2092 3404 die
2140 3352 2350 3419 quarta
2396 3353 2669 3405 ornatum
2719 3353 2804 3406 est
2856 3351 3297 3406 firmamentum
3354 3351 3491 3415 sole,

2001 3436 2139 3494 luna
2170 3441 2228 3493 et
2265 3438 2463 3502 stellis,
2498 3442 2562 3494 ut
2601 3456 2703 3510 per
2730 3456 2797 3495 ea
2838 3438 3157 3496 illustretur
3183 3457 3317 3511 pars
3351 3439 3493 3496 inse-

2000 3526 2121 3581 rior
2159 3527 2386 3590 mundi,
2421 3545 2523 3599 per
2552 3544 2802 3599 quorum
2844 3530 3175 3593 etmotum,
3207 3532 3491 3600 tempora,

2001 3615 2124 3671 dies
2153 3619 2210 3671 et
2236 3616 2376 3672 anni
2407 3616 2805 3687 designantur,
2837 3619 2943 3672 etc.
2961 3635 2975 3682 ;
3006 3617 3211 3688 quinta
3235 3634 3369 3673 vero
3401 3617 3493 3674 die

2000 3721 2099 3760 aer
2125 3704 2458 3762 volatilibus
2486 3709 2542 3762 et
2570 3723 2723 3776 aqua
2752 3705 3005 3778 piscibus
3032 3710 3303 3762 ornatum
3334 3724 3494 3764 acce·

2000 3797 2211 3864 perunt
2234 3812 2247 3858 ;
2289 3798 2347 3849 et
2383 3798 2545 3850 sexta
2584 3797 2823 3850 demum
2868 3795 2959 3851 die
3005 3798 3159 3852 terra
3186 3796 3492 3868 Jumentis‚

2000 3883 2303 3953 reptilibus
2334 3887 2389 3939 et
2417 3884 2615 3939 bestiis
2653 3887 2858 3940 ornata
2892 3887 2975 3940 est
3008 3901 3021 3938 :
3054 3889 3183 3957 post
3208 3901 3338 3956 quae
3366 3884 3497 3941 ulti·

2003 3987 2098 4026 mo
2130 3971 2315 4028 faetus
2352 3977 2439 4028 est
2478 3973 2672 4038 hom0,
2705 3974 2775 4028 de
2814 3977 2967 4028 terra
3000 3972 3236 4044 quidem
3279 3972 3495 4028 forma·

2000 4064 2112 4124 tuS,
2143 4063 2245 4117 sed
2285 4063 2359 4117 ad
2399 4061 2608 4117 coelum
2650 4061 3065 4132 possidendum
3107 4061 3429 4118 ordinatus.

1921 4151 1969 4211 D
2000 4184 2261 4234 Sidereos
2293 4184 2456 4235 orbes
2486 4185 2581 4235 lux
2613 4184 2887 4234 admirata
2920 4185 3166 4234 secunda
3198 4190 3301 4234 est.

2062 4256 2287 4305 Tertius
2317 4255 2612 4318 obstupuit
2639 4256 2791 4306 facta
2820 4255 3096 4306 elementa
3130 4256 3251 4306 dies
3284 4271 3296 4307 :

2001 4327 2144 4376 Hinc
2174 4327 2587 4377 firmamentum
2619 4327 2835 4384 statuit,
2869 4342 2999 4378 mox
3030 4327 3263 4391 dispulit
3291 4329 3489 4380 undas.

2063 4398 2304 4449 Protulit
2334 4402 2387 4447 et
2419 4401 2619 4463 quarto
2646 4397 2861 4449 lumina
2892 4413 3097 4462 magna
3136 4400 3241 4450 die.

2444 4620 2870 4684 DISTINCTIO
2911 4623 3033 4684 XV.

2338 4753 2508 4815 Dixit
2552 4753 2746 4815 etiam
2796 4755 2983 4829 DeuS,
3028 4763 3148 4818 etc.

2131 4952 2197 5004 lE
2243 4950 2447 5022 quinta
2495 4952 2641 5007 Deus
2688 4949 2823 5006 fecit
2868 4967 3013 5022 opus
3063 4955 3302 5007 ornatus
3343 4953 3495 5009 aeris

2157 5043 2214 5095 et
2258 5055 2441 5110 aquae,
2483 5055 2687 5094 creans
2731 5037 3004 5099 volatilia,
3046 5043 3102 5094 et
3143 5056 3210 5095 ea
3252 5039 3309 5095 in
3358 5058 3495 5098 aera

1997 5145 2231 5186 sursum
2292 5128 2505 5192 levans,
2556 5127 2741 5200 pisces
2791 5144 2925 5184 vero
2981 5127 3041 5183 in
3098 5128 3265 5201 aquis
3319 5129 3493 5186 relin-

1998 5233 2202 5290 quens
2223 5219 2393 5273 Sexta
2423 5220 2619 5274 autem
2651 5215 2744 5273 die
2771 5220 2987 5273 terram
3018 5217 3244 5274 ornavit
3260 5218 3494 5291 jumen-

1997 5307 2090 5372 tis,
2119 5305 2423 5379 reptilibus
2453 5308 2509 5361 et
2536 5304 2734 5362 bestiis
2755 5306 2827 5361 de
2854 5322 2921 5362 ea
2950 5303 3232 5364 formatis.
3258 5307 3492 5364 Anima-
