4334 6242
1043 475 1246 523 mmm
1288 474 1512 521 ANGELI
1555 474 1737 521 1>le
1781 472 1916 519 stNT
1957 472 2275 519 oBanATt
2317 472 2381 519 IN
2420 473 2625 531 VlTIIS,
2664 472 2793 519 ETc.

3356 452 3476 517 383

367 646 820 708 Verumtamen
866 645 986 707 hoc
1035 662 1164 706 non
1213 644 1364 706 satis
1415 642 1690 725 explicat
1740 660 1870 705 mo·
1897 641 1949 705 A
1978 642 2294 722 gustinus,
2328 650 2539 705 cetera
2580 647 2788 723 potest
2832 640 3023 702 homo
3066 638 3311 713 nolenS,
3345 656 3478 701 cre-

368 745 523 806 dum
569 762 698 827 quo
741 744 857 806 fiat
898 743 1068 805 istud
1112 743 1281 824 quod
1327 742 1693 823 quaerimus·

447 842 692 905 Idcirco
731 841 1073 904 dicendum
1103 840 1488 921 (secundum
1531 839 1688 900 illud
1728 839 1870 901 Pro-

143 960 340 1007 mmnn,
369 939 760 1013 verbiorum,
795 939 1089 1001 Peccator
1128 957 1327 1019 quum
1373 938 1438 999 in
1479 936 1869 1019 profundum

143 1026 170 1063 3.

129 4994 338 5055 damtuna

367 1039 616 1101 venerit
647 1045 1062 1119 peccatorum,
1077 1035 1473 1116 contemnit),
1487 1036 1656 1117 quod
1687 1054 1872 1117 quan-

369 1137 448 1199 do
490 1136 786 1199 voluntas
831 1142 927 1197 est
966 1135 1034 1196 in
1077 1153 1191 1195 sua
1231 1132 1516 1215 perfecta
1554 1132 1868 1209 libertate,

367 1234 586 1297 habita
624 1235 815 1316 plena
853 1232 1331 1307 deliberatione,
1366 1239 1538 1293 tanta
1577 1230 1870 1294 efficacia

367 1334 568 1395 currit
610 1333 679 1395 in
723 1332 994 1395 volitum
1045 1331 1311 1414 peccati,
1345 1330 1640 1413 ponendo
1683 1330 1750 1391 in
1793 1347 1870 1392 eo

365 1430 588 1504 finem,
624 1438 695 1493 ut
725 1430 990 1493 veniens
1019 1430 1098 1492 ad
1137 1429 1539 1492 obstaculum
1575 1428 1870 1511 syndere-

365 1529 474 1603 sis,
523 1546 644 1591 nec
693 1528 783 1590 ibi
834 1528 1034 1601 sistat,
1079 1527 1188 1589 sed
1239 1527 1704 1589 contemnendo
1755 1526 1868 1588 im-

367 1628 586 1709 pingat
635 1628 703 1688 in
747 1627 959 1706 illam3
993 1634 1053 1688 et
1099 1625 1186 1687 ibi
1236 1625 1618 1699 retunditur,
1657 1632 1728 1686 ut
1777 1644 1869 1687 re-

368 1726 614 1788 trahere
646 1744 714 1787 se
746 1744 863 1787 nec
894 1726 1116 1807 possit,
1152 1743 1269 1786 nec
1303 1724 1476 1798 velit,
1512 1742 1628 1785 nec
1668 1724 1868 1805 possit

1978 739 2128 801 dere
2169 748 2385 802 autem
2428 758 2553 802 non
2599 745 2806 821 potest
2844 738 2969 799 nisi
3018 737 3257 799 volenS.
3306 738 3479 799 Utra-

1979 856 2103 918 que
2153 855 2409 919 quoque
2466 838 2653 911 fides,
2705 846 2775 898 ut
2832 836 3087 897 divinus
3142 835 3481 919 Dionysius

1979 942 2369 997 contestatur
2426 936 2698 1017 septimo
2762 934 3042 1017 capitulo
3100 934 3177 997 de
3235 934 3483 997 Divinis

1980 1034 2372 1107 nominibus,
2406 1041 2501 1095 est
2541 1033 2757 1096 lumen
2798 1032 3113 1095 collocans
3154 1033 3482 1096 credentes

1979 1132 2046 1192 in
2078 1132 2287 1214 prima
2324 1132 2610 1206 veritate,
2642 1140 2705 1193 et
2744 1132 3015 1214 primam
3050 1130 3383 1193 veritatem
3414 1131 3481 1193 in

1979 1229 2092 1291 eis,
2129 1229 2396 1292 Credere
2438 1229 2631 1311 igitur
2669 1230 3032 1293 daemonum
3073 1247 3199 1292 non
3242 1236 3338 1292 est
3380 1248 3481 1291 ac·

1979 1335 2082 1390 tus
2128 1328 2384 1390 virtutis
2433 1328 2607 1403 fidei,
2642 1328 2751 1391 sed
2801 1329 2977 1390 illius
3023 1328 3178 1391 fidei
3229 1328 3307 1390 de
3356 1346 3483 1410 qua

1981 1427 2168 1489 tertio
2198 1427 2275 1489 de
2305 1428 2533 1489 Anima
2570 1426 2804 1489 fatetur
2835 1427 3276 1509 PhilosophuS,
3310 1427 3479 1508 quod

1980 1526 2199 1607 opinio
2249 1526 2599 1588 rationibus
2643 1526 2864 1606 juvata
2906 1527 2985 1589 fit
3026 1525 3211 1589 fides.
3249 1527 3479 1608 Sicque

1980 1623 2299 1687 daemones
2321 1625 2572 1687 ratione
2612 1632 2675 1687 et
2713 1626 3151 1708 experimento
3190 1644 3319 1688 suae
3350 1643 3482 1707 poe-

1979 1742 2077 1785 nae
2119 1723 2418 1797 convicti,
2457 1724 2723 1786 credunt
2766 1724 2964 1786 Deum
3017 1742 3155 1787 esse
3205 1724 3479 1787 ultorem

365 1822 528 1885 velle
568 1841 582 1885 ε
623 1824 1162 1905 quemadmodum
1214 1821 1266 1883 si
1317 1820 1558 1884 ferrum
1606 1829 1866 1883 acutum
1903 1827 1951 1891 Β
1982 1810 2358 1903 iniquitatis,
2394 1822 2903 1886 contremiscunt
2951 1824 3195 1899 itidem,
3227 1841 3353 1886 non
3404 1824 3478 1885 ti-

367 1930 706 2002 penetrans
756 1940 998 1996 carneS,
1036 1921 1102 1981 in
1155 1920 1406 1983 ossibus
1456 1919 1866 1983 interioribus

366 2021 760 2095 retundatur,
792 2019 1036 2082 extrahi
1086 2037 1212 2082 non
1257 2026 1480 2101 potest.
1517 2018 1721 2081 Homo.
1757 2038 1868 2080 au.-

369 2126 494 2181 tem
538 2119 765 2193 viator,
798 2119 950 2200 quia
994 2125 1167 2180 'tanta
1214 2117 1506 2179 efficacia
1553 2116 1863 2200 impinge-

369 2236 432 2279 re
479 2217 728 2301 nequit,
772 2218 914 2279 ideo
960 2236 1216 2299 semper
1262 2224 1467 2299 potest
1516 2216 1746 2278 reverti
1797 2217 1862 2279 in

369 2314 626 2377 bonum.

445 2414 634 2477 Porro
673 2414 724 2475 si
769 2413 885 2476 fiat
927 2431 1139 2476 sermo
1175 2413 1253 2476 de
1296 2412 1464 2475 bono
1502 2411 1718 2493 gratiae
1754 2420 1863 2474 aut

369 2511 605 2592 gloriae,
658 2512 792 2574 sive
841 2512 1048 2594 quoad
1106 2511 1420 2587 habitum,
1472 2511 1606 2574 sive
1655 2509 1862 2592 quoad

369 2618 616 2689 actum;
649 2609 744 2672 sic
782 2610 1061 2700 damnati
1092 2629 1423 2691 nunquam
1453 2610 1667 2672 valent
1706 2608 1864 2672 redi-

369 2726 456 2781 re,
489 2709 643 2791 quia
679 2709 799 2771 hoc
837 2708 1078 2771 bonum
1108 2728 1146 2770 a
1182 2728 1249 2771 se
1288 2709 1522 2771 habere
1560 2726 1687 2771 non
1725 2726 1865 2790 pos-

370 2814 536 2881 sunt,
586 2814 652 2868 et
709 2807 875 2869 Deus
929 2808 1103 2888 justo
1157 2807 1402 2887 judicio
1459 2807 1741 2869 decrevit
1796 2824 1864 2869 se

369 2922 696 2987 nunquam
733 2906 1030 2967 daturum
1070 2905 1196 2966 illis
1236 2904 1475 2968 bonum
1514 2904 1730 2986 gratiae
1758 2912 1868 2966 aut

1978 1937 2150 1981 more
2201 1920 2455 1995 initiali,
2493 1921 2624 1983 imo
2674 1940 2880 2004 neque
2930 1923 3167 1985 servili.
3200 1923 3356 1985 Nam
3406 1923 3481 1984 ti-

1981 2036 2119 2081 mor
2163 2019 2414 2081 servilis
2458 2020 2721 2082 retrahit
2762 2040 2799 2082 a
2836 2029 3098 2102 peccato
3136 2021 3479 2084 formidine

1979 2135 2185 2199 poenae
2237 2134 2251 2178 ε
2305 2118 2599 2198 quamvis
2644 2119 2833 2200 (teste
2889 2119 3215 2200 Gregorio)
3265 2120 3331 2182 in
3392 2120 3481 2183 ita

1980 2216 2249 2279 timente
2275 2217 2449 2279 vivat
2478 2217 2782 2299 peccandi
2817 2217 3130 2293 voluntas,
3163 2226 3226 2281 et
3260 2239 3479 2302 seque-

1979 2322 2155 2377 retur
2182 2314 2544 2389 effeetus‚si
2579 2324 2941 2398 speraretur
2968 2317 3334 2400 impunitas.
3352 2320 3479 2383 1)ae-

1981 2431 2129 2475 mon
2172 2421 2387 2476 autem
2427 2432 2554 2477 non
2602 2422 2804 2477 cessat
2846 2434 2883 2477 a
2920 2424 3179 2497 peccato
3218 2424 3477 2500 propter

1978 2530 2253 2593 poenam.
2308 2512 2483 2586 Quod
2538 2530 2690 2575 vero
2749 2514 3183 2577 contremiscit
3240 2516 3473 2578 timens

1978 2628 2234 2692 poenam
2291 2618 2480 2693 atque
2534 2611 2875 2693 judicium,
2926 2621 3024 2677 est
3076 2631 3153 2676 ex
3203 2614 3476 2678 naturali

1975 2708 2226 2783 timore,
2258 2709 2369 2791 qui
2410 2709 2612 2772 oritur
2648 2728 2727 2772 ex
2770 2710 2901 2774 fide
2939 2712 3017 2775 de
3061 2732 3187 2794 qua
3232 2712 3475 2776 dictum

1976 2814 2073 2868 est
2118 2807 2309 2890 paulo
2334 2814 2515 2889 ante.
2548 2843 2631 2854 —
2657 2809 2981 2884 Praeterea,
3015 2810 3307 2891 quamvis
3353 2811 3475 2873 dae-

1978 2923 2126 2968 mon
2158 2906 2242 2968 sit
2269 2905 2601 2968 nobilioris
2642 2913 2884 2970 naturae
2911 2927 3104 2989 quam
3143 2908 3356 2983 homo,
3388 2916 3476 2971 ta-

368 3003 602 3083 gloriae.
635 3038 716 3049 -
745 3003 1044 3077 Quamvis
1083 3004 1298 3085 itaque
1333 3004 1400 3065 in
1438 3004 1754 3065 damnatis
1785 3003 1866 3066 sit
1900 3014 1944 3079 c
1977 3022 2122 3065 men
2154 3003 2396 3066 bonum
2427 3010 2667 3067 naturae
2696 3005 2841 3089 plus
2872 3013 2969 3067 est
2998 3013 3373 3088 'corruptum
3406 3007 3474 3069 in

370 3100 640 3162 liberum
691 3100 1051 3175 arbitrium,
1103 3101 1222 3163 hoc
1282 3108 1494 3189 tamen
1552 3120 1666 3163 sua
1713 3100 1867 3163 affe—

368 3199 572 3260 ctione
604 3199 671 3260 in
705 3199 944 3261 malum
974 3206 1071 3261 est
1101 3198 1190 3260 ita
1224 3199 1511 3279 ligatum,
1547 3207 1617 3260 ut
1647 3217 1866 3281 quam-

368 3297 460 3359 vis
513 3296 774 3359 libertas
817 3297 903 3359 sit
951 3296 1041 3359 ibi
1091 3304 1162 3357 ut
1210 3296 1276 3357 in
1326 3297 1558 3371 radice,
1595 3297 1660 3358 in
1709 3295 1862 3357 effe-

369 3404 540 3458 ctum
584 3404 800 3458 tamen
844 3413 973 3459 non
1019 3396 1224 3458 valeat
1263 3395 1576 3478 prosilire.
1609 3431 1691 3440 —
1717 3395 1860 3457 Haec

369 3494 692 3557 HenricuS.

440 3595 510 3657 In
541 3594 728 3677 cujus
767 3591 982 3656 verbis
1012 3591 1266 3654 videtur
1293 3589 1659 3666 obscurum,
1691 3592 1861 3673 quod

365 3692 450 3754 ait
477 3693 744 3756 divitem
777 3691 961 3753 illum
1003 3698 1258 3772 putasse
1289 3708 1355 3751 se
1395 3707 1580 3771 posse
1611 3691 1860 3772 corpori

367 3791 539 3853 reddi
570 3798 760 3872 atque
792 3790 871 3851 ad
901 3807 1048 3851 suos
1081 3787 1271 3863 mitti,
1305 3787 1372 3849 in
1411 3795 1658 3849 tantum
1689 3788 1860 3869 quod

367 3908 489 3953 non
519 3889 725 3953 voluit
753 3906 862 3951 eos
901 3906 1016 3972 per
1043 3887 1241 3950 alium
1277 3886 1625 3960 admoneri,
1659 3905 1860 3967 quum

315 4028 340 4067 ι,
367 3996 576 4051 tamen
616 3989 684 4050 in
715 3986 1058 4069 Evangelio
1099 3986 1341 4065 legatur
1371 3985 1608 4047 dixisse
1642 4001 1656 4046 t
1690 3986 1860 4067 Rogo

369 4095 447 4161 te,
478 4095 679 4168 pater,
723 4094 795 4147 ut
843 4086 1058 4148 mittas
1108 4102 1257 4145 eum
1300 4082 1628 4165 (videlicet
1675 4082 1858 4146 Laza-

367 4186 536 4267 rum)
577 4186 646 4248 in
689 4185 953 4247 domum
995 4184 1194 4266 patris
1233 4183 1381 4257 mei,
1414 4189 1534 4245 etc.

442 4287 748 4349 Praeterea
775 4283 1072 4346 Albertus
1112 4282 1281 4343 circa
1317 4282 1452 4345 haec
1492 4282 1724 4344 multas
1765 4282 1858 4344 in-

366 4386 514 4449 serit
569 4383 971 4466 quaestiones.
1035 4381 1168 4444 Una
1225 4387 1342 4455 est,
1403 4389 1618 4443 utrum
1673 4380 1862 4463 culpa

366 4484 598 4547 diaboli
641 4482 887 4563 aliquid
932 4499 1150 4543 secum
1196 4480 1618 4562 compatiatur
1655 4480 1858 4543 virtu-

366 4583 460 4645 tis.
495 4583 591 4645 Ad
635 4581 806 4663 quod
851 4579 1189 4662 respondet
1225 4596 1239 4640 :
1273 4578 1510 4640 Malitia
1553 4579 1859 4643 daemonis

363 4681 522 4743 nihil
566 4680 823 4742 virtutis
869 4698 1086 4741 secum
1137 4678 1542 4760 compatitur,
1575 4696 1692 4739 nee
1734 4679 1860 4740 vir-

363 4781 513 4843 tutis
544 4778 863 4853 informiS,
897 4797 1105 4859 neque
1135 4777 1442 4850 formatae,
1475 4796 1593 4839 nec
1625 4778 1860 4840 theolo-

364 4882 532 4959 gicae,
546 4898 758 4961 neque
789 4878 1080 4961 politicae.
1096 4878 1517 4958 —Quumque
1543 4877 1857 4957 objicitur,

365 4982 529 5062 quod
593 4981 860 5043 credunt
925 4988 988 5042 et
1045 4981 1595 5058 contremiscunt3
1651 4981 1862 5041 dicen-

367 5079 540 5155 dum,
573 5080 744 5161 quod
795 5099 913 5142 nec
959 5080 1160 5142 fidem
1211 5079 1548 5142 formatam
1599 5078 1857 5151 habent,

367 5198 480 5243 nec
509 5180 709 5242 fidem
751 5178 1114 5241 informem.
1148 5178 1423 5259 Utraque
1462 5196 1736 5259 namque
1765 5186 1862 5239 est

371 5278 434 5341 in
461 5280 788 5342 voluntate
817 5278 1087 5353 electiva
1111 5296 1125 5339 :
1149 5277 1303 5361 quia
1331 5286 1402 5339 ut
1431 5277 1713 5361 loquitur
1740 5277 1862 5339 Au-

1972 3102 2260 3165 daemone
2294 3120 2308 3164 ε
2342 3103 2493 3184 quia
2523 3111 2895 3185 corruptum
2926 3112 3021 3166 est
3051 3104 3115 3165 in
3147 3123 3223 3168 eo
3252 3124 3475 3169 secun-

1971 3199 2126 3261 dum
2184 3201 2401 3262 omnia
2458 3200 2693 3282 quibus
2747 3200 3018 3263 debebat
3066 3204 3344 3266 ordinari
3394 3204 3473 3270 ad

1971 3295 2233 3372 bonum,
2267 3298 2387 3361 hoc
2436 3306 2554 3372 est,
2596 3299 2950 3363 secundum
2999 3301 3332 3377 rationem,
3367 3321 3475 3385 ap-

1969 3395 2371 3479 petitumque
2400 3396 2536 3458 sive
2566 3396 2981 3471 voluntatem,
3006 3406 3069 3460 et
3097 3418 3472 3480 quamcum-

1970 3511 2095 3573 que
2136 3494 2574 3575 apparentiam
2620 3493 2791 3557 boni.
2825 3495 3067 3577 Nempe
3116 3498 3472 3560 secundum

1969 3591 2304 3667 rationem,
2356 3599 2427 3654 ut
2482 3600 2708 3674 quarto
2764 3594 3044 3675 capitulo
3099 3595 3177 3657 de
3223 3595 3471 3659 Divinis

1970 3690 2341 3753 nominibus
2370 3691 2437 3752 B.
2472 3691 2811 3774 Dionysius
2843 3692 3048 3767 docet,
3084 3694 3320 3756 malum
3354 3695 3474 3759 dae·

1973 3788 2181 3850 monis
2215 3796 2311 3851 est
2344 3788 2521 3851 furor
2551 3789 3030 3865 irrationabilis,
3063 3810 3191 3873 quo
3226 3792 3471 3857 irratio-

1969 3886 2270 3949 nabiliter
2303 3888 2655 3969 exagitatur
2686 3896 2877 3970 atque
2924 3890 3219 3952 irascitur
3252 3900 3473 3956 contra

1969 4004 2156 4049 omne
2196 3985 2458 4049 bonum.
2495 3987 2859 4049 Secundum
2899 3988 3255 4070 appetitum
3295 4009 3467 4066 vero,

1971 4085 2211 4147 malum
2270 4084 2410 4165 ejus
2459 4093 2555 4147 est
2600 4104 2820 4148 amens
2880 4088 3399 4169 concupiscentia
3452 4108 3467 4153 ε

1887 4193 1938 4257 D
1967 4184 2271 4266 quoniam
2300 4183 2476 4245 nulla
2508 4192 2719 4246 mente
2746 4183 3055 4260 frenatuS,
3074 4187 3472 4272 concupiscit

1969 4283 2234 4358 malum,
2284 4299 2413 4344 non
2462 4281 2723 4344 bonum.
2775 4282 3010 4346 Malum
3062 4302 3213 4349 vero
3265 4286 3469 4368 ipsius

1968 4388 2281 4462 quantum
2328 4379 2407 4442 ad
2454 4378 2696 4441 bonum
2745 4399 3081 4462 apparenS,
3132 4389 3228 4443 est
3273 4383 3470 4465 phan-

1969 4480 2127 4543 tasia
2156 4487 2471 4563 proterva,
2496 4496 2623 4542 non
2655 4489 2845 4561 prout
2874 4479 3207 4561 phantasia
3234 4482 3470 4545 dicitur

1970 4580 2253 4663 potentia
2281 4580 2510 4641 animae
2540 4578 3012 4654 sensibiliS,sed
3041 4598 3078 4641 a
3109 4586 3287 4666 φαίνω
3313 4581 3473 4645 Grae-

1970 4700 2062 4756 ce,
2097 4680 2269 4762 quod
2318 4678 2536 4741 Latine
2582 4686 2763 4741 sonat
2805 4697 3129 4760 appareo:
3163 4681 3468 4761 quoniam
3524 4694 3539 4707 ·

1971 4790 2190 4844 contra
2219 4798 2407 4842 omne
2452 4779 2621 4860 quod
2662 4786 2927 4860 apparet
2966 4778 3033 4839 in
3065 4777 3214 4841 boni
3254 4780 3468 4861 specie

1969 4889 2032 4943 et
2069 4882 2333 4953 ratione,
2369 4880 2678 4962 protervit
2716 4898 2790 4941 ac
2830 4888 3142 4961 repugnat
3179 4896 3295 4961 pro
3329 4898 3470 4961 pos-

1970 4998 2055 5041 se.
2104 4979 2248 5042 Haec
2290 4979 2607 5041 Albertus.

2050 5078 2166 5151 Qui
2209 5079 2473 5160 insuper
2506 5080 2754 5161 quaerit,
2791 5088 3008 5143 utrum
3048 5079 3337 5143 diabolus
3373 5081 3471 5163 ju·

1969 5178 2132 5257 giter
2182 5176 2248 5239 in
2298 5196 2413 5240 suo
2461 5186 2825 5260 perseveret
2876 5188 3156 5261 peccato.
3194 5180 3468 5262 Respon-

1967 5277 2076 5339 det
2108 5292 2121 5337 :
2155 5276 2494 5358 Appetitus
2532 5278 2839 5341 daemonis
2878 5286 3088 5361 potest
3125 5276 3469 5359 dupliciter
