4334 6242
510 1025 614 1081 Aug.
627 1024 681 1067 de
689 1022 780 1067 Tri-

510 1088 662 1135 nitate.
700 1086 776 1129 lib.

513 1215 578 1255 18.

528 1488 676 1534 Era-od.

514 1556 580 1597 1⁹.

800 468 922 535 370

1351 488 1416 534 IN
1457 490 1679 536 LIBRUM
1720 490 1766 535 11
1808 488 2289 536 SENTENTIARUM.
2336 508 2417 518 -
2457 486 2609 535 ms‘r.
2648 488 2735 535 vn
2776 486 3025 551 sumum
3070 486 3294 545 QUAEST.
3342 488 3363 535 1

802 680 978 742 nem,
1019 664 1088 725 id
1132 664 1253 742 est,
1294 665 1450 745 quia
1489 681 1621 728 non
1658 665 2130 745 permittuntur
2169 666 2283 728 illa
2322 666 2533 728 facere
2574 684 2613 728 a
2649 666 2790 728 Deo
2820 665 2923 729 vel
2964 665 3047 728 ab
3096 665 3347 746 angelis
3383 664 3597 728 bonis·
3630 664 3923 727 Possent

803 779 1033 860 utique
1073 779 1304 843 fecisse
1334 782 1623 861 scinifes,
1658 783 1772 863 qui
1811 800 2002 845 ranas
2043 784 2507 863 serpentesque
2551 782 2865 845 fecerunt.
2902 782 3218 855 Quaedam
3256 799 3412 845 vero
3458 797 3591 844 non
3632 781 3923 862 possunt

808 896 1042 975 facere,
1076 897 1270 960 etiam
1313 898 1370 960 si
1407 899 1870 979 permittantur
1905 898 1988 961 ab
2025 898 2277 979 angelis
2314 895 2785 979 superioribus,
2827 898 2984 978 quia
3010 915 3143 960 non
3173 898 3499 978 permittit
3524 896 3727 960 Deus.

942 1013 1128 1077 Unde
1172 1013 1584 1095 Augustinus
1623 1016 1690 1077 in
1730 1013 1896 1078 libro
1936 1016 2127 1079 tertio
2170 1016 2251 1077 de
2288 1014 2605 1077 Trinitate
2633 1035 2661 1075 ,ε
2703 1014 2803 1076 Ex
2851 1014 3166 1077 ineffabili
3209 1014 3503 1094 potentia
3539 1014 3665 1077 Dei
3706 1014 3802 1093 fit,
3840 1016 3923 1076 ut

513 1163 570 1199 m,
595 1161 635 1193 α.
661 1152 703 1200 9,
731 1161 776 1191 n.
807 1131 985 1211 quod
1026 1132 1296 1212 possent
1337 1131 1494 1194 mali
1543 1133 1781 1213 angeli,
1824 1133 1881 1195 si
1927 1132 2485 1213 permitterentur,
2540 1132 2687 1193 ideo
2731 1148 2863 1193 non
2910 1131 3211 1212 possunt,
3253 1131 3410 1210 quia
3460 1147 3591 1192 non
3641 1131 3925 1211 permit-

805 1248 1053 1311 tuntur.
1095 1248 1325 1329 Neque
1373 1250 1546 1312 enim
1599 1250 1892 1312 occurrit·
1927 1250 2055 1312 alia
2100 1250 2267 1312 ratio
2316 1266 2433 1311 cur
2468 1266 2600 1311 non
2638 1248 2938 1329 poterant
2982 1247 3192 1311 facere
3234 1247 3525 1327 scinifeS,
3567 1248 3681 1328 qui
3718 1264 3924 1310 ranas

803 1365 1269 1446 serpentesque
1306 1363 1622 1443 fecerunt,
1667 1366 1795 1428 nisi
1840 1366 1996 1445 quia
2033 1364 2248 1445 major
2294 1364 2517 1428 aderat
2560 1364 2924 1428 dominatio
2962 1362 3372 1444 prohibentis
3421 1363 3546 1426 Dei
3596 1380 3714 1444 per
3759 1363 3923 1444 Spi-

689 1504 774 1543 vm,
805 1481 1007 1544 ritum
1045 1481 1359 1545 Sanctum
1403 1502 1417 1543 ε
1451 1482 1628 1562 quod
1664 1482 1864 1545 etiam
1902 1482 2079 1562 magi
2111 1482 2394 1545 confessi
2423 1481 2600 1560 sunt,
2642 1480 2955 1559 dicentes,
2982 1479 3249 1560 Digitus
3284 1480 3410 1543 Dei
3448 1481 3549 1543 est
3576 1480 3707 1543 hic.
3736 1479 3925 1553 Quid

805 1599 1025 1663 autem
1063 1615 1181 1680 per
1216 1598 1518 1661 naturam
1565 1599 1843 1679 possint,
1876 1616 1995 1662 nec
2039 1600 2261 1661 tamen
2299 1598 2556 1678 possint
2604 1600 2872 1678 propter
2906 1597 3444 1677 prohibitionem,
3488 1598 3553 1660 et
3597 1597 3757 1678 quid
3794 1614 3927 1677 per

804 1715 1016 1796 ipsius
1062 1716 1312 1779 naturae
1351 1734 1488 1779 suae
1537 1716 1979 1779 conditionem
2021 1715 2230 1779 facere
2272 1732 2403 1777 non
2452 1715 2774 1793 sinantur,
2814 1714 3070 1776 homini
3116 1714 3455 1794 explorare
3485 1714 3747 1777 difficile
3784 1715 3919 1791 est,

800 1830 936 1893 imo
989 1831 1422 1913 impossibile.
1473 1832 1800 1895 Novimus
1846 1831 2181 1894 hominem
2236 1848 2431 1912 posse
2477 1830 2836 1907 ambulare,
2872 1830 2938 1893 et
2983 1847 3193 1910 neque
3245 1830 3370 1893 hoc
3417 1848 3635 1911 posse,
3676 1830 3733 1893 si
3774 1847 3919 1893 non

797 1948 1250 2029 permittatur3
1282 1948 1505 2011 volare
1542 1950 1762 2010 autem
1793 1965 1924 2010 non
1955 1966 2173 2029 posse,
2202 1948 2397 2010 etiam
2432 1948 2488 2010 si
2519 1946 2955 2027 permittatur.
2986 1946 3095 2009 Sic
3124 1948 3189 2009 et
3222 1946 3319 2008 illi
3348 1946 3565 2027 angeli
3602 1947 3919 2027 quaedam

794 2063 1075 2143 possunt
1121 2062 1355 2142 facere,
1399 2063 1457 2126 si
1494 2063 1958 2144 permittantur
1995 2062 2077 2125 ab
2123 2061 2394 2144 angelis,
2420 2061 2902 2143 potentioribus
2946 2078 3028 2125 ex
3069 2062 3349 2143 imperio
3386 2061 3555 2143 Dei3
3600 2062 3915 2143 quaedam

794 2195 948 2241 vero
985 2196 1119 2241 non
1150 2180 1450 2260 possunt,
1485 2179 1684 2242 etiam
1730 2180 1787 2243 si
1833 2178 1914 2241 ab
1945 2180 2041 2243 eis
2077 2179 2543 2261 permittantur
2576 2198 2589 2239 :
2631 2178 2786 2258 quia
2822 2177 2935 2240 ille
2982 2194 3113 2241 non
3160 2178 3506 2259 permittit,
3549 2195 3589 2240 a
3634 2196 3765 2259 quo
3806 2180 3919 2241 est

792 2293 926 2357 illis
964 2294 1116 2358 talis
1155 2295 1408 2359 naturae
1448 2295 1710 2377 moduS,
1752 2295 1867 2377 qui
1905 2296 2103 2359 etiam
2142 2313 2260 2377 per
2287 2293 2555 2376 angelos
2596 2311 2755 2357 suos
2792 2293 2906 2355 illa
2948 2294 3337 2376 plerumque
3380 2311 3513 2357 non
3553 2295 3910 2375 permittit,

793 2426 942 2491 quae
989 2412 1310 2475 concessit
1356 2413 1432 2475 ut
1476 2412 1755 2492 possint.

1365 2714 1723 2780 SUMMA

1032 2888 1639 2945 DISTINCTIONIS
1687 2889 2049 2946 SEPTIMAE

941 3129 1013 3193 lc
1063 3136 1366 3193 tractatur
1411 3130 1490 3192 de
1546 3130 1915 3212 angelorum
1976 3131 2289 3193 bonorum

970 3228 1458 3292 confirmatione
1501 3236 1690 3311 atque
1737 3230 2046 3292 malorum
2094 3230 2291 3291 obsti-

787 3327 1066 3401 natione,
1098 3333 1161 3389 et
1197 3326 1472 3409 qualiter
1501 3327 1706 3390 nihilo
1746 3328 1958 3389 minus
1999 3328 2064 3389 in
2101 3328 2289 3389 utris-

788 3444 914 3507 que
945 3424 1219 3488 liberum
1252 3425 1602 3507 permansit
1627 3425 1997 3503 arbitrium3
2021 3433 2084 3486 et
2116 3425 2286 3500 item,

788 3524 1062 3605 qualiter
1109 3524 1176 3585 in
1227 3522 1468 3605 angelis
1525 3523 1708 3586 malis
1760 3530 1903 3605 post
1955 3532 2287 3605 peccatum

789 3629 1004 3685 manet
1031 3622 1320 3696 scientia,
1353 3628 1416 3683 et
1455 3622 1533 3683 de
1571 3622 1836 3683 scientia
1873 3640 2094 3685 eorum
2126 3622 2289 3683 mul-

786 3719 1016 3803 tiplici,
1049 3721 1126 3783 de
1157 3718 1633 3802 operationibus
1663 3719 1855 3781 etiam
1889 3720 2283 3793 eorumdem,

786 3818 1139 3901 praesertim
1183 3818 1250 3881 in
1292 3817 1542 3881 actibus
1586 3818 1868 3899 magicis.

1105 4142 1570 4219 QUAESTIO
1635 4143 1968 4209 PRIMA

939 4409 1002 4472 Ic
1050 4409 1356 4491 quaeritur
1405 4408 1632 4492 prim0‚
1671 4408 1967 4476 'Utrum
2016 4410 2285 4488 angeli

841 4592 848 4597 .
965 4506 1199 4590 pravi
1247 4509 1411 4573 sint
1455 4505 1844 4575 obstinati
1891 4508 1977 4573 in
2024 4510 2283 4589 vitiis,

784 4606 903 4675 ita
932 4609 1026 4674 ut
1052 4620 1198 4672 neo
1227 4604 1614 4687 poenitere
1645 4620 1788 4672 nec
1819 4604 2016 4673 bene
2047 4621 2284 4685 agere

781 4707 1130 4781 valeant.

864 4803 1169 4878 Quocirca
1212 4802 1647 4884 quaerendum,
1679 4802 1775 4864 An
1815 4804 2022 4864 omnis
2061 4820 2283 4865 eorum

777 4904 946 4966 actio
987 4902 1071 4965 sit
1111 4900 1342 4964 vitiosa
1388 4920 1462 4963 ac
1504 4920 1662 4983 pure
1715 4902 1898 4976 mala,
1940 4902 2025 4963 ita
2074 4909 2143 4963 ut
2192 4902 2282 4963 nil

779 5001 1034 5065 virtutis
1078 5000 1161 5063 sit
1201 5000 1262 5062 ei
1303 5000 1602 5062 admixta.
1750 5006 1756 5011 “

859 5098 1035 5173 Quod
1073 5105 1288 5160 autem
1327 5115 1455 5160 non
1494 5098 1622 5159 sint
1662 5096 1917 5178 penitus
1956 5096 2279 5172 obstinati,

779 5197 989 5281 primo
1028 5196 1333 5279 probatur
1371 5214 1448 5257 ex
1487 5202 1686 5269 textu,
1719 5194 1870 5277 quia
1907 5201 2056 5257 sunt
2096 5195 2283 5258 liberi

779 5294 1053 5370 arbitrii,
1086 5295 1165 5358 de
1197 5294 1384 5374 cujus
1415 5293 1656 5357 ratione
1685 5302 1778 5357 est
1811 5292 2183 5356 flexibilitas
2215 5293 2279 5355 in

2319 2640 2372 2703 A
2401 2647 2745 2722 utrumque
2780 2658 2795 2703 :
2828 2660 2977 2723 ergo
3018 2641 3095 2703 de
3136 2640 3303 2705 malo
3342 2643 3418 2704 ad
3462 2641 3700 2706 bonum
3742 2642 3915 2705 exsi-

2400 2745 2575 2799 stunt
2614 2737 2952 2801 flexibiles.
2988 2775 3069 2784 —
3099 2738 3411 2812 Secund0‚
3450 2740 3791 2803 necessitas
3836 2741 3913 2802 li-

2400 2836 2629 2898 bertati
2670 2845 3015 2918 repugnat3
3049 2837 3161 2899 sed
3201 2836 3559 2901 obstinatus
3598 2838 3912 2921 simplici-

2400 2942 2517 3007 ter,
2571 2935 2648 2996 de
2698 2934 3073 2997 necessitate
3133 2936 3301 2998 malo
3358 2936 3636 2999 adhaeret
3687 2954 3701 2998 :
3752 2956 3913 3019 ergo

2400 3050 2528 3093 non
2580 3030 2770 3094 habet
2830 3032 3189 3095 libertatem
3244 3052 3311 3095 se
3372 3033 3518 3095 inde
3576 3035 3909 3098 avertendi

2402 3130 2695 3211 bonoque
2744 3130 3126 3193 adhaerendi.
3171 3167 3252 3176 —
3290 3132 3521 3205 Tertio,
3563 3133 3675 3214 qui
3725 3132 3908 3195 flecti

2400 3228 2623 3309 nequit
2662 3229 2741 3289 ad
2786 3228 3048 3301 bonum,
3086 3247 3214 3291 non
3260 3237 3479 3311 peccat
3514 3248 3527 3292 :
3564 3232 3714 3312 quia
3754 3250 3907 3314 pec-

2400 3332 2610 3387 catum
2644 3333 2735 3388 est
2768 3327 2924 3388 adeo
2954 3326 3409 3403 voluntarium,
3443 3328 3613 3409 quod
3646 3346 3772 3391 non
3802 3348 3905 3392 es-

2400 3432 2495 3486 set
2542 3433 2875 3505 peccatum
2927 3425 3050 3487 nisi
3100 3433 3268 3487 esset
3313 3425 3765 3489 voluntarium.
3816 3464 3903 3474 —

2399 3524 2651 3597 Quarto,
2684 3522 2995 3584 naturalia
3032 3524 3387 3585 secundum
3426 3524 3719 3588 divinum
3754 3526 3899 3589 Dio—
3986 3552 4063 3609 ι).
4094 3554 4274 3601 nstin,

2398 3620 2676 3703 nysium,
2711 3621 2775 3682 in
2816 3620 3212 3684 daemonibus
3253 3631 3624 3686 manserunt
3654 3623 3903 3706 integra
3930 3626 4083 3660 ”⁰⁸¹¹-
4112 3632 4255 3665 ‘²¹¹¹’-

2396 3739 2470 3781 ac
2519 3719 2853 3801 splendida
2895 3737 2908 3781 :
2952 3738 3101 3801 ergo
3150 3722 3309 3783 ratio
3356 3722 3552 3784 dictat
3598 3723 3693 3785 eis
3740 3725 3901 3805 quid

2325 3824 2372 3887 Β
2400 3818 2555 3899 ipsis
2586 3818 2899 3899 expediat,
2935 3825 3152 3899 utpote
3191 3819 3501 3900 poenitere
3538 3839 3612 3882 ac
3641 3822 3901 3887 veniam

2397 3916 2750 3997 postulare;
2792 3923 2857 3977 et
2904 3924 3172 3997 possunt
3219 3917 3362 3991 hoc,
3398 3937 3601 3999 quum
3651 3920 3904 3984 unicui-

2395 4033 2519 4096 que
2549 4014 2634 4075 sit
2670 4014 2977 4087 naturale,
3010 4014 3239 4077 nociva
3266 4034 3341 4077 ac
3381 4015 3904 4084 inconvenientia

2394 4112 2733 4174 abhorrere
2782 4130 2855 4173 ac
2904 4110 3142 4193 fugere.
3177 4148 3258 4158 —
3288 4113 3538 4189 Quinto,
3583 4115 3647 4177 in
3698 4116 3901 4181 Cano-

2394 4211 2539 4274 nica
2568 4211 2627 4274 S.
2660 4210 2873 4274 Jacobi
2919 4210 3167 4292 legitur,
3201 4212 3371 4294 quod
3412 4212 3733 4278 daemones
3764 4235 3902 4280 cre·
3928 4246 4271 4305 Jacob,„‚¹9,

2393 4311 2552 4373 dunt
2609 4318 2672 4373 et
2719 4310 3224 4373 contremiscunt
3273 4327 3287 4372 :
3341 4311 3451 4391 qui
3508 4321 3659 4375 sunt
3713 4322 3900 4379 actus

2392 4407 2761 4470 laudabiles
2797 4444 2878 4454 —
2907 4408 3117 4482 Sexto,
3152 4408 3471 4471 daemones
3511 4410 3563 4472 si
3611 4412 3676 4474 in
3716 4414 3897 4476 omni

2391 4512 2537 4566 actu
2586 4514 2873 4587 peccant,
2914 4523 3066 4587 ergo
3113 4513 3177 4567 et
3224 4506 3652 4582 demerentur,
3690 4528 3898 4591 quum

2392 4602 2596 4684 culpae
2640 4603 2944 4665 debeatur
2983 4603 3269 4685 punitio;
3305 4624 3635 4688 quumque
3674 4626 3901 4690 perpe-

2390 4709 2501 4764 tuo
2532 4701 2660 4763 sint
2689 4702 2995 4776 mansuri,
3020 4720 3211 4783 poena
3240 4704 3525 4785 ipsorum
3555 4714 3900 4787 augeretur

2392 4800 2457 4861 in
2506 4799 2854 4861 infinitum.
2887 4836 2969 4846 —-
3008 4802 3313 4882 Septimo,
3356 4812 3427 4864 ut
3475 4804 3775 4885 Origenes
3824 4806 3895 4868 in

2392 4898 2769 4961 Periarchon
2807 4906 2871 4961 et
2912 4899 2978 4960 in
3022 4900 3203 4961 libris
3242 4902 3630 4965 Stromatum
3674 4922 3747 4965 ac
3786 4924 3894 4966 su-

2319 5006 2363 5069 c
2394 5016 2507 5079 per
2536 4997 2814 5059 Threnos
2854 4996 3109 5074 fatetur,
3143 5000 3374 5063 decens
3414 5003 3666 5065 videtur
3699 5010 3771 5064 ut
3800 5004 3895 5067 in-

2393 5096 2579 5157 finita
2609 5096 3044 5159 misericordia
3072 5098 3250 5179 operi
3282 5118 3587 5162 manuum
3624 5121 3891 5165 suarum
3915 5126 4021 5174 soa
4044 5140 4263 5187 nugs,

2392 5196 2644 5257 tandem
2676 5194 2954 5276 porrigat
2979 5196 3319 5271 dexteram,
3336 5197 3518 5279 juxta
3546 5200 3713 5282 quod
3744 5202 3897 5264 scri·
3943 5262 4011 5307 H

2393 5301 2577 5376 ptum
2616 5300 2712 5355 est
2745 5310 2759 5354 τ
2794 5294 2999 5367 Quum
3036 5295 3235 5358 iratus
3273 5295 3497 5373 fueris,
3532 5298 3891 5364 misericor·
3914 5326 3969 5371 2.
4000 5266 4259 5326 ἡαπ
