4334 6242
516 502 604 549 Ax
641 503 864 551 Ansam
901 503 1117 551 smmi
1157 504 1258 550 rrA
1298 504 1434 551 sim·
1472 504 1535 550 ιΝ
1572 504 1799 550 cmm
1837 502 2226 562 consutum,
2259 504 2333 551 ur
2372 504 2640 551 raccant:
2678 504 2799 551 non
2834 504 3135 561 vunan-r,
3166 502 3295 550 mc.
3340 482 3459 549 393

362 672 468 753 jus
513 674 684 737 boni.
722 710 798 720 —
839 675 915 737 Et
959 676 1094 739 haec
1145 675 1302 738 ratio
1351 694 1424 737 ac
1472 676 1858 757 praecedenS‚
1890 673 1941 736 A
1973 674 2064 735 sic
2126 675 2402 736 retrahet
2461 674 2830 737 sensitivam
2892 682 3137 756 partem
3196 674 3277 737 ab
3338 673 3461 747 his,

365 774 795 836 communiter
856 774 1246 838 concludunt
1307 774 1858 837 confirmationem

363 870 734 951 angelorum
785 890 858 934 ac
908 873 1241 935 hominum
1293 873 1623 935 beatorum
1676 892 1690 935 :
1743 872 1862 935 hoc

363 970 646 1051 dempt0,
679 972 848 1053 quod
891 971 958 1033 in
997 971 1255 1034 bomine
1286 971 1521 1053 duplex
1553 978 1649 1033 est
1677 989 1864 1052 appe-

362 1067 540 1141 titus,
575 1087 846 1151 quorum
879 1090 1046 1133 unus
1076 1077 1170 1132 est
1201 1069 1564 1143 sensitivuS,
1594 1070 1705 1151 qui
1737 1088 1864 1132 non

366 1174 660 1229 movetur
715 1168 956 1230 directe
1003 1176 1066 1230 et
1117 1168 1482 1230 immediate
1529 1188 1566 1230 a
1612 1185 1864 1230 summo

365 1264 534 1327 bono
568 1284 583 1329 ε
618 1267 787 1328 unde
818 1266 1018 1328 videri
1053 1275 1285 1347 posset,
1309 1266 1477 1348 quod
1509 1266 1861 1328 secundum

365 1363 580 1445 ipsum
622 1364 824 1446 possit
855 1365 1045 1427 homo
1075 1364 1296 1426 beatus
1339 1364 1576 1427 moveri
1618 1365 1695 1425 ad
1735 1383 1863 1425 ma-

368 1462 522 1523 lum.
577 1462 700 1525 Sed
749 1463 869 1525 hoc
919 1481 1046 1525 non
1094 1471 1190 1525 est
1235 1482 1458 1525 verum
1503 1481 1518 1525 ε
1561 1463 1861 1544 quoniam

367 1579 510 1641 pars
566 1560 870 1622 sensitiva
913 1580 1056 1642 quae
1105 1579 1275 1623 nunc
1320 1562 1524 1624 solum
1575 1559 1862 1642 aliquali-

367 1666 462 1720 ter
515 1659 854 1741 participat
909 1660 1239 1733 rationem,
1292 1660 1356 1721 in
1407 1660 1610 1741 patria
1661 1660 1861 1721 totali-

369 1766 461 1819 ter
491 1765 898 1820 convertetur
929 1760 1006 1820 ad
1056 1758 1386 1832 rationem,
1421 1758 1743 1840 accipiens
1781 1758 1861 1821 ab

1972 772 2143 853 quod
2175 790 2301 834 non
2332 773 2751 835 delectabitur
2781 774 2844 835 in
2878 772 2970 835 eis
3001 771 3334 835 carnaliter
3364 790 3469 834 ne-

1974 889 2097 952 que
2148 870 2524 943 inordinate,
2572 872 2681 932 sed
2730 870 3221 945 ordinatissime,
3273 869 3470 933 sensi-

1974 967 2189 1029 biliter
2237 976 2471 1041 tamen,
2523 988 2596 1030 ac
2651 969 2851 1031 multo
2909 969 3221 1032 intensius
3280 988 3469 1051 quam

1974 1085 2145 1127 nunc
2186 1066 2250 1128 in
2293 1085 2697 1149 quocumque
2746 1067 2995 1148 objecto
3045 1067 3333 1131 sensibili
3373 1087 3475 1130 va-

1975 1163 2099 1226 leat
2156 1165 2476 1239 delectari,
2538 1166 2705 1228 sicut
2762 1174 2824 1229 et
2881 1174 3034 1230 tunc
3094 1167 3298 1248 major
3355 1167 3476 1229 erit

1975 1263 2280 1326 vivacitas
2319 1264 2554 1326 virium
2600 1266 3069 1340 sensitivarum,
3102 1273 3164 1328 et
3206 1265 3473 1348 disposi-

1977 1361 2064 1424 tio
2109 1363 2312 1425 multo
2357 1362 2582 1425 melior
2624 1364 3014 1426 earumdem.

2055 1460 2244 1522 Porro
2303 1462 2531 1542 quaerit
2588 1462 2693 1524 hie
2739 1463 3199 1537 Bonaventura,
3254 1470 3470 1524 utrum

1975 1557 2377 1621 confirmatio
2418 1568 2621 1623 mutet
2660 1560 2934 1623 liberum
2969 1560 3326 1623 arbitrium.
3361 1561 3472 1622 Re-

1975 1658 2264 1737 spondet,
2307 1660 2475 1739 quod
2526 1666 2728 1721 mutat
2774 1660 2931 1721 illud
2980 1678 3107 1722 non
3159 1666 3470 1741 quantum

1975 1756 2053 1816 ad
2112 1774 2293 1818 suam
2352 1756 2793 1832 substantiam,
2854 1759 2963 1820 sed
3021 1765 3331 1839 quantum
3392 1757 3468 1819 ad

367 1874 439 1916 ea
484 1875 598 1937 per
641 1856 1127 1919 redundantiam
1175 1857 1496 1936 obJectum
1547 1877 1676 1919 sum
1727 1876 1863 1939 per·
1900 1856 1947 1918 B
1977 1860 2250 1931 statum3
2302 1855 2401 1916 vel
2463 1874 2577 1937 per
2632 1855 2755 1917 alia
2813 1856 3026 1929 verba,
3079 1873 3207 1918 non
3267 1862 3471 1917 mutat

369 1952 684 2023 fectionis,
717 1962 781 2016 et
811 1974 936 2016 non
970 1975 1006 2017 a
1037 1974 1317 2036 corpore.
1353 1955 1498 2017 Ideo
1533 1974 1862 2017 summum

372 2050 606 2113 bonum
649 2072 762 2133 per
802 2053 1286 2115 redundantiam
1321 2054 1610 2115 eamdem
1653 2072 1865 2134 perce-

371 2156 546 2230 ptum
591 2150 670 2212 ab
713 2151 1000 2233 appetitu
1043 2152 1368 2223 sensitiv0‚
1405 2152 1761 2213 necessario
1802 2160 1865 2213 et

372 2247 781 2310 immobiliter
831 2256 1042 2311 movet
1086 2248 1299 2331 ipsum
1347 2249 1425 2311 ad
1474 2249 1570 2311 sui
1623 2249 1864 2311 deside-

371 2345 558 2417 rium,
599 2353 662 2407 et
705 2348 968 2408 retrahit
1013 2346 1094 2409 ab
1137 2347 1312 2409 omni
1364 2347 1722 2410 delectabili
1771 2366 1864 2409 se-

372 2444 648 2505 cundum
692 2461 941 2525 corpuS.
985 2445 1127 2507 Haec
1167 2445 1514 2507 UdalricuS.

448 2541 750 2615 Quocirca
780 2542 1052 2615 videtur,
1072 2544 1242 2624 quod
1275 2542 1486 2605 verbis
1519 2543 1658 2605 istis
1688 2542 1867 2605 Udal-

372 2640 482 2702 rici
525 2658 650 2703 non
692 2640 1114 2715 obstantibuS,
1151 2642 1310 2704 ratio
1352 2642 1460 2703 illa
1489 2641 1742 2704 Thomae
1783 2643 1863 2703 sit

371 2739 751 2800 conveniens
781 2746 844 2799 et
873 2738 1523 2801 subtiliS.1ncreat11m
1556 2740 1726 2801 enim
1759 2739 1864 2801 ob-

366 2836 604 2915 jectum
656 2836 881 2917 implet
927 2844 1122 2899 totam
1178 2839 1524 2919 potentiam
1575 2856 1686 2899 seu
1737 2838 1860 2899 vir-

370 2941 563 2995 tutem
608 2934 928 3015 appetitus
970 2936 1184 3008 creati,
1219 2944 1526 3017 quantum
1572 2936 1649 2997 ad
1691 2936 1753 2997 id
1797 2937 1861 2997 in

1979 1950 2134 2013 illud
2187 1960 2494 2033 quantum
2545 1954 2622 2014 ad
2672 1972 2831 2025 esse,
2874 1955 2985 2015 sed
3030 1961 3340 2035 quantum
3390 1954 3469 2015 ad

1978 2048 2139 2111 bene
2169 2068 2307 2111 esse
2341 2068 2355 2111 ε
2390 2050 2539 2131 quia
2568 2051 2763 2113 alium
2806 2051 2996 2113 habet
3026 2070 3197 2113 nunc
3238 2058 3473 2113 statum

1977 2146 2277 2229 aliudque
2319 2148 2860 2229 complementum
2906 2168 3098 2229 quam
3142 2148 3340 2230 prius.

2056 2244 2150 2307 Ad
2192 2245 2358 2307 istud
2403 2264 2679 2326 quoque,
2714 2254 2929 2308 utrum
2974 2246 3318 2309 obstinatio
3366 2266 3474 2308 au-

1978 2343 2138 2406 ferat
2179 2343 2573 2407 daemonibus
2616 2344 2798 2406 liberi
2841 2344 3087 2406 arbitrii
3136 2365 3345 2419 usum,
3381 2364 3473 2407 re-

1978 2443 2246 2524 spondet
2280 2462 2293 2506 :
2328 2444 2509 2515 UsuS,
2545 2450 2731 2525 prout
2761 2462 2931 2504 nune
2969 2442 3234 2517 sufficit,
3268 2444 3475 2525 dupli-

1978 2540 2135 2602 citer
2176 2542 2467 2603 sumitur.
2504 2543 2639 2604 Uno
2678 2542 2886 2615 mode,
2921 2559 3036 2624 pro
3074 2550 3218 2603 actu
3258 2542 3473 2604 elicito

1975 2658 2010 2700 a
2056 2639 2358 2719 potentia,
2392 2647 2454 2701 et
2499 2640 2585 2701 ita
2634 2659 2786 2701 usus
2839 2638 3019 2700 liberi
3066 2638 3335 2713 arbitrii,
3376 2648 3473 2701 est

1977 2734 2175 2798 libere
2224 2737 2386 2799 velle
2436 2737 2570 2800 sive
2620 2737 2852 2818 eligere
2900 2756 2913 2801 ε
2960 2738 3179 2818 sicque
3229 2738 3295 2798 in
3346 2737 3466 2801 ‹1ae-

1976 2834 2276 2896 monibus
2337 2843 2568 2909 manet,
2630 2836 2931 2917 quoniam
2991 2834 3191 2897 libere
3248 2835 3470 2897 volunt

1975 2934 2144 3015 quod
2175 2934 2415 2996 volunt.
2453 2932 2763 3008 Secunde,
2800 2952 2913 3016 pro
2946 2942 3091 2996 actu
3122 2954 3159 2995 a
3188 2933 3471 3015 potentia

368 3049 492 3112 quo
526 3030 848 3093 beatitudo
879 3034 1300 3094 essentialiter
1330 3043 1426 3096 est
1457 3035 1808 3096 consistens
1843 3052 1858 3098 ε
1901 3034 1943 3096 C
1974 3031 2189 3093 elicito
2228 3031 2307 3092 ad
2352 3040 2596 3093 rectum
2640 3051 2751 3093 seu
2797 3032 3084 3094 debitum
3129 3031 3327 3093 finem
3360 3049 3375 3093 t
3408 3039 3472 3093 et

369 3129 552 3210 cujus
583 3137 870 3211 respectu
899 3139 960 3193 et
988 3132 1448 3212 comparatione
1477 3150 1660 3194 omne
1691 3132 1862 3193 aliud

371 3228 434 3289 in
470 3246 600 3310 quo
645 3228 1056 3291 accidentalis
1106 3229 1395 3292 consistit
1443 3230 1735 3305 felicitaS,
1769 3239 1864 3292 est

369 3326 544 3388 velut
571 3345 763 3389 arena
799 3326 1048 3407 exigua,
1082 3334 1144 3389 et
1174 3327 1364 3390 etiam
1396 3328 1753 3391 virtualiter
1789 3348 1862 3390 ac

368 3426 917 3506 supereminenter
955 3425 1316 3487 continetur
1357 3426 1420 3487 in
1461 3445 1714 3489 summo
1755 3426 1862 3489 bo-

367 3541 469 3595 no,
505 3541 622 3585 nec
668 3524 922 3605 proprie
963 3523 1287 3606 appetit-ur
1323 3532 1500 3586 extra
1539 3524 1719 3597 illud,
1753 3525 1862 3587 sed

370 3620 430 3681 in
465 3620 577 3683 illo
607 3628 668 3683 et
699 3621 1053 3683 secundum
1093 3620 1272 3695 illud,
1309 3622 1428 3685 hoc
1457 3631 1574 3694 est,
1627 3624 1860 3685 intuitu

367 3727 428 3779 et
463 3736 680 3780 amore
717 3718 942 3800 ipsius,
976 3728 1040 3781 et
1079 3720 1429 3782 secundum
1471 3720 1861 3782 voluntatem

367 3815 526 3896 ejuS‚
567 3822 758 3897 atque
803 3834 917 3898 per
967 3816 1337 3879 relationem
1385 3819 1462 3880 ad
1507 3818 1736 3900 ipsum.
1783 3855 1864 3864 —

367 3913 862 3995 Amplius,quod
894 3914 1116 3976 scribit
1143 3915 1667 3997 UdalricuS,quod
1700 3936 1866 3979 sum-

367 4031 542 4073 mum
582 4011 824 4073 bonum
867 4021 1077 4075 movet
1105 4014 1182 4075 ad
1224 4032 1290 4075 se
1330 4014 1685 4095 appetitum
1725 4034 1864 4077 sen-

366 4111 620 4172 sitivum
651 4130 764 4192 per
795 4112 1384 4182 redundantiamita
1409 4114 1571 4193 quod
1601 4114 1863 4177 retrahit

1976 3129 2062 3192 ita
2106 3130 2170 3191 in
2216 3130 2342 3192 illis
2386 3148 2512 3193 non
2558 3130 2809 3193 mansit..

2054 3229 2275 3291 Adhuc
2325 3230 2549 3311 quaerit
2598 3230 2703 3290 hic
2753 3229 3001 3303 Doctor,
3054 3236 3268 3290 utrum
3328 3246 3472 3291 con-

1973 3324 2255 3389 firmatio
2294 3328 2394 3389 vel
2435 3319 2777 3389 obstinatio
2818 3334 3043 3407 augeat
3081 3327 3181 3389 vel
3226 3327 3472 3389 minuat

1975 3424 2285 3486 libertatis
2334 3425 2709 3487 dominium.
2752 3426 3112 3506 Respondet
3163 3444 3176 3488 :
3229 3424 3470 3506 Duplex

1976 3530 2071 3585 est
2101 3523 2457 3585 dominium
2496 3541 2510 3584 ε
2545 3542 2747 3584 unum
2786 3523 2957 3604 quod
2993 3510 3339 3604 opponitur
3368 3540 3470 3585 eo-

1974 3620 2246 3699 actioni3
2286 3621 2555 3682 alterum
2585 3622 2752 3702 quod
2786 3622 3130 3703 opponitur
3169 3621 3469 3701 subjecti-

1975 3718 2100 3781 oni.
2136 3719 2420 3781 Primum
2460 3719 2816 3781 dominium
2851 3728 2945 3782 est
2978 3718 3178 3782 libero
3207 3719 3471 3783 arbitrio

1975 3817 2331 3889 essentiale,
2364 3817 2516 3898 quia
2555 3817 2934 3899 simpliciter
2964 3824 3026 3879 et
3056 3817 3341 3879 absolute
3373 3836 3472 3880 co-

1975 3914 2037 3994 gi
2097 3932 2223 3977 non
2284 3924 2491 3996 potest
2544 3936 2557 3979 :
2610 3916 2751 3977 ideo
2810 3934 2927 3977 nec
2986 3914 3469 3977 confirmatione

1974 4022 2261 4093 augetur,
2324 4031 2442 4075 nec
2501 4013 2924 4076 obstinatione
2984 4014 3316 4089 minuitur,
3378 4033 3472 4075 se-

1974 4111 2256 4173 cundum
2314 4112 2379 4172 B.
2434 4112 2823 4173 Bernardum
2885 4111 3048 4174 libro
3103 4112 3181 4173 de
3240 4110 3469 4174 Libero

368 4228 511 4270 eum
561 4208 641 4270 ab
691 4210 866 4270 omni
916 4209 1277 4271 delectabili
1328 4211 1680 4273 secundum
1731 4231 1862 4274 cor·
1893 4207 2259 4284 Darbitrio,
2311 4209 2423 4271 ubi
2482 4209 2658 4283 dicit,
2712 4209 2880 4290 quod
2943 4216 3154 4271 manet
3212 4208 3471 4271 libertas

368 4326 504 4388 pus,
548 4326 676 4370 non
727 4307 978 4369 videtur
1024 4308 1360 4370 omnifarie
1406 4328 1627 4371 verum
1664 4329 1677 4373 :
1712 4313 1862 4393 quia

367 4425 488 4468 non
532 4406 796 4467 retrahit
834 4406 1000 4468 vires
1040 4406 1374 4469 sensitivas
1416 4408 1765 4489 cognitivas
1800 4418 1861 4471 et

367 4504 744 4585 appetitivas
785 4503 866 4566 ab
905 4504 1140 4566 intuitu
1186 4513 1249 4567 et
1292 4524 1504 4567 amore
1551 4515 1860 4569 creatura-

368 4622 504 4664 rum
529 4603 998 4684 ·quarumdam,
1031 4622 1172 4685 quae
1215 4612 1278 4665 et
1317 4605 1660 4667 exteriores
1705 4605 1860 4668 inte-

368 4700 688 4781 rioresque
737 4719 984 4775 sensuS,
1027 4701 1158 4764 imo
1207 4710 1268 4763 et
1317 4704 1670 4784 appetitum
1723 4723 1862 4765 sen-

368 4798 624 4860 sitivum
689 4795 1030 4873 oblectant,
1096 4800 1262 4861 sicut
1323 4800 1652 4881 potissime
1714 4810 1863 4863 sunt

368 4895 592 4957 Christi
643 4896 1002 4958 humanitas
1047 4905 1110 4959 et
1152 4897 1607 4977 gloriosissima
1647 4898 1856 4980 Virg0.

367 4992 693 5056 Probabile
751 4994 942 5055 etiam
1001 5002 1117 5068 est,
1170 4996 1336 5076 quod
1395 4995 1458 5056 in
1508 5015 1702 5077 regno
1752 4997 1862 5061 illo

371 5109 639 5174 superno
689 5092 810 5153 erit
861 5092 996 5154 laus
1055 5094 1164 5156 Dei
1217 5094 1474 5169 vocalis,
1527 5102 1716 5176 atque
1764 5096 1863 5175 (ut

372 5191 548 5271 puto)
604 5189 1024 5252 suavissimus
1081 5191 1586 5271 glorificatorum
1648 5212 1863 5275 corpo—

373 5306 508 5351 rum
551 5289 725 5352 odor.
761 5289 1210 5353 Verumtamen
1255 5309 1578 5353 summum
1620 5291 1859 5354 bonum

1971 4309 2316 4371 voluntatis
2360 4308 2621 4388 integra,
2656 4314 2782 4368 tam
2830 4308 2894 4369 in
2941 4307 3123 4369 malis
3167 4326 3355 4389 quam
3402 4308 3469 4370 in

1971 4406 2181 4479 boniS‚
2222 4414 2351 4467 tam
2413 4407 2475 4467 in
2528 4406 2817 4468 Creatore
2867 4424 3058 4487 quam
3117 4406 3181 4468 in
3230 4414 3471 4467 creatu-

1972 4505 2080 4566 ris,
2118 4504 2480 4566 Dominium
2513 4513 2723 4566 autem
2762 4504 3070 4566 libertatis
3101 4505 3466 4586 oppositum

1974 4601 2357 4681 subjectioni
2392 4620 2503 4663 seu
2533 4601 2846 4675 servituti,
2868 4602 2933 4663 in
2968 4602 3177 4683 pravis
3209 4610 3272 4664 et
3302 4603 3471 4664 dam-

1972 4702 2138 4763 natis
2186 4701 2559 4781 depressum
2607 4709 2703 4762 est
2749 4708 2811 4761 et
2863 4700 3202 4775 minutum,
3249 4709 3469 4783 utpote

1973 4800 2146 4862 vitiis
2209 4798 2610 4880 miseriisque
2668 4796 3054 4879 subjectum,
3110 4807 3172 4860 et
3232 4798 3318 4862 ita
3373 4809 3470 4862 est

1973 4898 2398 4961 obstinatione
2459 4897 2880 4976 minoratum3
2933 4897 2997 4958 in
3058 4898 3263 4961 Beatis
3320 4917 3469 4961 vero

1975 5016 2088 5079 per
2134 4996 2685 5058 confirmationem
2732 5004 2829 5057 est
2872 5003 3129 5057 auctum
3174 5014 3187 5057 :
3231 4996 3295 5057 in
3340 5014 3470 5058 om-

1974 5094 2164 5156 nibus
2217 5100 2425 5155 tamen
2475 5094 2907 5175 Omnipotenti
2958 5093 3338 5172 subJectum.
3390 5128 3470 5138 —

1971 5192 2113 5253 Herc
2157 5192 2612 5254 Bonaventura.

2055 5292 2242 5354 Porro
2290 5290 2618 5353 Durandus
2654 5306 2667 5351 ε
2702 5290 2835 5363 Hic,
2882 5289 3109 5372 inquit,
3152 5297 3298 5353 sunt
3342 5290 3469 5352 duo
