4334 6242
769 513 891 579 520

1469 535 1536 580 IN
1575 535 1797 581 LIBRUM
1837 535 1880 582 11
1922 533 2403 581 SENTENTIARUM.
2449 551 2530 563 —
2568 532 2723 580 ms'r.
2766 533 2845 598 13
2890 533 3113 590 QUAEST.
3158 533 3179 580 1

491 721 742 775 luchina,
773 723 874 779 na,
904 704 1089 786 juxta
1124 704 1282 767 illud
1323 705 1634 768 Zachariae
1668 723 1683 767 :
1716 704 1991 786 Angelus
2030 705 2140 788 qui
2183 705 2269 767 lo-
2297 703 2348 767 A
2380 726 2413 764 «
2456 705 2787 768 exterioris
2836 704 3040 769 officii
3077 727 3112 764 2>
3159 724 3172 767 :
3214 704 3367 788 quia
3410 713 3505 767 est
3552 704 3873 786 quoddam

475 789 518 830 4.

525 2681 581 2726 lll
619 2681 731 2736 Rev.

472 2758 571 2795 nn.
593 2746 660 2786 22.

493 2807 570 2851 Pe.
585 2819 736 2858 mxxvii,

471 2873 539 2934 ‚⁴⁹-

494 3378 646 3423 Eoeod.
665 3392 738 3432 ιιι,

474 3445 542 3486 29.

399 3596 404 3602 ·
499 3583 544 3624 p.
566 3567 706 3613 4³21).

770 801 1085 884 quebatur
1124 803 1189 864 in
1227 822 1353 877 me,
1387 803 1847 884 egrediebatur,
1881 811 1944 865 et
1969 803 2131 866 alius
2161 823 2267 866 an-

767 901 947 981 gelus
997 901 1439 982 egrediebatur
1489 902 1553 964 in
1601 920 1939 964 occursum
1991 901 2152 982 ejus,
2203 908 2267 963 et

768 998 928 1060 dixit
963 1018 976 1061 :
1012 999 1205 1062 Curre
1237 1006 1300 1061 et
1335 1000 1593 1080 loquere
1624 1001 1702 1062 ad
1736 1019 2005 1082 puerum
2042 1000 2259 1062 istum.

769 1096 950 1159 Circa
987 1098 1156 1179 quod
1199 1097 1286 1160 ait
1329 1097 1666 1179 Gregorius
1703 1117 1716 1161 :
1750 1098 1955 1171 Quum
2001 1098 2264 1178 angelus

765 1195 855 1257 ait
901 1196 981 1257 ad
1030 1195 1350 1276 angelum,
1399 1196 1594 1259 Curre
1616 1214 1634 1275 v3
1677 1195 1945 1258 dubium
1995 1213 2120 1258 non
2168 1203 2266 1258 est

767 1293 924 1374 quin
955 1293 1217 1374 angelus
1255 1293 1550 1375 angelum
1587 1295 1816 1368 mittat,
1851 1293 2143 1375 superior
2175 1293 2265 1354 in-

767 1390 1085 1454 feriorem.
1120 1391 1280 1453 Hinc
1315 1393 1475 1454 dixit
1509 1410 1522 1454 :
1556 1393 1625 1454 ln
1667 1400 2011 1474 conspectu
2043 1391 2268 1454 Condi-

763 1488 919 1551 toris
950 1490 1235 1571 angelica
1276 1489 1630 1552 ministeria
1667 1489 1954 1553 ordinata
1990 1497 2160 1564 sunt,
2197 1497 2266 1551 ut

767 1588 1091 1650 communi
1141 1587 1445 1650 felicitate
1499 1588 1908 1650 beatitudinis
1960 1587 2262 1669 opificem

767 1704 954 1747 suum
995 1685 1282 1748 videntes
1325 1687 1661 1768 gaudeant,
1696 1705 1895 1767 quum
1936 1687 2051 1768 pro'
2094 1704 2264 1750 com-

766 1783 945 1845 muni
980 1783 1394 1866 dispositione
1433 1785 1759 1864 dignitatis
1789 1784 1897 1846 alii
1938 1784 2081 1846 aliis
2115 1783 2264 1846 sub-

2376 801 2667 867 officium
2718 803 2995 866 exterius
3042 803 3120 866 ad
3168 803 3338 886 quod
3390 802 3671 885 deputati
3723 809 3877 864 sunt

2375 901 2582 983 angeli
2642 901 2977 965 inferiores
3029 922 3102 965 ac
3155 902 3371 975 medii,
3422 909 3493 963 ut
3550 901 3871 974 nuntiare,

2376 1000 2637 1081 punire3
2660 1000 2832 1062 aliud
2864 1008 2960 1062 est
2990 1000 3285 1063 officium
3316 999 3605 1072 interiuS,
3626 1007 3697 1060 ut
3726 1017 3875 1080 pur-

2374 1116 2544 1179 gare,
2598 1098 2986 1173 illuminare,
3035 1100 3112 1161 ad
3164 1099 3333 1181 quod
3392 1097 3676 1180 deputati
3724 1103 3875 1160 sunt

2374 1197 2581 1276 angeli
2638 1197 2717 1259 de
2774 1197 2997 1260 ordine
3057 1196 3395 1279 superiori,
3450 1205 3521 1258 ut
3580 1194 3875 1277 purgatio

2373 1295 2547 1358 Isaiae
2586 1294 2753 1357 facta
2790 1295 3147 1358 ministerio
3177 1295 3529 1376 Seraphim.
3564 1293 3877 1357 Similiter
3903 1311 3976 1355 ι..
4006 1324 4079 1358 τι.
4102 1314 4153 1360 e,
4174 1313 4227 1352 τ.

2374 1410 2571 1475 quum
2605 1393 2859 1466 dicitur,
2892 1393 3087 1455 Millia
3117 1393 3394 1455 millium
3428 1391 3875 1453 ministrabant
3902 1409 4231 1458 Dammae.

2376 1490 2458 1564 ei,
2489 1499 2634 1565 etc.,
2672 1509 2797 1554 non
2829 1492 3015 1553 datur
3044 1491 3337 1572 intelligi,
3371 1490 3541 1572 quod
3570 1489 3681 1571 qui
3711 1489 3877 1551 adsi-

2376 1595 2553 1649 stunt
2597 1607 2721 1652 non
2774 1589 3160 1664 ministrent,
3193 1597 3304 1651 aut
3350 1605 3730 1665 econverso;
3762 1587 3874 1649 sed

2378 1687 2545 1766 quod
2578 1687 2866 1749 omnium
2897 1686 2981 1748 sit
3008 1687 3244 1768 duplex
3276 1685 3592 1760 officium,
3625 1685 3877 1748 scilicet

2375 1785 2739 1846 ministrare
2781 1793 2971 1866 atque
3014 1785 3338 1848 adsistere.

767 1879 1143 1943 ministrant.
1160 1881 1262 1943 Sic
1293 1901 1569 1963 namque
1599 1890 1660 1944 et
1694 1881 1758 1942 in
1791 1900 1984 1962 regno
2014 1890 2263 1945 terreno
2302 1881 2348 1942 B
2463 1883 2694 1956 Quarto
2758 1883 3004 1965 quaerit,
3065 1884 3142 1945 ad
3210 1884 3366 1965 quid
3434 1882 3879 1966 principaliter

765 1981 1058 2062 superior
1098 1979 1420 2043 officiatus
1463 1981 1657 2042 mittit
1695 1980 2086 2044 inferiorem.
2118 1982 2263 2044 Haec

765 2077 1138 2140 Alexander.

845 2176 1133 2240 Secundo
1174 2177 1423 2259 quaerit,
1457 2184 1674 2239 utrum
1715 2185 1843 2239 tam
1884 2177 2035 2241 boni
2069 2196 2260 2258 quam

767 2275 918 2338 mali
976 2275 1183 2356 angeli
1245 2276 1578 2337 mittantur
1627 2294 1663 2336 a
1711 2275 1852 2337 Deo.
1907 2275 2266 2358 Respondet

765 2373 934 2457 quod
977 2373 1125 2436 imo.
1160 2373 1335 2447 Quod
1381 2393 1580 2455 quum
1624 2381 1866 2435 certum
1912 2375 1995 2435 sit
2036 2375 2112 2436 de
2155 2394 2264 2437 an-

766 2471 924 2553 gelis
974 2471 1181 2546 boniS,
1232 2471 1460 2553 probat
1507 2471 1628 2534 hoc
1677 2471 1846 2534 idem
1896 2472 1975 2534 de
2022 2472 2265 2553 angelis

769 2569 951 2631 malis
999 2587 1115 2650 per
1167 2567 1231 2631 id
1281 2569 1447 2650 quod
1499 2568 1684 2632 tertio
1733 2568 1975 2650 Regum
2033 2568 2267 2650 legitur

769 2666 928 2729 Deus
960 2667 1194 2729 dixisse
1223 2667 1447 2748 angelo
1479 2667 1644 2729 malo
1679 2685 1693 2729 :
1727 2668 1916 2741 Vade,
1941 2668 2261 2749 egredere,

767 2773 830 2828 et
871 2765 970 2828 fac
1013 2765 1118 2826 ita.
1152 2764 1358 2846 Atque
1403 2764 1465 2826 in
1507 2765 1753 2828 Psalmo
1786 2783 1799 2826 :
1833 2765 2265 2828 immissiones

768 2881 882 2945 per
942 2863 1198 2944 angelos
1257 2862 1476 2926 malos.
1525 2862 1975 2925 Verumtamen
2034 2863 2098 2925 in
2153 2864 2264 2926 tali

770 2961 1073 3024 missione
1125 2961 1248 3022 alia
1294 2969 1390 3024 est
1439 2960 1707 3025 intentio
1763 2963 1873 3023 Dei
1930 2962 2261 3037 mittentiS,

767 3059 892 3122 alia
940 3059 1182 3122 Satanae
1232 3059 1410 3121 missi
1464 3077 1478 3121 :

766 3158 932 3221 Deus
966 3158 1028 3220 in
1070 3157 1334 3232 bonum,
1369 3158 1476 3239 qui
1517 3159 1595 3220 de
1637 3157 1822 3220 malis
1860 3157 2034 3219 elicit
2064 3158 2266 3220 multa

768 3256 953 3319 bona.
1009 3292 1090 3302 —
1141 3257 1284 3320 Haec
1340 3255 1716 3318 Alexander.
1771 3255 1888 3328 Qui
1948 3255 2013 3316 in
2072 3255 2266 3335 hujus

768 3351 1136 3436 quaestionis
1167 3351 1482 3414 solutione
1521 3351 1810 3413 concedit
1845 3351 2268 3433 primogenita

767 3453 1204 3536 AEgyptiorum
1267 3449 1345 3512 ab
1400 3450 1641 3530 angelis
1702 3449 1886 3512 malis
1939 3469 2259 3532 percussa.

767 3553 856 3613 De
899 3569 1026 3632 qua
1070 3568 1134 3612 re
1177 3548 1360 3612 aliter
1400 3549 1640 3611 dictum
1685 3556 1780 3610 est
1822 3566 2033 3630 supra.

849 3649 1057 3712 Tertio
1107 3648 1355 3730 quaerit,
1407 3655 1622 3709 utrum
1673 3647 1880 3728 angeli
1933 3647 2268 3709 mittantur

766 3749 846 3810 de
875 3746 1161 3829 quolibet
1193 3746 1432 3809 ordine.
1465 3746 1558 3806 Ad
1589 3745 1758 3826 quod
1799 3744 1958 3806 nihil
2001 3754 2266 3808 asserto-

769 3845 860 3908 rie
893 3846 1046 3908 dicit
1077 3843 1579 3918 determinando,
1614 3842 1720 3904 sed
1753 3842 2109 3906 recitatorie
2141 3851 2270 3905 tan·

765 3953 926 4019 tum,
961 3943 1127 4006 sicut
1177 3942 1242 4005 in
1287 3941 1496 4003 littera
1543 3942 1882 4022 respondet
1928 3941 2263 4023 Magister:

767 4025 858 4104 Ex
924 4043 1067 4116 hoc,
1132 4040 1452 4122 inquienS,
1519 4041 1690 4122 quod
1757 4039 1842 4102 ait
1906 4039 2264 4120 GregoriuS,

767 4141 990 4204 Utrum
1034 4157 1149 4221 per
1189 4157 1258 4200 se
1301 4138 1434 4201 haec
1478 4137 1714 4200 faciant
1761 4137 2120 4219 superiores
2163 4158 2268 4200 an-

2376 1980 2726 2043 mittantur.
2776 1982 3154 2064 Respondet,
3206 1982 3376 2063 quod
3422 1981 3502 2044 ad
3552 1980 3877 2062 complen-

2374 2080 2525 2141 dum
2567 2079 2800 2142 divinae
2841 2079 3313 2160 beneplacitum
3353 2079 3733 2157 voluntatis;
3765 2079 3875 2141 de-

2374 2177 2521 2240 inde
2566 2185 2825 2259 propter
2867 2179 3218 2241 electorum
3256 2179 3550 2253 salutem,
3580 2179 3762 2258 juxta
3801 2177 3876 2238 il-

2374 2275 2482 2337 lud
2507 2275 2788 2358 Apostoli
2810 2293 2823 2338 ε
2843 2277 2914 2338 In
2946 2276 3373 2339 ministerium
3404 2276 3579 2339 missi
3611 2284 3876 2358 propter
3904 2294 4131 2344 near-1.
4154 2299 4235 2338 u.

2374 2391 2481 2436 eos
2539 2373 2652 2454 qui
2708 2373 3123 2436 hereditatem
3183 2375 3445 2455 capiunt
3500 2374 3740 2436 salutis,
3790 2407 3877 2419 —

2374 2472 2605 2545 Quinto
2652 2471 3031 2544 sciscitatur,
3067 2480 3282 2534 utrum
3333 2473 3568 2554 singuli
3622 2471 3878 2534 mittan-

2375 2578 2479 2631 tur
2508 2570 2586 2631 ad
2626 2569 3043 2632 determinata
3081 2569 3300 2633 officia
3329 2571 3757 2652 adimplenda,
3790 2590 3875 2632 an

2375 2668 2611 2748 singuli
2644 2667 3089 2730 indifferenter
3117 2669 3196 2730 ad
3226 2669 3459 2732 omnia.
3476 2669 3873 2750 Respondet:

2374 2765 2638 2827 Videtur
2666 2765 3215 2848 dicendum,quod
3248 2766 3482 2847 singuli
3514 2767 3641 2829 sint
3668 2785 3881 2850 prom·

2375 2865 2468 2945 pti
2497 2865 2575 2925 ad
2606 2863 2815 2926 omnia
2845 2863 3063 2926 officia
3092 2866 3465 2946 peragenda.
3502 2865 3621 2928 Sed
3654 2866 3881 2947 quoni-

2374 2982 2477 3024 am
2508 2963 2795 3043 quaedam
2827 2971 2975 3024 sunt
3007 2971 3264 3045 propter
3290 2963 3874 3046 appropriationem

1533 3059 1717 3140 cujus
1769 3059 2012 3121 malitia
2064 3060 2265 3120 utitur
2302 3061 2345 3124 C
2376 3061 2819 3142 quorumdam,
2867 3067 3129 3142 apparet
3176 3062 3344 3142 quod
3393 3061 3487 3123 illi
3539 3061 3881 3124 mittantur

2376 3158 2454 3220 ad
2497 3158 2605 3220 illa
2642 3157 3039 3240 frequentius
3075 3176 3087 3219 :
3122 3167 3185 3220 et
3224 3159 3277 3220 si
3321 3159 3431 3240 qui
3474 3159 3581 3222 alii
3625 3160 3705 3222 de
3747 3161 3879 3223 alio

2377 3257 2570 3320 choro
2618 3257 2694 3318 ad
2741 3257 2850 3317 illa
2898 3257 3260 3330 mittuntur,
3293 3256 3618 3339 accipiunt
3664 3259 3877 3340 quoad

2375 3354 2496 3417 hoc
2526 3353 3101 3417 denominationem
3132 3355 3422 3435 ipsorum.
3438 3355 3677 3418 ——Haec
3698 3355 3881 3418 Alex-

2376 3453 2593 3514 ander.

2456 3552 2643 3613 Porro
2700 3551 3139 3613 Bonaventura
3194 3551 3402 3634 primo
3460 3551 3566 3614 hic
3622 3553 3877 3634 quaerit‚

2377 3656 2593 3711 utrum
2624 3648 2831 3729 angeli
2864 3649 3196 3711 mittantur
3224 3650 3299 3711 ad
3332 3649 3642 3712 homines.
3678 3649 3754 3712 Et
3772 3669 3882 3713 ‚re-

2378 3747 2646 3829 spondet
2684 3765 2698 3809 :
2732 3747 2953 3828 Angeli
3003 3747 3243 3830 absque
3290 3748 3489 3810 dubio
3537 3749 3883 3811 mittuntur

2376 3845 2455 3906 ad
2484 3845 2797 3908 homines.
2834 3845 2909 3906 Et
2948 3847 3238 3927 quamvis
3278 3846 3472 3926 hujus
3508 3847 3752 3928 possint
3784 3866 3883 3909 ra-

2376 3943 2581 4005 tiones
2631 3943 2925 4025 plurimae
2966 3943 3294 4024 assignari,
3330 3963 3455 4005 una
3503 3952 3714 4006 tamen
3764 3962 3879 4025 po-

2376 4041 2624 4102 tissima
2690 4060 2767 4103 ex
2828 4041 2965 4122 lege
3032 4041 3308 4103 sumitur
3369 4042 3667 4104 caritatis.
3731 4043 3881 4106 Haec

2378 4140 2548 4202 enim
2583 4139 2804 4202 missio
2836 4140 3181 4203 concordat·
3212 4139 3457 4202 caritati
3488 4140 3739 4213 divinae,
3774 4159 3881 4202 ca-

766 4238 908 4321 geli,
932 4256 1012 4299 an
1045 4255 1160 4319 per
1188 4235 1475 4317 subjecta
1503 4235 1772 4316 agmina,
1795 4253 1910 4297 nos
1939 4235 2268 4298 affirmare
2298 4241 2346 4303 D
2378 4237 2546 4300 ritati
2577 4238 2898 4318 angelicae,
2918 4247 2980 4300 et
3012 4238 3256 4300 caritati
3287 4238 3879 4302 humanae.Caritati

767 4354 895 4399 non
937 4336 1241 4398 audemus
1273 4335 1440 4416 quod
1483 4335 1672 4396 certis
1714 4333 2098 4396 testimoniis
2139 4352 2264 4397 non

772 4433 1114 4516 probatur3
1154 4432 1301 4495 inde
1330 4432 1578 4514 accepit
1605 4433 1919 4512 Magister,
1953 4432 2120 4513 quod
2154 4433 2269 4493 du-

769 4533 1004 4615 plicem
1037 4531 1217 4614 ponit
1244 4531 1612 4612 opinionem
1636 4550 1648 4594 :
1672 4551 1859 4593 unam
1894 4530 2263 4604 dicentium,

769 4633 936 4715 quod
988 4649 1231 4705 omneS,
1266 4631 1342 4692 de
1391 4629 1678 4711 quolibet
1726 4629 1852 4691 sint
1901 4631 2115 4704 choro,
2150 4630 2268 4690 im-

770 4729 1042 4791 mediate
1074 4727 1437 4804 mittantur;
1468 4727 1680 4802 aliam,
1705 4728 1875 4808 quod
1904 4728 2265 4809 superiores

767 4827 975 4910 angeli
1008 4827 1304 4889 nuntiant
1332 4826 1572 4907 angelis
1604 4825 2036 4901 inferioribuS,
2070 4834 2134 4888 et
2170 4827 2264 4888 illi

768 4925 1138 4990 hominibus
1182 4943 1196 4986 ε
1241 4925 1384 4987 ideo
1434 4923 1765 4986 inferiores
1820 4942 1935 5005 per
1980 4945 2048 4986 se
2097 4926 2264 4987 mitti

768 5026 1092 5089 dicuntur.
1136 5060 1218 5069 —
1257 5023 1464 5104 Atque
1506 5023 1582 5084 ad
1634 5022 1791 5084 illud
1841 5021 2146 5103 Gregorii,
2192 5024 2265 5085 Hi

770 5126 881 5208 qui
942 5123 1378 5206 praeeminent,
1433 5141 1622 5184 usum
1676 5120 1883 5184 officii
1935 5122 2265 5185 exterioris

769 5242 898 5287 non
927 5222 1183 5295 habent,
1208 5222 1593 5303 respondent
1625 5220 1714 5282 illi
1748 5221 1858 5303 qui
1890 5220 2112 5282 dicunt
2140 5240 2267 5283 om-

770 5341 884 5384 nes
929 5320 1120 5396 mitti,
1154 5319 1442 5385 faciendo
1483 5320 1616 5382 vim
1661 5319 1726 5382 in
1772 5319 1892 5383 hoe
1937 5320 2106 5403 quod
2152 5321 2262 5397 ait,

2378 4336 2610 4399 divinae
2646 4354 2659 4398 ε
2693 4336 2844 4417 quia
2882 4336 2948 4398 in
2987 4337 3107 4399 hoc
3146 4336 3586 4399 manifestatur
3624 4336 3880 4400 bonitas

2377 4434 2511 4510 Dei,
2560 4444 2619 4497 et
2671 4443 2980 4517 quantum
3030 4444 3312 4498 nostram
3360 4443 3531 4497 amet
3578 4436 3875 4511 salutem,

2378 4534 2546 4615 quod
2588 4532 3019 4596 nobilissimos
3060 4533 3323 4615 spiritus
3365 4533 3505 4596 illos
3540 4533 3652 4616 qui
3691 4534 3750 4596 ei
3784 4534 3883 4596 in-

2376 4632 2532 4695 tima
2581 4632 2840 4695 caritate
2879 4632 3256 4713 junguntur,
3298 4641 3359 4694 et
3404 4633 3543 4714 ipso
3590 4632 3881 4694 beatissi-

2378 4750 2480 4793 me-
2528 4729 2964 4812 perfruuntur,
3006 4731 3223 4812 dirigit
3265 4749 3337 4792 ac
3384 4731 3759 4793 transmittit
3791 4733 3877 4793 ad

2377 4830 2839 4912 procurandam
2888 4837 3168 4892 nostram
3217 4830 3507 4892 salutem.
3558 4829 3881 4912 Competit.

2375 4945 2629 5011 quoque
2661 4926 2903 4989 caritati
2943 4927 3263 5009 angelicae.
3300 4927 3408 4989 Est
3446 4927 3618 4989 enim
3650 4928 3883 4991 carita-

2374 5026 2455 5088 tis
2504 5026 2805 5100 ardentiS,
2858 5026 3133 5088 maxime
3191 5026 3547 5089 desiderare
3594 5026 3873 5090 aliorum

2375 5126 2663 5187 salutem.
2698 5127 2958 5207 Propter
3002 5126 3170 5206 quod
3217 5125 3408 5187 Isaias
3458 5125 3725 5188 Domino
3774 5126 3873 5187 di-

2375 5223 2466 5284 xit
2500 5239 2514 5285 :
2550 5224 2709 5286 Ecce
2749 5241 2885 5304 eg0,
2922 5223 3101 5286 mitte
3139 5243 3258 5286 me.
3295 5223 3628 5306 Quumque
3656 5224 3873 5304 angeli
3934 5250 4024 5295 1.,

2375 5320 2625 5384 valeant
2658 5339 2771 5384 nos
2798 5322 3043 5404 juvare,
3078 5330 3137 5384 et
3170 5322 3425 5385 videant
3464 5340 3579 5386 nos
3616 5322 3875 5407 pericli·
3932 5361 3943 5374 ·

4054 5269 4127 5307 w,
4188 5290 4201 5300 .
