4334 6242
134 1251 290 1295 Ιοωυι.
303 1265 384 1303 ιιι,

155 2425 328 2470 Ezech.
353 2440 383 2476 1,

119 2491 156 2536 4,
176 2492 242 2531 27.

123 2729 224 2770 Gen.
251 2743 312 2779 ιιι,
339 2731 384 2771 8.

119 3022 382 3073 hidarum,

123 3089 180 3126 12.

139 3319 248 3361 lbtd.
261 3331 386 3368 xviii,

121 3384 140 3408 2

119 3612 391 3664 Matthavu,

132 3809 265 3852 Num.
279 3822 388 3859 xxn,

121 3875 180 3914 2⁷³.

117 4201 261 4244 Eroti.
275 4203 390 4250 nni.

117 4485 254 4530 lach.
271 4501 302 4538 ι,
321 4487 393 4528 n.

1297 473 1500 520 mmm
1540 471 1815 519 ANGELUS
1856 469 2012 517 UNUS
2053 468 2371 524 LOQUATUR
2410 469 2629 515 Aurum

3397 449 3517 514 533

415 648 654 732 pariter
681 665 756 710 ac
783 645 1072 710 terrenis.
1107 645 1578 726 Nonnunquam
1608 660 1760 706 vero
1799 643 1912 704 hu·
1940 639 1993 704 A
2022 659 2154 704 ram
2199 640 2593 714 rationalem,
2627 641 2715 702 ita
2744 640 2874 702 Deo
2914 637 3298 712 ministrent,
3331 645 3395 700 et
3428 654 3547 700 ra-.

417 746 624 808 manis
655 745 956 808 cordibus
997 744 1085 806 ita
1123 763 1239 827 per
1277 744 1574 825 angelum
1609 741 1909 822 loquitur,

414 853 488 907 ut
516 845 654 926 ipse
697 862 950 926 quoque
991 862 1105 925 per
1132 843 1429 924 angelum
1473 841 1706 903 mentis
1735 839 1915 902 obtu-

413 942 588 1006 tibus
615 949 1055 1025 praesentetur.
1090 941 1314 1003 Verbis
1355 959 1634 1022 namque
1666 957 1781 1020 per
1810 957 1918 1000 an·-

412 1042 628 1123 gelum
663 1041 966 1122 loquitur,
989 1048 1202 1102 tamen
1233 1058 1347 1121 per
1377 1039 1722 1118 imaginem
1755 1035 1915 1099 nihil

414 1139 794 1214 ostenditur,
835 1139 946 1202 sed
994 1157 1286 1219 supernae
1337 1136 1676 1199 locutionis
1725 1134 1919 1198 verba

412 1238 766 1300 audiuntur
798 1255 812 1298 :
847 1237 1013 1299 sicut
1043 1237 1107 1298 in
1141 1235 1483 1317 Evangelio
1515 1235 1765 1316 legitur,
1790 1233 1919 1296 Cla-

414 1334 691 1408 rificavi,
723 1342 788 1397 et
817 1335 1048 1398 iterum
1081 1333 1468 1396 clarificabo,
1497 1333 1714 1414 Neque
1744 1331 1918 1394 enim

415 1433 606 1506 Deus,
640 1433 753 1515 qui
794 1433 934 1494 sine
972 1439 1258 1514 tempore
1298 1431 1362 1492 vi
1402 1431 1645 1492 intimae
1690 1429 1922 1511 impul-

414 1531 614 1594 sionis
679 1531 930 1604 clamat,
982 1531 1047 1591 in
1109 1537 1396 1612 tempore
1454 1545 1678 1592 vocem
1739 1547 1918 1590 suam

414 1649 532 1713 per
581 1628 1002 1692 substantiam
1057 1627 1277 1702 edidit,
1328 1646 1522 1709 quam
1578 1626 1918 1688 incircum-

413 1728 722 1810 scriptam
765 1735 1052 1810 tempore
1092 1745 1208 1808 per
1249 1726 1526 1788 humana
1566 1725 1760 1787 verba
1797 1725 1921 1787 dis-

2021 740 2244 803 tionali
2277 747 2516 802 naturae
2546 739 2829 802 divinam
2860 746 3144 800 naturam
3175 737 3521 800 insinuent.

2022 873 2103 884 -
2139 839 2285 901 Haec
2326 837 2701 928 Alexander,
2750 837 2853 898 vel
2902 835 3115 918 potius
3164 835 3546 916 Gregorius..
3633 847 3641 856 ’

2024 937 2140 1010 Qui
2184 937 2521 1026 Gregorius
2564 936 2773 997 denuo
2815 941 3249 1017 protestatur:
3283 933 3395 996 Dei
3440 932 3527 996 lo-

2027 1035 2200 1097 cutio
2261 1035 2339 1097 ad
2402 1052 2517 1096 nos
2580 1033 2964 1096 intrinsecus
3025 1031 3213 1108 facta,
3275 1031 3529 1094 videtur

2029 1133 2243 1214 potius
2302 1151 2493 1214 quam
2553 1132 2830 1203 auditur,
2882 1130 3185 1213 quoniam
3244 1131 3399 1193 dum
3459 1148 3526 1194 se

2028 1231 2243 1312 ipsum
2284 1231 2421 1293 sine
2463 1248 2640 1293 mora
2677 1230 2981 1303 insinuat,
3014 1228 3348 1311 repentina
3386 1228 3539 1291 luce.

2029 1329 2321 1391 tenebras
2368 1328 2737 1409 ignorantiae
2778 1334 3009 1391 nostrae
3053 1328 3343 1389 illustrat.
3404 1381 3410 1386 .

2109 1428 2340 1500 Quarto
2390 1426 2637 1508 quaerit,
2671 1426 2826 1508 quid
2870 1426 3117 1488 dicatur
3159 1425 3393 1488 locutio
3438 1443 3533 1488 se-

2030 1526 2314 1588 cundum
2347 1525 2515 1607 quod
2554 1524 2760 1606 angeli
2791 1531 3015 1586 mutuo
3054 1524 3419 1607 loquuntur.
3454 1524 3533 1586 Et

2031 1624 2371 1705 respondet
2400 1641 2414 1685 ε
2441 1623 2545 1686 Ait
2573 1624 3001 1685 Damascenus
3032 1622 3196 1685 libro
3226 1623 3529 1696 secundO,

2031 1723 2203 1804 quod
2234 1721 2470 1784 locutio
2500 1721 2610 1783 illa
2636 1728 2733 1783 est
2761 1720 3198 1802 intelligentias
3228 1719 3363 1784 sive
3394 1739 3535 1783 con-

412 1827 646 1906 tinxit3
696 1826 807 1888 sed
858 1825 936 1888 de
985 1824 1352 1888 coelestibus
1401 1824 1689 1905 loquenS‚
1728 1823 1920 1885 verba
1955 1823 2004 1885 B
2033 1821 2162 1883 silii
2220 1819 2714 1883 communicatio
2768 1819 2905 1881 sine
2964 1836 3256 1882 sermone
3303 1819 3529 1882 vocali.

413 1945 528 1988 sua
559 1944 700 2007 quae
731 1923 938 1986 audiri
966 1923 1047 1985 ab
1077 1922 1449 1986 hominibus
1478 1921 1702 1994 voluit,
1721 1921 1920 1983 admi-

413 2023 724 2085 nistrante
772 2021 1065 2084 rationali
1111 2028 1400 2083 creatura
1447 2019 1764 2081 formavit.
1798 2018 1922 2081 Ali—

415 2121 674 2203 quando
713 2129 927 2182 autem
974 2111 1088 2203 per
1129 2119 1386 2200 angelos
1431 2117 1712 2199 loquitur
1754 2118 1920 2179 Deus

415 2221 633 2294 rebuS,
667 2221 822 2282 dum
865 2218 1060 2282 verbo
1104 2218 1196 2280 nil
1239 2217 1493 2290 dicitur,
1527 2216 1637 2278 sed
1681 2215 1916 2286 futura,

413 2325 745 2400 assumpta
785 2337 862 2380 ex
905 2316 1242 2380 elementis
1292 2315 1590 2396 imagine,
1628 2314 1922 2376 nuntian-

417 2424 524 2478 tur
559 2417 772 2479 :sicut
821 2415 1109 2478 Ezechiel
1161 2413 1442 2495 speeiem
1494 2413 1654 2475 vidit
1701 2411 1919 2475 electri

417 2515 486 2577 in
519 2515 731 2601 medio
762 2514 944 2595 ignis.
979 2514 1302 2576 interdum
1338 2530 1490 2575 vero
1521 2530 1635 2594 per
1663 2511 1920 2592 angelos

395 2613 612 2675 -rebus
656 2611 848 2674 simul
897 2619 961 2674 et
1003 2611 1216 2674 verbis
1262 2611 1565 2692 loquitur,
1613 2617 1802 2690 prout
1855 2609 1919 2670 in

415 2711 646 2774 Genesi
705 2709 1008 2772 scribitur
1059 2727 1072 2770 :
1125 2711 1332 2783 Quum
1389 2708 1671 2770 audisset
1720 2706 1920 2769 Adam

415 2827 640 2871 vocem
673 2807 928 2871 Domini
959 2805 1801 2881 deambulantiS,abscondit
1829 2825 1915 2866 se.

414 2906 744 2968 Interdum
793 2904 1180 2985 imaginibus
1223 2904 1426 2967 oculis
1467 2902 1676 2966 cordis
1719 2911 1924 2965 osten-

2033 1919 2340 1992 Quocirca
2383 1917 2752 1999 ambigitur,
2794 1917 3067 1998 qualiter
3112 1917 3537 1998 intelligentia

2033 2017 2225 2080 unius
2281 2016 2489 2098 angeli
2545 2017 2745 2097 possit
2795 2015 3122 2078 transferri
3176 2016 3255 2078 ad
3307 2016 3529 2091 alium,

2033 2134 2233 2196 quum
2264 2116 2330 2177 id
2363 2115 2531 2196 quod
2560 2114 2831 2176 traditur
2857 2121 2967 2175 aut
2996 2114 3527 2188 communicatur,

2031 2213 2108 2275 ad
2139 2213 2410 2274 alterum
2453 2231 2565 2295 per
2594 2212 2837 2294 aliquid
2872 2210 3273 2274 tranferatur.
3308 2212 3531 2275 Dicen-

2032 2312 2209 2385 dum,
2244 2312 2410 2393 quod
2461 2311 2955 2374 communicatio
3001 2310 3122 2372 ista
3169 2310 3248 2373 fit
3292 2329 3405 2392 per
3453 2311 3535 2373 si-

2031 2409 2466 2472 militudinem
2528 2408 2891 2490 quamdam,
2953 2415 3024 2469 ut
3079 2408 3132 2470 si
3195 2408 3531 2490 speculum

2030 2526 2231 2590 quum
2262 2507 2473 2581 vellet,
2506 2526 2685 2568 suam
2715 2505 3207 2568 similitudinem
3247 2524 3532 2569 commu·

2029 2607 2270 2670 nicaret
2314 2605 2494 2668 alteri
2540 2604 2837 2686 speculo;
2883 2604 2975 2666 sic
3018 2605 3281 2685 angelus
3330 2624 3531 2687 quum

2029 2705 2189 2779 vult,
2222 2723 2402 2766 suam
2449 2701 2933 2782 intelligentiam
2976 2702 3405 2764 communicat
3446 2702 3533 2765 al-

2031 2803 2147 2864 teri
2206 2802 2453 2883 angelo.
2516 2801 2580 2863 Si
2637 2819 2790 2863 vero
2846 2807 3186 2882 quaeratur,
3248 2819 3390 2881 quae
3448 2801 3533 2864 sit

2031 2902 2399 2965 differentia
2439 2901 2605 2963 inter
2649 2899 3054 2962 traditionem
3094 2899 3531 2980 intelligentiae

415 3006 506 3068 sis
551 3021 566 3066 :
609 3004 776 3066 sicut
818 3003 1008 3066 Jacob
1057 3003 1220 3065 vidit
1266 3003 1500 3066 scalam
1541 3003 1606 3064 in
1657 3003 1916 3065 somniS.
1959 3002 2001 3065 C
2031 3008 2221 3081 atque
2252 2999 2541 3076 consilii3
2575 2998 3111 3081 respondendum,
3147 2998 3316 3079 quod
3350 2998 3533 3060 intel-

406 3103 891 3197 'Nonnunquam
950 3100 1336 3181 imaginibus
1388 3108 1533 3162 ante
1585 3117 1920 3182 corporeos

419 3201 640 3264 oculos
671 3219 748 3262 ex
779 3217 923 3262 aere
953 3199 1030 3261 ad
1062 3207 1316 3280 tempus
1345 3199 1689 3281 assumptis
1716 3198 1920 3260 :sicut

418 3299 736 3363 Abraham
768 3297 930 3361 vidit
958 3305 1086 3359 tres
1116 3297 1309 3369 viros,
1342 3297 1452 3378 qui
1487 3314 1655 3358 nunc
1687 3296 1916 3376 angeli,

419 3416 592 3460 nunc
623 3397 932 3460 Dominus
967 3395 1387 3479 appellantur.
1412 3395 1798 3476 Quandoque
1832 3394 1917 3456 lo-

422 3496 642 3577 quitur
684 3493 1048 3558 coelestibus
1097 3491 1469 3555 substantiis
1504 3510 1518 3553 :
1551 3492 1717 3553 sicut
1763 3491 1915 3553 dum

421 3611 544 3656 vox
576 3593 654 3655 de
693 3591 865 3654 nube
898 3591 1202 3665 insonuit,
1234 3590 1348 3652 Hic
1385 3597 1482 3651 est
1509 3589 1704 3651 Filius
1739 3608 1918 3650 meus

420 3686 710 3754 dilectus.
765 3689 1089 3752 lnterdum
1143 3688 1409 3750 terrenis
1452 3706 1466 3748 :
1510 3688 1918 3769 quemadmo-

422 3791 576 3852 dum
616 3807 723 3852 ore
762 3789 957 3852 asinae
997 3807 1111 3870 per
1138 3787 1436 3869 angelum
1473 3785 1668 3848 verba
1702 3786 1921 3847 huma-

419 3907 504 3950 na
550 3886 868 3951 formavit.
905 3884 1262 3966 Aliquando
1312 3882 1678 3946 coelestibus
1726 3882 1916 3944 simul

421 3993 486 4048 et
511 3985 782 4048 terrenis
814 4002 928 4065 per
956 3982 1212 4064 angelos
1245 3982 1526 4063 loquitur
1555 3982 1721 4043 Deus
1755 3998 1768 4042 :
1804 3981 1919 4042 sic-

421 4091 492 4145 ut
537 4083 616 4144 ad
665 4082 916 4165 Moysen
969 4081 1033 4142 in
1084 4087 1320 4153 monte,
1364 4098 1563 4161 quum
1609 4079 1918 4159 jussionis

2034 3097 2294 3178 ligentia
2350 3103 2447 3159 est
2504 3097 2583 3159 de
2640 3115 2709 3158 re
2767 3096 3224 3176 cognoscenda,
3275 3096 3531 3159 traditio

2033 3195 2283 3258 consilii
2334 3195 2412 3256 de
2462 3213 2529 3256 re
2578 3193 2811 3256 fienda.
2845 3229 2926 3238 —
2963 3193 3107 3256 Haec
3152 3193 3525 3256 Alexander.

2031 3295 2147 3369 Qui
2180 3295 2257 3356 de
2296 3295 2413 3356 hac
2454 3292 2718 3355 materia
2753 3292 2961 3354 adhuc
3004 3292 3203 3354 multa
3240 3291 3529 3374 inquirit,

2032 3412 2173 3475 quae
2217 3391 2382 3454 infra
2423 3397 2779 3472 tangentur.

2109 3491 2377 3572 Insuper
2414 3491 2492 3552 de
2530 3490 2671 3562 hoc,
2704 3508 2783 3550 an
2826 3488 2891 3550 in
2929 3487 3154 3568 angelo
3192 3488 3362 3550 idem
3402 3487 3533 3550 sint

2033 3589 2268 3651 locutio
2316 3595 2379 3650 et
2426 3588 2742 3668 cogitatio,
2784 3587 3223 3649 Bonaventura
3271 3604 3530 3668 respon-

2032 3688 2134 3750 det
2161 3705 2176 3748 :
2200 3686 2422 3768 Loqui,
2457 3686 2798 3766 dupliciter
2826 3685 3121 3747 sumitur.
3153 3683 3363 3747 Primo
3394 3704 3528 3748 mo-

2030 3786 2112 3847 do
2159 3784 2357 3865 loqui,
2389 3783 2543 3845 dicit
2591 3791 2800 3844 actum
2853 3783 2918 3844 in
2963 3801 3031 3844 se
3074 3801 3185 3844 seu
3238 3782 3532 3845 intrinse-

2032 3899 2215 3960 cum3
2250 3881 2549 3953 secundo,
2584 3887 2795 3942 actum
2827 3881 2902 3942 ad
2938 3880 3232 3954 alterum,
3255 3887 3319 3942 et
3347 3881 3528 3961 quasi

2030 3981 2481 4043 extrinsecum.
2514 3979 2725 4041 Primo
2766 3980 2953 4041 modo
2994 3979 3189 4060 loqui,
3222 3986 3320 4040 est
3358 3978 3528 4042 idem

2032 4080 2201 4159 quod
2230 4078 2499 4140 verbum
2532 4077 2805 4140 formare
2834 4096 2945 4138 seu
2975 4077 3272 4157 gignere3
3304 4095 3529 4139 secun-

421 4201 552 4244 suae
581 4180 776 4243 verba
813 4178 1034 4252 edidit,
1069 4177 1280 4258 ignem
1324 4176 1685 4258 rubumque
1725 4177 1918 4240 socia-
1947 4180 1998 4242 D
2029 4179 2130 4252 do,
2166 4177 2337 4238 idem
2382 4183 2478 4237 est
2522 4176 2690 4258 quod
2728 4174 3072 4239 formatum
3111 4175 3381 4238 verbum
3422 4195 3527 4239 ex-

421 4281 531 4343 vit.
566 4277 923 4360 Aliquando
962 4275 1331 4337 immediate
1371 4293 1484 4356 per
1520 4275 1776 4355 angelos
1805 4294 1919 4336 sua

421 4383 664 4439 secreta
692 4373 984 4437 humanis
1015 4372 1312 4435 cordibus
1344 4371 1920 4453 inspiravit‚quem·

422 4474 764 4538 admodum
799 4472 1124 4534 Zacharias
1162 4477 1428 4533 testatur
1461 4487 1476 4530 :
1509 4471 1680 4532 Dixit
1707 4471 1781 4532 ad
1817 4490 1918 4533 me

421 4573 685 4655 angelus
723 4571 835 4653 qui
878 4569 1254 4651 loquebatur
1291 4569 1356 4629 in
1398 4587 1518 4630 me.
1555 4567 1644 4629 Ex
1684 4569 1918 4650 quibus

419 4679 616 4754 patet,
641 4669 914 4752 qualiter
943 4669 1109 4729 Deus
1141 4665 1408 4729 diversis
1441 4667 1644 4728 modis
1676 4686 1789 4749 per
1818 4687 1922 4728 an-

419 4771 594 4851 gelos
627 4767 926 4848 loquitur.
958 4801 1040 4810 -—
1067 4764 1279 4827 Nihilo
1320 4763 1532 4825 minus
1572 4771 1779 4846 potest
1808 4784 1922 4846 per

420 4887 490 4931 se
540 4868 752 4948 ipsum
799 4864 995 4927 verba
1035 4862 1319 4936 efficere,
1353 4871 1414 4924 et
1456 4882 1556 4924 res
1600 4882 1716 4944 per
1765 4882 1920 4944 quas

421 4967 740 5047 loquatur,
787 4963 926 5024 sine
977 4960 1333 5023 ministerio
1380 4961 1748 5041 angelorum
1799 4962 1922 5023 sor·

418 5080 637 5142 mare3
671 5062 781 5123 sed
813 5061 879 5122 in
919 5059 1289 5140 hujusmodi
1321 5061 1521 5123 voluit
1561 5061 1698 5143 ipse
1735 5061 1921 5122 mini-

423 5161 617 5225 sterio
679 5159 1052 5240 angelorum
1113 5177 1320 5239 agere,
1382 5167 1693 5240 quatenus
1756 5159 1922 5221 sicut

425 5259 635 5342 angeli
679 5264 828 5322 sunt
878 5256 1072 5319 medii
1115 5256 1282 5318 inter
1324 5256 1525 5318 Deum
1575 5264 1638 5321 et
1686 5263 1923 5320 creatu-

2029 4276 2325 4357 primere.
2360 4274 2569 4337 Primo
2610 4273 2799 4335 modo
2835 4273 3071 4336 locutio
3110 4273 3245 4336 sive
3275 4274 3343 4336 in
3374 4275 3523 4349 Dec,

2029 4375 2163 4438 sive
2225 4375 2291 4436 in
2348 4373 2593 4454 angele,
2642 4372 2777 4435 sive
2836 4371 2900 4433 in
2958 4372 3192 4446 anima,
3244 4390 3371 4436 non
3430 4382 3530 4436 est

2029 4473 2203 4535 aliud
2242 4490 2434 4554 quam
2478 4470 2791 4552 cogitatio.
2826 4470 3116 4533 Secundo
3155 4472 3342 4535 modo
3381 4473 3525 4555 plus

2028 4572 2186 4634 dicit
2232 4589 2423 4653 quam
2468 4569 2935 4650 cogitationem,
2969 4570 3391 4633 diversimode
3436 4578 3524 4632 ta-

2030 4690 2177 4733 men
2235 4669 2298 4731 in
2348 4668 2615 4731 diversis
2667 4685 2681 4729 :
2733 4667 2884 4749 quia
2932 4667 2997 4728 in
3045 4667 3170 4730 Deo
3223 4669 3397 4750 loqui
3446 4670 3526 4731 ad

2029 4769 2322 4841 alterurn,
2355 4767 2521 4829 ultra
2558 4766 2953 4828 intellectum
2984 4772 3158 4828 notat
3194 4765 3522 4840 effectum,

2031 4867 2328 4928 videlicet
2377 4865 2846 4928 revelationem.
2889 4863 3027 4926 Non
3076 4864 3246 4926 enim
3292 4865 3528 4927 dicitur

2031 4966 2198 5026 Deus
2240 4963 2483 5025 homini
2526 4962 2699 5044 loqui
2739 4963 3139 5025 solummodo
3177 4963 3329 5044 quia
3358 4964 3427 5025 in
3458 4982 3525 5026 se

2033 5062 2173 5143 ipso
2204 5060 2523 5140 intelligit,
2556 5060 2665 5121 sed
2706 5061 3008 5141 quoniam
3039 5060 3205 5122 ultra
3240 5061 3383 5136 hoc,
3417 5061 3527 5124 ali-

2033 5159 2189 5240 quid
2228 5158 2585 5232 revelando,
2622 5157 3106 5221 illustrationem
3146 5159 3424 5241 aliquam
3457 5160 3521 5223 in

2034 5256 2219 5320 nobis
2250 5254 2473 5318 efficit.
2508 5256 2575 5318 In
2611 5254 2869 5320 homine
2907 5263 3116 5319 autem
3159 5274 3283 5320 non
3315 5257 3523 5320 solum
