4334 6242
562 3244 750 3288 Deae„

754 3259 824 3295 xit.

854 461 976 533 236

1513 487 1577 535 IN
1618 487 1841 535 Lunum
1882 487 1927 535 11
1968 488 2450 536 SENTENTIARUR.
2495 507 2574 519 -
2619 490 2772 538 mS‘r.
2820 489 2928 554 1113
2972 491 3194 548 QUAEST.
3243 492 3310 539 111

860 655 1284 721 materialium
1334 679 1546 723 rerum
1609 662 2017 743 intelligenda
2065 668 2214 725 sunt
2265 662 2357 724 in·
2387 661 2440 725 A
2468 661 2686 725 biliter
2725 663 2939 746 plures
2973 683 3166 746 quam
3200 665 3264 727 in
3298 665 3508 728 choris
3549 663 3788 727 infimae
3829 662 3982 726 hie-

858 755 1119 818 dividua
1156 777 1369 821 rerum
1410 780 1551 842 quae
1592 761 1657 822 in
1697 761 2204 824 numerationem
2250 761 2358 825 ho-

861 853 1110 918 minum
1145 858 1349 920 solent
1381 858 1620 933 venire,
1654 861 1820 922 sicut
1849 869 1998 923 sunt
2028 861 2358 944 supposita

858 956 1356 1032 communitatiS,
1410 977 1638 1040 pecora
1695 978 1981 1041 gregum,
2034 967 2097 1022 et
2156 959 2358 1022 consi-

862 1053 1057 1116 milia.

938 1154 1172 1216 Verum
1232 1163 1449 1218 contra
1508 1156 1627 1220 hoc
1686 1176 1823 1220 esse
1875 1151 2127 1220 videtur
2186 1158 2356 1240 quod

858 1252 1032 1314 addit
1089 1253 1423 1317 Durandus
1479 1272 1493 1316 ε
1550 1255 1719 1318 Nihil
1785 1256 2081 1338 prohibet
2138 1256 2354 1338 plures

856 1369 994 1414 esse
1024 1351 1267 1414 animas
1296 1354 1633 1416 hominum
1664 1374 1859 1437 quam
1891 1355 2221 1438 supposita
2251 1375 2358 1418 an-

854 1450 1165 1532 gelorum,
1200 1451 1517 1534 loquendo
1559 1454 1636 1516 de
1676 1454 2010 1516 animabus
2056 1453 2356 1516 omnibus

856 1568 997 1631 quae
1040 1548 1321 1623 fuerunt,
1356 1559 1504 1613 sunt
1541 1559 1604 1614 et
1642 1559 1847 1614 erunt.
1882 1553 2062 1616 Circa
2103 1553 2224 1615 hoc
2262 1552 2354 1614 di-

858 1665 953 1722 co,
987 1647 1108 1710 hoc
1149 1647 1565 1730 probabiliter
1605 1668 1789 1732 posse
1829 1651 2085 1714 defendi
2128 1670 2354 1714 secun-

857 1747 1011 1808 dum
1060 1747 1444 1829 positionem
1494 1748 1553 1810 S.
1604 1749 1909 1830 Gregorii,
1957 1749 2354 1832 perhibentis

2467 761 2748 824 rarchiae.
2792 761 3123 825 Potissime
3168 763 3480 845 phalanga
3529 763 3638 826 illa
3679 762 3984 826 sacratis-

2467 859 2776 922 simorum
2837 860 3190 942 Seraphim,
3245 861 3660 924 indicibiliter
3707 869 3980 944 superat

2466 957 2723 1021 felicem
2755 959 3110 1040 catalogum
3145 960 3516 1041 angelorum
3545 959 3785 1023 ordinis
3819 959 3973 1021 imi-

2548 1058 2803 1121 Constat
2853 1077 3045 1140 quam
3104 1058 3614 1121 inenarrabiliter
3663 1066 3728 1119 et
3775 1057 3979 1121 nobis

2468 1156 3020 1220 innumerabiliter
3052 1157 3236 1220 multi
3275 1158 3404 1220 sint
3435 1158 3501 1220 in
3533 1165 3663 1220 toto
3690 1156 3978 1238 angelici

2468 1255 2730 1338 spiritus
2781 1274 2797 1318 τ
2849 1274 3009 1338 quos
3067 1274 3289 1320 omnes
3338 1256 3519 1319 valde
3577 1255 3840 1336 diligere
3888 1274 3977 1318 ac

2467 1354 2741 1418 revereri
2773 1353 3102 1430 debemuS,
3135 1363 3324 1437 atque
3362 1355 3442 1417 ad
3476 1373 3695 1418 eorum
3735 1353 3978 1436 glorio·

2466 1473 2535 1517 sa
2577 1453 2892 1518 consortia
2932 1453 3174 1518 fervide
3215 1454 3558 1536 adspirare.

2546 1553 2812 1634 Insuper
2835 1553 2912 1614 dc
2944 1552 3044 1614 his
3075 1552 3245 1615 circa
3274 1552 3663 1636 principium
3696 1551 3972 1614 secundi

2466 1650 2613 1712 libri
2647 1651 2724 1712 de
2755 1651 3059 1714 Universo
3089 1650 3314 1714 scribit
3343 1651 3720 1715 Guillelmus
3754 1669 3769 1713 :
3803 1650 3974 1714 Cau-

2465 1768 2549 1812 sae
2579 1769 2721 1831 quae
2752 1749 3139 1812 induxerunt
3169 1749 3571 1813 Aristotelem
3603 1750 3681 1811 ad
3723 1767 3972 1832 ponen-

856 1846 1026 1926 quod
1069 1853 1279 1908 tantus
1323 1855 1419 1908 est
1461 1866 1766 1910 numerus
1816 1849 2149 1911 hominum
2198 1868 2352 1930 prae-
2383 1848 2431 1910 B
2465 1849 2620 1911 dum
2660 1865 2889 1911 novem
2933 1847 3406 1929 intelligentias,
3441 1848 3700 1910 suerunt
3727 1865 3968 1910 novem

857 1944 1337 2020 destinatorum,
1382 1954 1656 2027 quantus
1698 1954 1761 2009 et
1798 1948 2169 2028 angelorum
2213 1968 2354 2009 san-

858 2050 1127 2117 ctorum,
1180 2044 1267 2105 ita
1315 2046 1485 2126 quod
1534 2053 1627 2108 tot
1671 2045 1962 2108 homines
2020 2045 2354 2109 salvabun-

856 2149 980 2216 tur,
1014 2149 1169 2223 quot
1204 2143 1412 2223 angeli
1456 2151 1605 2205 sunt
1645 2143 1831 2206 beati.
1866 2144 2107 2226 Nempe
2152 2164 2351 2227 quum

854 2259 1162 2302 numerus
1192 2241 1527 2303 hominum
1558 2242 1973 2324 reproborum
2008 2243 2072 2305 in
2104 2249 2351 2306 tantum

856 2339 1115 2402 excedat
1147 2359 1486 2402 numerum
1520 2341 1855 2403 hominum
1886 2340 2259 2416 electorum,
2285 2350 2354 2403 ut

856 2436 1040 2500 electi
1072 2446 1362 2520 respectu
1394 2438 1807 2521 reproborum
1837 2439 2124 2502 dicantur
2152 2440 2350 2522 pauci,

856 2536 933 2599 de
980 2538 1223 2619 angelis
1269 2557 1421 2601 vero
1474 2539 1675 2602 multo
1728 2539 2057 2621 pauciores
2094 2539 2354 2602 ‘cecide-

854 2635 984 2698 rint
1020 2655 1212 2718 quam
1254 2645 1659 2717 manserunt23
1700 2637 2021 2700 videretur
2060 2637 2355 2721 probabi-

857 2734 938 2808 le,
980 2735 1149 2816 quod
1195 2734 1409 2816 plures
1459 2745 1671 2798 essent
1718 2736 2008 2798 homines
2055 2737 2352 2798 condem—

856 2833 1073 2906 nandi,
1107 2851 1299 2915 quam
1336 2833 1462 2895 sint
1490 2834 1674 2896 electi
1716 2834 2006 2897 homines
2038 2835 2352 2916 electique

856 2930 1065 3011 angeli
1106 2939 1297 3012 atque
1339 2931 1594 2995 diaboli.
1637 2934 1871 2995 Verum
1915 2934 1993 2996 de
2037 2933 2352 3015 positione

2465 1954 2674 2008 motus
2722 1945 3028 2009 coelorum
3078 1945 3436 2010 mobilium.
3471 1946 3639 2009 Dixit
3685 1965 3970 2028 namque

2465 2045 2531 2107 in
2573 2045 2750 2108 coelis
2795 2044 2921 2107 illis
2962 2063 3100 2107 esse
3137 2045 3382 2111 animas
3427 2052 3789 2124 moventes3
3827 2045 3969 2106 ani-

2467 2143 2820 2226 mabusque
2861 2142 2987 2205 illis
3027 2144 3238 2225 posuit
3269 2143 3743 2226 proportionata
3783 2142 3973 2206 intel-

2465 2241 2737 2323 ligibilia
2778 2240 3113 2316 abstracta,
3145 2241 3444 2304 videlicet
3488 2241 3965 2324 intelligentiae,

2467 2360 2735 2424 quarum
2785 2341 3242 2423 perfectionem
3289 2341 3514 2404 animae
3558 2341 3682 2404 illae
3726 2340 3971 2422 jugiter

2467 2440 2888 2514 intuerentur,
2949 2439 3280 2522 cupientes
3339 2439 3778 2521 intelligentiis
3834 2440 3966 2502 illis

2467 2537 3031 2600 vehementissimo
3067 2537 3304 2600 affectu
3343 2538 3705 2612 assimilari,
3739 2538 3872 2600 imo
3903 2546 3968 2600 et

2469 2635 2638 2718 ipsos
2685 2636 2877 2699 coelos
2923 2654 3194 2718 quorum
3242 2643 3392 2698 sunt
3433 2636 3684 2712 animae,
3717 2636 3970 2702 consor-

2469 2755 2640 2798 mare
2681 2735 3136 2816 intelligentiis
3171 2735 3343 2797 Hanc
3376 2743 3591 2798 autem
3633 2735 3968 2817 perfectio-

2467 2854 2614 2897 nem
2663 2834 2824 2896 dixit
2869 2853 3007 2896 esse
3067 2834 3446 2917 completam
3507 2835 3963 2910 actualitatem,

2467 2952 2593 3014 qua
2629 2932 2792 2995 nihil
2833 2931 3140 2994 haberent
3178 2933 3243 2994 in
3279 2933 3582 3015 potentia,
3617 2934 3726 2996 sed
3756 2941 3966 2997 totum

857 3029 978 3093 ista
1007 3030 1289 3111 Gregorii
1318 3031 1427 3093 alii
1461 3032 1639 3112 longe
1670 3032 1852 3094 alit-er
1883 3033 2180 3095 sentiunt.
2198 3033 2355 3095 Scri·
2391 3033 2436 3097 C
2463 3033 2802 3113 (quantum
2862 3030 3019 3112 ipsis
3079 3031 3383 3112 possibile
3441 3032 3609 3112 erat)
3665 3031 3730 3094 in
3789 3041 3962 3108 actu,

856 3138 1042 3212 ptura
1079 3148 1333 3212 quoque
1364 3131 1837 3194 Deuteronomii
1868 3150 2060 3213 quam
2099 3132 2348 3213 allegat,

853 3228 1150 3291 videlicet
1210 3228 1349 3303 ista,
1411 3231 1641 3292 Statuit
1700 3231 2007 3292 terminos
2063 3231 2350 3312 gentium

852 3328 1033 3408 juxta
1078 3347 1417 3390 numerum
1462 3329 1831 3410 angelorum
1877 3329 2012 3404 Dei,
2044 3330 2200 3392 alias
2245 3330 2351 3393 ha-

853 3425 961 3487 bet
990 3424 1453 3500 translationeS,
1485 3425 1639 3488 alias
1667 3426 1859 3489 etiarn
1898 3427 2348 3509 expositioneS,

854 3531 924 3586 ut
972 3523 1140 3586 infra
1186 3522 1447 3605 patebit.
1500 3525 1688 3587 Porro
1738 3525 1803 3587 in
1855 3527 2351 3589 revelationibus

854 3629 1087 3685 sanctae'
1116 3622 1396 3703 Brigittae
1436 3623 1818 3698 continetur,
1853 3625 2024 3705 quod
2064 3624 2226 3687 bene
2262 3632 2354 3688 tot

738 3779 745 3788 ,
854 3729 1003 3783 sunt
1031 3720 1240 3802 angeli
1276 3721 1500 3796 sancti,
1535 3722 1704 3804 quod
1735 3722 2027 3803 quamvis
2069 3723 2352 3786 universi

855 3819 1147 3882 homines
1178 3820 1288 3902 qui
1320 3820 1601 3894 suerunt,
1636 3829 1785 3883 sunt
1814 3829 1877 3884 et
1906 3829 2115 3897 erunt,
2140 3831 2354 3885 essent

855 3918 1127 3992 collecti,
1160 3919 1369 3982 adhuc
1414 3921 1759 4003 unicuique
1804 3920 2049 3982 homini
2093 3930 2353 4003 possent

853 4018 1072 4080 decem
1106 4017 1307 4080 sancti
1338 4018 1545 4098 angeli
1576 4019 1868 4100 deputari
1902 4039 1915 4083 :
1951 4019 2055 4080 cui
2088 4020 2351 4082 narrati-

853 4116 958 4179 oni
1000 4123 1350 4179 consonant
1384 4117 1576 4179 verba
1606 4117 1861 4180 Thomae
1897 4118 2029 4199 jam
2068 4118 2347 4181 inducta.

2465 3130 2633 3212 quod
2691 3131 2769 3192 ad
2827 3148 3046 3191 earum
3104 3137 3414 3212 spectaret
3476 3130 3961 3211 perfectionem,

2465 3228 2631 3291 sicut
2659 3245 2774 3290 nos
2807 3227 3105 3310 ponimus
3136 3228 3212 3290 de
3243 3235 3407 3289 statu
3437 3227 3788 3290 animarum
3820 3239 3966 3312 post

2465 3326 2994 3390 resurrectionem
3036 3326 3338 3389 suturam.
3371 3327 3498 3388 Hac
3529 3328 3606 3389 de
3639 3347 3829 3391 causa
3866 3329 3964 3391 di-

2465 3425 2558 3487 xit
2603 3425 2846 3486 animas
2897 3423 3036 3486 illas
3087 3423 3386 3486 continue
3436 3425 3759 3488 revolvere
3811 3444 3964 3490 suos

2464 3522 2650 3586 orbes
2685 3543 2698 3586 :
2734 3531 2798 3585 et
2835 3523 2977 3597 hoc,
3011 3522 3314 3605 quoniam
3359 3523 3518 3585 situs
3563 3524 3778 3606 posuit
3819 3545 3962 3607 per-

2463 3621 2770 3685 fectiones
2801 3641 2940 3684 esse
2976 3621 3264 3704 partibus
3299 3621 3629 3698 coelorum,
3663 3625 3966 3705 quemad·

2464 3721 2727 3783 modum
2767 3719 2904 3782 loca
2942 3739 3056 3782 sua
3097 3719 3407 3782 naturalia
3438 3721 3812 3802 corporibus
3852 3742 3964 3784 na-

2462 3826 2604 3880 tura
2659 3818 3024 3882 mobilibus.
3079 3817 3387 3892 Quoniam
3443 3837 3593 3900 ergo
3651 3819 3960 3883 coelorum

2463 3925 2673 3999 partes
2724 3935 2852 3980 non
2902 3924 3170 4000 possunt
3211 3917 3405 3979 simul
3454 3916 3690 3980 babere
3737 3936 3962 3982 omnes

2463 4017 2645 4090 situS,
2707 4017 2933 4098 satagit
2989 4015 3202 4078 anima
3260 4016 3606 4097 cujuslibet
3664 4017 3834 4090 coeli,
3885 4035 3963 4080 ea

2462 4114 2794 4179 velocitate
2848 4133 2974 4196 qua
3033 4120 3261 4196 potest,
3312 4113 3666 4196 quamlibet
3713 4123 3962 4197 partem

853 4215 1137 4298 Denique
1197 4234 1397 4297 quum
1454 4215 1803 4297 unicuique
1860 4216 2104 4279 homini
2158 4218 2350 4280 etiam
2382 4218 2431 4279 D
2463 4213 2560 4276 sui
2611 4212 2753 4274 coeli
2810 4212 2888 4273 ad
2945 4211 3317 4292 hujusmodi
3376 4212 3726 4293 producere
3773 4213 3958 4276 silus.

854 4313 1125 4386 infideli,
1180 4314 1309 4375 imo
1360 4320 1423 4376 et
1470 4315 1754 4376 nondum
1813 4323 1983 4390 nato,
2035 4334 2113 4376 ex
2173 4324 2352 4378 utero

853 4414 1191 4493 deputatus
1252 4411 1335 4480 sit
1390 4411 1921 4494 angelus-bonus
1980 4415 2057 4476 de
2123 4414 2352 4478 infimo

856 4509 1049 4572 choro
1092 4508 1425 4584 exsistenS,
1457 4510 1535 4572 ad
1582 4511 1794 4572 minus
1844 4519 1993 4573 sunt
2036 4519 2128 4574 tot
2168 4531 2353 4592 ange-

2463 4312 2583 4376 Sed
2634 4311 2802 4373 istud
2849 4327 3188 4372 erroneum
3235 4318 3354 4385 est,
3399 4311 3702 4392 quoniam
3749 4329 3830 4373 ex
3878 4311 3966 4374 si-

2462 4419 2644 4472 tuum
2684 4408 2908 4470 talium
2949 4406 3392 4489 acquisitione,
3433 4407 3610 4470 nulla
3652 4408 3964 4491 perfectio

2462 4508 2750 4591 partibus
2802 4506 2945 4569 coeli
2996 4505 3330 4568 accideret.
3379 4541 3462 4552 —
3509 4506 3737 4570 Contra
3795 4507 3962 4570 hanc

853 4609 898 4670 li
943 4609 1021 4670 de
1066 4607 1295 4670 infimo
1343 4608 1555 4682 choro,
1598 4617 1751 4690 quot
1796 4628 2077 4690 unquam
2126 4611 2350 4672 eodem
2459 4607 2829 4690 opinionem
2858 4605 3077 4668 doctor
3105 4606 3225 4667 iste
3255 4604 3699 4687 multipliciter
3727 4607 3958 4688 arguit.

854 4715 1137 4789 tempore
1184 4706 1474 4769 homines
1522 4705 1779 4769 fuerunt
1819 4707 1885 4769 in
1932 4709 2163 4770 saeculo
2207 4708 2346 4771 isto.

853 4807 1189 4888 Quumque
1208 4801 1386 4867 'inter
1414 4822 1644 4867 novem
1676 4805 1931 4867 ordines
1960 4807 2348 4886 angelorum,

853 4911 1027 4968 tanto
1068 4903 1133 4966 in
1173 4902 1458 4984 quolibet
1490 4903 1711 4964 ordine
1752 4903 1967 4985 plures
2005 4903 2133 4967 sint
2170 4905 2360 4987 spiri-.

853 5011 955 5066 tus
1004 5000 1299 5082 angelici,
1341 5008 1579 5083 quanto
1625 5001 1759 5083 ipse
1808 5002 1962 5064 ordo
2005 5010 2102 5064 est
2142 5003 2348 5076 altior,

854 5109 924 5163 ut
966 5100 1132 5162 infra
1172 5119 1251 5162 ex
1291 5099 1504 5162 verbis
1545 5098 1604 5161 S.
1640 5099 1923 5181 Dionysii
1968 5099 2351 5179 innotescet3

855 5217 1253 5280 consequens
1292 5205 1408 5272 est,
1444 5198 1614 5280 quod
1659 5197 1726 5260 in
1770 5198 2090 5280 supremis
2129 5199 2354 5280 primae

856 5297 1231 5361 hierarchiae
1261 5296 1593 5360 ordinibus
1633 5295 1761 5358 sint
1792 5296 1975 5378 quasi
2016 5297 2354 5362 inaestima-

2463 4706 2659 4787 Cujus
2691 4713 2901 4767 tamen
2930 4711 3300 4785 argumenta
3326 4722 3363 4765 a
3386 4703 3819 4786 Peripateticis
3849 4723 3968 4786 pro

2463 4803 2740 4866 maxima
2782 4811 2959 4885 parte
3001 4801 3275 4864 faciliter
3315 4801 3734 4878 solverentur,
3765 4822 3966 4885 quan-

2453 4921 2655 4984 ·quam
2699 4901 2918 4984 opinio
2962 4901 3070 4962 illa
3112 4901 3196 4962 sit
3236 4900 3414 4964 falsa.

2530 5002 2980 5063 Verumtamen
3011 5017 3138 5062 non
3168 4999 3422 5090 videtur
3449 4999 3554 5062 hic
3586 5000 3804 5064 doctor
3831 5000 3966 5064 Ari-

2463 5099 2706 5163 stotelis
2745 5099 3127 5181 positionem
3171 5104 3341 5160 recte
3369 5098 3624 5162 referre.
3660 5098 3967 5163 Aristote-

2467 5198 2556 5260 les
2589 5215 2886 5280 namque,
2915 5197 3081 5260 'sicut
3110 5196 3533 5279 praehabitum
3561 5204 3679 5272 est,
3704 5198 3966 5262 undeci-
3993 5237 4032 5279 μ
4053 5226 4292 5272 sannone.
4330 5207 4331 5250 ἶ

2468 5314 2570 5360 mo
2594 5295 3033 5400 llletaphysicae
3057 5295 3213 5358 dicit
3237 5303 3324 5358 tot
3345 5313 3486 5359 esse
3512 5296 3964 5378 intelligentias
