4334 6242
608 525 695 572 Ax
738 526 1011 574 axomes
1054 527 1413 574 cocm‘rioNs
1454 527 1759 572 sartam
1798 525 1980 571 Novu·
2020 523 2282 569 mvau
2323 523 2662 570 assarum:
2704 523 2766 568 ιΝ
2809 523 2880 568 sa
2923 521 3081 580 irsA,
3121 521 3249 566 s‘rc.
3367 501 3486 566 267

381 697 614 779 portio.
662 733 745 742 —
790 697 913 759 Alii
962 697 1203 771 dicunt,
1257 698 1424 778 quod
1472 695 1734 776 angelus
1784 714 1883 758 co-
1912 695 1963 757 A
1994 693 2282 754 turaliter
2314 710 2328 754 :
2362 692 2753 766 naturaliter,
2788 693 2852 754 in
2893 697 3202 773 quantum
3243 690 3486 772 species

378 795 635 875 gnoscit
686 797 885 858 Deum
944 814 1059 876 per
1104 794 1443 857 essentiam
1504 813 1683 855 suam
1747 811 1885 874 pro-

378 893 593 975 priam
653 911 668 955 :
726 893 876 975 quia
932 893 1205 955 essentia
1260 893 1465 972 angeli
1524 898 1619 953 est
1678 891 1885 971 imago

378 991 867 1072 similitudoque
911 991 1041 1054 Dei.

460 1090 647 1152 Circa
687 1090 820 1152 hanc
861 1089 1023 1162 dico,
1058 1089 1227 1171 quod
1267 1089 1500 1170 duplex
1540 1098 1636 1150 est
1676 1087 1886 1168 cogni-

378 1187 473 1249 tio
517 1188 598 1250 de
643 1187 895 1267 objecto
938 1205 952 1249 :
998 1206 1121 1248 una
1162 1186 1563 1259 abstractiva,
1606 1205 1747 1267 quae
1790 1194 1886 1246 cst

380 1284 591 1364 ipsius
635 1285 1004 1366 quidditatis
1047 1285 1398 1346 secundum
1441 1285 1609 1365 quod
1652 1283 1887 1344 abstra-

381 1383 475 1444 hit
508 1383 591 1444 ab
630 1383 1000 1445 exsistentia
1039 1383 1270 1444 actuali
1314 1391 1377 1444 et
1413 1400 1539 1444 non
1583 1383 1886 1443 exsisten-

382 1481 491 1542 tia.
528 1481 670 1543 Alia
716 1489 811 1542 est
857 1481 1172 1553 intuitiva,
1214 1500 1355 1562 quae
1402 1488 1497 1542 est
1542 1478 1743 1560 ipsius
1792 1479 1883 1541 rei

382 1579 741 1640 secundum
772 1579 1085 1640 actualem
1115 1578 1548 1640 exsistentiam
1582 1577 1743 1657 ejus,
1772 1597 1883 1639 seu

382 1677 577 1737 sicuti
636 1684 732 1738 est
785 1677 847 1737 in
908 1695 975 1738 se
1030 1694 1042 1736 ε
1094 1684 1158 1736 et
1206 1677 1394 1737 talem
1455 1676 1883 1756 cognitionem

382 1782 830 1854 exspectamus
888 1774 1121 1836 habere
1180 1776 1257 1835 de
1316 1775 1465 1846 Deo,
1515 1792 1643 1835 non
1694 1773 1882 1835 talem

1993 791 2112 853 ista
2150 809 2278 852 non
2310 797 2406 852 est
2435 790 2823 872 principium
2866 789 3122 870 gratuiti
3152 796 3330 851 actus
3368 807 3487 849 nec

1992 889 2285 968 gloriosi3
2335 897 2397 950 et
2443 906 2569 950 non
2618 888 3008 961 naturaliter,
3063 888 3124 948 in
3177 894 3487 969 quantum

1994 987 2071 1048 ad
2130 987 2333 1068 ipsam
2393 987 2654 1066 angelus
2711 987 2935 1067 nequit
2996 986 3350 1067 pertingere
3410 1003 3486 1046 ex

1995 1083 2412 1159 naturalibus,
2457 1103 2663 1165 neque
2707 1103 2784 1146 ex
2833 1083 3080 1146 actione
3129 1083 3342 1165 aliqua
3383 1101 3488 1144 na-

1992 1182 2204 1244 turali.

2074 1281 2380 1362 Denique,
2412 1280 2578 1361 quod
2612 1281 2753 1341 talis
2785 1279 3030 1361 species
3061 1279 3142 1342 sit
3173 1277 3484 1360 ponenda,

1994 1377 2085 1440 sic
2118 1378 2551 1460 persuadetur.
2585 1377 2898 1438 Naturalis
2929 1375 3254 1438 beatitudo
3282 1375 3490 1455 angeli

1994 1477 2242 1538 excedit:
2285 1476 2637 1538 naturalem
2686 1475 2962 1549 hominis
3006 1474 3486 1548 beatitudinem,

1992 1575 2187 1636 etiam
2222 1575 2538 1656 loquendo
2567 1575 2644 1635 de
2675 1573 2768 1635 eis
2799 1575 3152 1636 secundum
3191 1573 3489 1634 innocen-

1993 1673 2097 1735 tiae
2146 1680 2399 1734 statum.
2454 1672 2616 1752 Ergo
2664 1691 2862 1753 quum
2921 1671 3113 1733 homo
3161 1689 3276 1752 pro
3324 1677 3490 1731 statu

1997 1779 2236 1833 naturae
2285 1771 2474 1851 lapsa>
2533 1770 2732 1850 possit
2781 1769 3012 1831 habere
3063 1768 3488 1850 cognitionem

384 1873 595 1953 qualis
646 1873 844 1954 possit
892 1873 1113 1935 haberi
1162 1874 1239 1934 de
1281 1891 1376 1944 eo,
1420 1872 1564 1933 dato
1609 1891 1723 1954 per
1772 1872 1886 1932 im·
1921 1873 1967 1934 B
1996 1869 2074 1930 de
2106 1868 2334 1930 ultimo
2369 1868 2500 1929 fine
2542 1867 2604 1928 in
2649 1867 2993 1930 universali
3024 1874 3086 1928 ct
3117 1867 3488 1928 volitioncm

382 1970 693 2051 possibile
735 1970 905 2051 quod
949 1988 1075 2031 non
1119 1977 1302 2032 esset.
1336 2007 1416 2016 —-
1459 1971 1673 2051 Itaque
1717 1969 1881 2041 dicO,

384 2069 555 2149 quod
600 2068 893 2149 quamvis
935 2069 1288 2130 secundum
1333 2067 1756 2130 communiter
1801 2067 1885 2128 lo-

381 2175 675 2245 quenteS,
708 2184 833 2227 non
884 2166 1084 2227 valeat
1129 2166 1389 2246 angelus
1432 2185 1507 2226 cx
1556 2164 1732 2245 puris
1781 2183 1885 2225 na-

384 2263 699 2325 turalibus
756 2263 989 2326 habere
1040 2264 1463 2344 cognitionem
1522 2263 1633 2325 Dei
1694 2262 1883 2323 intui—

386 2362 606 2434 tivam,
640 2379 768 2423 non
798 2368 1011 2424 tamen
1046 2362 1295 2424 videtur
1334 2362 1689 2442 negandum
1726 2360 1882 2441 quin

388 2460 760 2521 naturaliter
810 2460 1011 2542 possit
1059 2460 1291 2522 habere
1336 2459 1761 2538 cognitionem
1805 2459 1882 2519 de

388 2557 515 2618 Deo
559 2556 1031 2629 abstractivam‚
1084 2557 1176 2617 sic
1228 2557 1660 2637 intelligendo,
1712 2556 1881 2637 quod

386 2653 633 2734 species
671 2654 885 2735 aliqua
923 2654 1220 2716 distincte
1260 2662 1666 2735 repraesentet
1706 2653 1878 2714 illam

384 2752 750 2825 essentiam,
784 2752 1077 2833 quamvis
1121 2771 1246 2814 non
1294 2759 1699 2832 repraesentet
1740 2773 1881 2814 eam

386 2859 455 2912 ut
492 2851 559 2912 in
602 2869 668 2912 se
711 2851 1195 2931 praesentialiter
1223 2851 1652 2912 exsistentem.
1680 2851 1881 2912 Tunc-

386 2967 507 3029 que
568 2947 875 3030 possibile
937 2956 1032 3009 est
1088 2947 1322 3009 habere
1386 2947 1879 3009 intellectionem

1997 1973 2515 2047 consequentem,
2538 1973 2600 2026 et
2633 1983 2746 2046 pro
2776 1971 2942 2025 statu
2977 1963 3354 2026 innocentiae
3384 1982 3490 2044 po-

1997 2065 2189 2126 tuerit
2230 2064 2445 2145 aliquo
2495 2065 2681 2126 modo
2729 2063 2960 2125 babere
3009 2062 3300 2124 notitiam
3348 2063 3488 2142 ejus

1995 2163 2382 2232 distinctam,
2423 2171 2485 2223 et
2529 2161 2748 2222 volitio
2789 2161 3024 2222 summi
3075 2161 3223 2222 boni
3268 2179 3490 2243 sequa-

1996 2269 2100 2322 tur
2142 2260 2568 2340 cognitionem
2615 2259 2847 2320 summi
2894 2259 3059 2338 veri3
3094 2276 3489 2340 consequens

1995 2365 2091 2420 est
2135 2358 2306 2441 quod
2366 2358 2430 2419 in
2481 2357 2588 2418 tali
2650 2357 3010 2437 cognitione
3067 2357 3304 2418 summi
3355 2357 3488 2418 veri

1995 2456 2425 2537 volitioneque
2467 2455 2702 2517 summi
2748 2454 2898 2517 boni
2937 2455 3256 2528 distincte,
3292 2455 3490 2536 possit

1995 2554 2257 2634 angelus
2293 2552 2658 2615 felicitatem
2691 2553 2924 2615 habere
2957 2552 3260 2632 majorem
3294 2572 3484 2634 quam

1996 2652 2204 2713 homo.
2230 2687 2310 2696 -—-
2338 2652 2661 2724 Praeterea,
2693 2651 2924 2732 aliquis
2954 2650 3177 2713 videns
3207 2650 3274 2711 in
3305 2659 3488 2731 raptu

1995 2749 2275 2811 divinam
2317 2750 2681 2822 essentiam,
2716 2756 2999 2811 cessante
3044 2756 3249 2829 raptu,
3283 2754 3490 2830 potest

1995 2847 2228 2908 habere
2263 2847 2631 2909 memoriam
2664 2846 2898 2927 objecti
2930 2847 3049 2908 sub
3081 2847 3318 2907 ratione
3349 2845 3490 2925 ejus

1993 2944 2295 3006 distincta
2324 2964 2447 3026 qua
2478 2944 2596 3006 fuit
2625 2945 2946 3024 objectum
2980 2943 3492 3025 visioniS,quam·

384 3046 523 3126 ejus
573 3045 963 3119 distinctam,
1016 3047 1165 3106 licet
1210 3045 1681 3117 abstractivam‚
1728 3064 1883 3126 quo·
1922 3046 1965 3108 C
1999 3042 2103 3104 vis·
2142 3060 2269 3104 non
2320 3042 2438 3104 sub
2483 3043 2726 3104 ratione
2767 3041 3098 3103 actualiter
3135 3041 3486 3122 praesentiS,

384 3144 557 3205 niam
620 3143 1002 3204 abstractiva
1058 3143 1367 3204 dividitur
1426 3143 1489 3203 in
1552 3141 1882 3204 confusam

384 3249 575 3322 atque
614 3240 1003 3314 distinctam,
1034 3241 1215 3320 juxta
1252 3240 1442 3302 aliam
1473 3247 1529 3301 et
1562 3240 1752 3302 aliam
1795 3259 1887 3301 ra-

382 3338 625 3400 tionem
684 3338 1105 3418 cognoscendi
1164 3339 1512 3400 entitatem.
1568 3339 1643 3400 Et
1696 3339 1884 3400 talem

380 3436 665 3517 speciem
727 3445 1283 3517 repraesentantcm
1336 3435 1617 3497 divinam
1677 3455 1887 3498 essen-

383 3533 557 3608 tiam,
594 3551 720 3595 non
754 3533 1006 3595 videtur
1037 3533 1492 3596 inconveniens
1526 3551 1761 3614 ponere
1795 3534 1885 3595 in-

378 3632 577 3693 ditam
618 3651 759 3694 esse.
802 3631 1152 3693 intellectui
1195 3632 1401 3711 angeli
1438 3651 1475 3692 a
1510 3631 1830 3712 principio
1865 3651 1879 3694 ε

377 3731 463 3791 ita
519 3730 693 3811 quod
758 3729 904 3791 licet
962 3729 1209 3810 species
1271 3729 1379 3790 illa
1434 3748 1559 3792 non
1621 3729 1704 3791 sit
1763 3730 1881 3790 hoc

378 3828 566 3890 modo
612 3827 966 3888 intellectui
1014 3827 1301 3907 angelico
1346 3827 1671 3900 naturalis,
1712 3827 1880 3908 quod

376 3925 578 4006 possit
618 3944 759 3986 eam
800 3944 877 3988 ex
919 3925 1315 3987 naturalibus
1354 3925 1485 3987 suis
1525 3925 1876 4006 acquirere,

377 4043 587 4105 neque
628 4023 821 4084 etiam
872 4024 1043 4105 quod
1093 4022 1289 4103 possit
1336 4042 1475 4085 eam
1528 4023 1758 4084 habere
1802 4041 1879 4083 ex

377 4121 627 4184 actione
675 4121 948 4200 alicujus
993 4119 1226 4201 objecti
1279 4120 1651 4182 naturaliter
1698 4139 1881 4200 agen-

1996 3141 2299 3221 quoniam
2345 3141 2486 3202 talis
2536 3141 2869 3222 praesentia
2921 3158 3044 3201 non
3093 3147 3305 3202 manet
3348 3146 3492 3221 post

1994 3246 2207 3300 actum
2251 3240 2315 3301 in
2357 3239 2598 3301 rati⁰ne
2638 3237 3102 3318 cognoscibilis.
3138 3238 3334 3318 Igitur
3377 3257 3490 3319 per

1994 3336 2182 3398 aliam
2222 3337 2526 3398 rationem
2571 3344 2774 3417 potest
2804 3335 3126 3416 objectum
3171 3334 3336 3397 istud
3370 3335 3489 3396 isto

1996 3436 2185 3496 modo
2228 3434 2543 3515 objective
2585 3453 2723 3496 esse
2769 3452 3064 3515 praeseus,
3111 3433 3185 3495 Et
3231 3433 3314 3493 ita
3363 3451 3489 3494 non

1993 3541 2089 3594 est
2121 3540 2338 3594 contra
2372 3532 2681 3594 rationem
2713 3531 2944 3594 divinae
2975 3530 3286 3602 essentiae,
3321 3531 3490 3611 quod

1995 3631 2241 3710 species
2276 3629 2448 3691 illius
2479 3629 2562 3690 sit
2593 3629 2656 3690 in
2693 3629 3016 3690 intellectu
3048 3627 3334 3708 angelico
3365 3627 3489 3688 dis-

1995 3729 2192 3790 tincte
2239 3735 2694 3809 repraesentans
2738 3745 2898 3788 eam.
2933 3762 3011 3771 —
3050 3727 3193 3789 Haec
3242 3727 3484 3788 Scotus.

2072 3827 2378 3888 Praete-rea
2416 3825 2685 3887 Thomas
2725 3824 2788 3885 in
2838 3823 3043 3904 prima
3091 3833 3265 3904 parte
3309 3824 3491 3885 Sum-

1994 3943 2133 3996 mae,
2191 3922 2538 4004 quaestione
2595 3921 2968 3983 duodecima
3022 3941 3035 3983 :
3087 3921 3488 4002 Impossibile

1989 4021 2133 4100 (ait)
2181 4029 2276 4081 est
2325 4019 2492 4100 quod
2541 4019 2772 4099 aliquis
2830 4018 3190 4080 intellectus
3241 4026 3487 4078 creatus

1992 4137 2105 4199 per
2154 4135 2268 4178 sua
2327 4115 2636 4176 naturalia
2692 4115 2801 4175 Dei
2862 4115 3202 4176 essentiam
3253 4113 3480 4175 videat.

380 4219 495 4298 tis;
536 4226 815 4280 attamen
855 4218 1021 4279 sicut
1053 4218 1475 4300 perfectiones
1520 4218 1744 4298 angelo
1783 4219 1882 4279 da·
1911 4217 1961 4279 D
1992 4214 2278 4295 Cognitio
2321 4213 2491 4276 enim
2537 4221 2632 4274 est
2673 4213 3023 4274 secundum
3067 4212 3235 4293 quod
3281 4213 3490 4292 cogni-

379 4324 455 4378 1ae
486 4317 553 4377 in
586 4336 701 4378 sua
731 4316 939 4398 prIma
968 4315 1309 4388 creatione,
1332 4317 1479 4376 licet
1510 4334 1635 4378 non
1668 4335 1881 4377 neces-

378 4413 542 4476 sario
588 4422 935 4495 sequantur
984 4420 1273 4474 naturam
1320 4413 1482 4492 ejuS,
1517 4413 1881 4474 dicerentur

380 4512 1171 4591 naturaleS,distinguendo
1202 4512 1481 4573 naturale
1514 4519 1731 4573 contra
1760 4531 1882 4574 me·

378 4628 442 4670 re
482 4609 966 4691 supernaturale
1005 4609 1222 4688 gratia)
1261 4616 1322 4670 et
1359 4609 1575 4688 gloriae
1616 4609 1877 4681 donum,

376 4707 467 4768 sic
499 4707 621 4769 ista
664 4707 969 4788 perfectio
1000 4707 1144 4768 data
1180 4707 1529 4768 intellectui
1568 4706 1877 4786 angelicO,

378 4824 494 4886 qua
524 4805 745 4866 divina
774 4804 1046 4866 essentia
1078 4813 1244 4866 esset
1271 4804 1332 4865 ei
1364 4822 1885 4885 praesenS,quam-

378 4903 473 4964 vis
515 4902 921 4974 abstractive,
958 4908 1163 4982 potest
1200 4901 1411 4964 vocari
1456 4900 1784 4974 naturalis,
1818 4910 1879 4963 et

377 5001 453 5062 ad
486 4999 845 5062 naturalem
876 4999 1083 5080 angeli
1117 4999 1543 5080 cognitionem
1576 5006 1877 5078 spectare,

378 5098 463 5159 ita
502 5098 675 5178 quod
720 5097 1033 5177 quidquid
1074 5096 1337 5176 angelus
1378 5096 1454 5156 dc
1492 5096 1619 5157 Deo
1655 5113 1881 5175 cogno-

376 5196 500 5258 scit
556 5195 759 5275 hujus
819 5193 1055 5275 speciei
1116 5193 1369 5266 virtute,
1423 5193 1638 5274 aliquo
1698 5193 1885 5256 modo

380 5292 767 5357 naturaliter
806 5292 1029 5364 noscit,
1063 5300 1123 5353 et
1156 5291 1371 5372 aliquo
1404 5291 1589 5353 modo
1619 5309 1745 5353 non
1786 5311 1886 5354 na-

1992 4322 2127 4374 tum
2159 4319 2256 4373 est
2288 4311 2353 4372 in
2385 4317 2820 4390 cognoscente.
2849 4309 3182 4389 Cognitum
3215 4327 3363 4372 vero
3392 4319 3488 4371 cst

1992 4411 2057 4472 in
2098 4416 2516 4490 cognoscente
2559 4408 2908 4470 secundum
2957 4407 3215 4469 modum
3263 4425 3486 4488 cogno-

1992 4507 2246 4570 scentis
2299 4506 2458 4567 Ilinc
2511 4505 2851 4585 cujuslibet
2903 4505 3340 4584 cognoscentis
3391 4523 3492 4567 co-

1990 4605 2193 4686 gnitio
2235 4614 2328 4666 est
2360 4605 2711 4666 secundum
2753 4603 3012 4664 modum
3057 4621 3186 4664 suae
3227 4611 3484 4664 naturae.

1992 4703 2165 4776 Quod
2205 4702 2256 4764 si
2298 4702 2518 4763 modus
2551 4699 2800 4762 essendi
2841 4699 3114 4780 alicujus
3155 4700 3246 4761 rei
3278 4700 3492 4780 cogni-

1996 4808 2071 4864 1ae
2119 4802 2381 4862 excedat
2429 4799 2689 4862 modum
2739 4799 3176 4878 cognoscentis
3226 4807 3486 4868 naturae.

1993 4906 2240 4980 oportet
2300 4898 2468 4979 quod
2530 4895 2808 4976 cognitio
2871 4895 3044 4957 illius
3109 4896 3344 4976 cogniti
3408 4897 3491 4958 sit

1996 5017 2190 5078 supra
2220 5004 2508 5057 naturam
2544 4993 2999 5074 cognoscentis
3031 4993 3360 5074 Multiplex
3391 5014 3493 5057 vc-

1996 5113 2065 5156 ro
2093 5103 2188 5155 est
2222 5094 2443 5154 modus
2474 5092 2723 5154 essendi
2751 5110 2978 5152 rerum.
2996 5091 3286 5164 Quaedam
3317 5091 3489 5152 enim

1997 5198 2141 5254 sunt
2191 5209 2464 5273 quorum
2509 5197 2732 5251 natura
2780 5207 2907 5250 non
2952 5188 3142 5250 habet
3183 5208 3320 5250 esse
3365 5188 3488 5250 nisi

2000 5291 2065 5352 in
2110 5290 2226 5351 hac
2269 5286 2640 5349 individuali
2685 5287 2964 5360 materia,
3003 5293 3068 5347 ut
3109 5287 3476 5370 corporalia.

3570 3941 3652 3980 art.

3685 3942 3724 3980 4.
