<?xml version="1.0" encoding="UTF-8"?>
<!DOCTYPE html PUBLIC "-//W3C//DTD XHTML 1.0 Transitional//EN"
    "http://www.w3.org/TR/xhtml1/DTD/xhtml1-transitional.dtd">
<html xmlns="http://www.w3.org/1999/xhtml" xml:lang="en" lang="en">
 <head>
  <title>
</title>
<meta http-equiv="Content-Type" content="text/html;charset=utf-8" />
  <meta name='ocr-system' content='tesseract 3.04.00' />
  <meta name='ocr-capabilities' content='ocr_page ocr_carea ocr_par ocr_line ocrx_word'/>
</head>
<body>
  <div class='ocr_page' id='page_1' title='image "./doctorisecstati01denigoog_0489.png"; bbox 0 0 4334 6242; ppageno 0'>
   <div class='ocr_carea' id='block_1_1' title="bbox 175 1068 297 1106">
    <p class='ocr_par' dir='ltr' id='par_1_1' title="bbox 175 1068 297 1106">
     <span class='ocr_line' id='line_1_1' title="bbox 175 1068 297 1106; baseline 0 0"><span class='ocrx_word' id='word_1_1' title='bbox 175 1071 240 1106; x_wconf 74' lang='lat' dir='ltr'><strong>art.</strong></span> <span class='ocrx_word' id='word_1_2' title='bbox 261 1068 297 1106; x_wconf 67' lang='grc'><strong>4.</strong></span> 
     </span>
    </p>
   </div>
   <div class='ocr_carea' id='block_1_2' title="bbox 657 479 3209 529">
    <p class='ocr_par' dir='ltr' id='par_1_2' title="bbox 657 479 3209 529">
     <span class='ocr_line' id='line_1_2' title="bbox 657 479 3209 529; baseline -0.001 -2"><span class='ocrx_word' id='word_1_3' title='bbox 657 479 744 528; x_wconf 77' lang='grc' dir='ltr'><strong>ΑΝ</strong></span> <span class='ocrx_word' id='word_1_4' title='bbox 787 479 1008 528; x_wconf 63' lang='lat' dir='ltr'><strong>ancl-:Li</strong></span> <span class='ocrx_word' id='word_1_5' title='bbox 1051 479 1341 528; x_wconf 74' lang='lat' dir='ltr'>HABEANT</span> <span class='ocrx_word' id='word_1_6' title='bbox 1382 481 1658 529; x_wconf 75' lang='lat' dir='ltr'><strong>conroRA</strong></span> <span class='ocrx_word' id='word_1_7' title='bbox 1700 479 2123 527; x_wconf 66' lang='lat' dir='ltr'><strong>NATURAMTER</strong></span> <span class='ocrx_word' id='word_1_8' title='bbox 2165 479 2241 524; x_wconf 80' lang='grc' dir='ltr'><strong>ΕΤ</strong></span> <span class='ocrx_word' id='word_1_9' title='bbox 2284 479 2823 526; x_wconf 71' lang='lat' dir='ltr'><strong>msnrAnAerrER</strong></span> <span class='ocrx_word' id='word_1_10' title='bbox 2865 479 2982 525; x_wconf 77' lang='lat' dir='ltr'><strong>sim</strong></span> <span class='ocrx_word' id='word_1_11' title='bbox 3024 479 3209 525; x_wconf 80' lang='lat' dir='ltr'>UNITA</span> 
     </span>
    </p>
   </div>
   <div class='ocr_carea' id='block_1_3' title="bbox 3368 460 3486 524">
    <p class='ocr_par' dir='ltr' id='par_1_3' title="bbox 3368 460 3486 524">
     <span class='ocr_line' id='line_1_3' title="bbox 3368 460 3486 524; baseline 0 0"><span class='ocrx_word' id='word_1_12' title='bbox 3368 460 3486 524; x_wconf 80' lang='lat'><strong>447</strong></span> 
     </span>
    </p>
   </div>
   <div class='ocr_carea' id='block_1_4' title="bbox 379 615 3487 734">
    <p class='ocr_par' dir='ltr' id='par_1_4' title="bbox 379 615 3487 734">
     <span class='ocr_line' id='line_1_4' title="bbox 379 615 3487 734; baseline -0.001 -23"><span class='ocrx_word' id='word_1_13' title='bbox 379 650 761 732; x_wconf 90' lang='lat' dir='ltr'><strong>quandoque</strong></span> <span class='ocrx_word' id='word_1_14' title='bbox 817 650 1060 734; x_wconf 80' lang='lat' dir='ltr'><strong>absque</strong></span> <span class='ocrx_word' id='word_1_15' title='bbox 1115 651 1225 713; x_wconf 84' lang='lat' dir='ltr'><strong>tali</strong></span> <span class='ocrx_word' id='word_1_16' title='bbox 1284 651 1684 713; x_wconf 78' lang='lat' dir='ltr'><strong>alienatione.</strong></span> <span class='ocrx_word' id='word_1_17' title='bbox 1735 650 1878 711; x_wconf 82' lang='lat' dir='ltr'><strong>Haec</strong></span> <span class='ocrx_word' id='word_1_18' title='bbox 1909 650 1960 711; x_wconf 89' lang='lat' dir='ltr'>A</span> <span class='ocrx_word' id='word_1_19' title='bbox 1992 648 2341 730; x_wconf 81' lang='lat' dir='ltr'><strong>praehabita</strong></span> <span class='ocrx_word' id='word_1_20' title='bbox 2388 615 2569 731; x_wconf 89' lang='lat' dir='ltr'><strong>ponit</strong></span> <span class='ocrx_word' id='word_1_21' title='bbox 2614 650 3019 731; x_wconf 86' lang='lat' dir='ltr'><strong>paucissima.</strong></span> <span class='ocrx_word' id='word_1_22' title='bbox 3072 648 3165 710; x_wconf 88' lang='lat' dir='ltr'><strong>Ad</strong></span> <span class='ocrx_word' id='word_1_23' title='bbox 3219 647 3487 729; x_wconf 90' lang='lat' dir='ltr'><strong>proban-</strong></span> 
     </span>
    </p>
   </div>
   <div class='ocr_carea' id='block_1_5' title="bbox 371 747 1879 1809">
    <p class='ocr_par' dir='ltr' id='par_1_5' title="bbox 375 747 1878 1024">
     <span class='ocr_line' id='line_1_5' title="bbox 377 747 1878 830; baseline 0 -23"><span class='ocrx_word' id='word_1_24' title='bbox 377 747 648 809; x_wconf 89' lang='lat' dir='ltr'><strong>Thomas</strong></span> <span class='ocrx_word' id='word_1_25' title='bbox 690 748 755 810; x_wconf 90' lang='lat' dir='ltr'><strong>in</strong></span> <span class='ocrx_word' id='word_1_26' title='bbox 800 749 1148 830; x_wconf 77' lang='lat' dir='ltr'><strong>quaestione</strong></span> <span class='ocrx_word' id='word_1_27' title='bbox 1180 748 1320 822; x_wconf 90' lang='lat' dir='ltr'><strong>hac,</strong></span> <span class='ocrx_word' id='word_1_28' title='bbox 1355 755 1570 810; x_wconf 91' lang='lat' dir='ltr'><strong>utrum</strong></span> <span class='ocrx_word' id='word_1_29' title='bbox 1616 747 1878 828; x_wconf 91' lang='lat' dir='ltr'><strong>angelus</strong></span> 
     </span>
     <span class='ocr_line' id='line_1_6' title="bbox 376 844 1878 928; baseline -0.001 -22"><span class='ocrx_word' id='word_1_30' title='bbox 376 846 577 926; x_wconf 89' lang='lat' dir='ltr'><strong>possit</strong></span> <span class='ocrx_word' id='word_1_31' title='bbox 622 846 962 908; x_wconf 91' lang='lat' dir='ltr'><strong>immutare</strong></span> <span class='ocrx_word' id='word_1_32' title='bbox 1010 847 1527 928; x_wconf 76' lang='lat' dir='ltr'>imaginationem</span> <span class='ocrx_word' id='word_1_33' title='bbox 1572 863 1684 907; x_wconf 90' lang='lat' dir='ltr'><strong>seu</strong></span> <span class='ocrx_word' id='word_1_34' title='bbox 1725 844 1878 906; x_wconf 75' lang='lat' dir='ltr'><strong>iina-</strong></span> 
     </span>
     <span class='ocr_line' id='line_1_7' title="bbox 375 943 1243 1024; baseline 0.002 -20"><span class='ocrx_word' id='word_1_35' title='bbox 375 943 722 1024; x_wconf 85' lang='lat' dir='ltr'><strong>ginativam</strong></span> <span class='ocrx_word' id='word_1_36' title='bbox 767 945 898 1006; x_wconf 89' lang='lat' dir='ltr'><strong>vim</strong></span> <span class='ocrx_word' id='word_1_37' title='bbox 942 945 1243 1007; x_wconf 78' lang='lat' dir='ltr'><strong>hominis,</strong></span> 
     </span>
    </p>

    <p class='ocr_par' dir='ltr' id='par_1_6' title="bbox 371 1041 1879 1809">
     <span class='ocr_line' id='line_1_8' title="bbox 443 1041 1876 1124; baseline -0.001 -22"><span class='ocrx_word' id='word_1_38' title='bbox 443 1041 682 1104; x_wconf 81' lang='lat' dir='ltr'>Deinde</span> <span class='ocrx_word' id='word_1_39' title='bbox 703 1043 1006 1105; x_wconf 88' lang='lat' dir='ltr'><strong>solvendo</strong></span> <span class='ocrx_word' id='word_1_40' title='bbox 1027 1043 1189 1105; x_wconf 91' lang='lat' dir='ltr'><strong>hanc</strong></span> <span class='ocrx_word' id='word_1_41' title='bbox 1210 1043 1647 1124; x_wconf 81' lang='lat' dir='ltr'><strong>quaestionem,</strong></span> <span class='ocrx_word' id='word_1_42' title='bbox 1661 1049 1876 1103; x_wconf 88' lang='lat' dir='ltr'><strong>utrum</strong></span> 
     </span>
     <span class='ocr_line' id='line_1_9' title="bbox 374 1139 1876 1220; baseline 0.001 -21"><span class='ocrx_word' id='word_1_43' title='bbox 374 1139 638 1220; x_wconf 80' lang='lat' dir='ltr'><strong>angelus</strong></span> <span class='ocrx_word' id='word_1_44' title='bbox 687 1140 892 1202; x_wconf 84' lang='lat' dir='ltr'><strong>valeat</strong></span> <span class='ocrx_word' id='word_1_45' title='bbox 947 1140 1286 1202; x_wconf 89' lang='lat' dir='ltr'><strong>immutare</strong></span> <span class='ocrx_word' id='word_1_46' title='bbox 1334 1159 1594 1202; x_wconf 91' lang='lat' dir='ltr'><strong>sensum</strong></span> <span class='ocrx_word' id='word_1_47' title='bbox 1649 1139 1876 1201; x_wconf 89' lang='lat' dir='ltr'><strong>huma-</strong></span> 
     </span>
     <span class='ocr_line' id='line_1_10' title="bbox 372 1236 1870 1319; baseline 0.001 -22"><span class='ocrx_word' id='word_1_48' title='bbox 372 1255 528 1298; x_wconf 92' lang='lat' dir='ltr'><strong>num</strong></span> <span class='ocrx_word' id='word_1_49' title='bbox 573 1255 588 1299; x_wconf 74' lang='grc' dir='ltr'>ε</span> <span class='ocrx_word' id='word_1_50' title='bbox 631 1237 888 1310; x_wconf 84' lang='lat' dir='ltr'><strong>Sensus,</strong></span> <span class='ocrx_word' id='word_1_51' title='bbox 929 1239 1040 1312; x_wconf 88' lang='lat' dir='ltr'><strong>ait,</strong></span> <span class='ocrx_word' id='word_1_52' title='bbox 1084 1237 1460 1300; x_wconf 86' lang='lat' dir='ltr'><strong>immutatur</strong></span> <span class='ocrx_word' id='word_1_53' title='bbox 1508 1236 1870 1319; x_wconf 69' lang='lat' dir='ltr'><strong>dupliciter.</strong></span> 
     </span>
     <span class='ocr_line' id='line_1_11' title="bbox 373 1333 1874 1410; baseline -0.002 -13"><span class='ocrx_word' id='word_1_54' title='bbox 373 1335 508 1397; x_wconf 86' lang='lat' dir='ltr'><strong>Uno</strong></span> <span class='ocrx_word' id='word_1_55' title='bbox 573 1334 762 1397; x_wconf 90' lang='lat' dir='ltr'><strong>modo</strong></span> <span class='ocrx_word' id='word_1_56' title='bbox 823 1335 904 1396; x_wconf 90' lang='lat' dir='ltr'><strong>ab</strong></span> <span class='ocrx_word' id='word_1_57' title='bbox 967 1335 1293 1410; x_wconf 84' lang='lat' dir='ltr'><strong>exteriori,</strong></span> <span class='ocrx_word' id='word_1_58' title='bbox 1356 1343 1424 1396; x_wconf 91' lang='lat' dir='ltr'><strong>ut</strong></span> <span class='ocrx_word' id='word_1_59' title='bbox 1487 1354 1524 1397; x_wconf 90' lang='lat' dir='ltr'><strong>a</strong></span> <span class='ocrx_word' id='word_1_60' title='bbox 1584 1333 1874 1396; x_wconf 89' lang='lat' dir='ltr'><strong>sensibili</strong></span> 
     </span>
     <span class='ocr_line' id='line_1_12' title="bbox 371 1431 1876 1513; baseline -0.001 -19"><span class='ocrx_word' id='word_1_61' title='bbox 371 1451 484 1494; x_wconf 87' lang='lat' dir='ltr'><strong>seu</strong></span> <span class='ocrx_word' id='word_1_62' title='bbox 520 1432 794 1513; x_wconf 85' lang='lat' dir='ltr'><strong>objecto.</strong></span> <span class='ocrx_word' id='word_1_63' title='bbox 828 1433 970 1496; x_wconf 89' lang='lat' dir='ltr'><strong>Alio</strong></span> <span class='ocrx_word' id='word_1_64' title='bbox 1009 1434 1196 1496; x_wconf 92' lang='lat' dir='ltr'><strong>modo</strong></span> <span class='ocrx_word' id='word_1_65' title='bbox 1233 1433 1314 1495; x_wconf 91' lang='lat' dir='ltr'><strong>ab</strong></span> <span class='ocrx_word' id='word_1_66' title='bbox 1355 1432 1660 1495; x_wconf 90' lang='lat' dir='ltr'><strong>interiori.</strong></span> <span class='ocrx_word' id='word_1_67' title='bbox 1695 1431 1876 1494; x_wconf 88' lang='lat' dir='ltr'><strong>Vide-</strong></span> 
     </span>
     <span class='ocr_line' id='line_1_13' title="bbox 372 1529 1879 1613; baseline -0.001 -20"><span class='ocrx_word' id='word_1_68' title='bbox 372 1551 516 1593; x_wconf 89' lang='lat' dir='ltr'><strong>mus</strong></span> <span class='ocrx_word' id='word_1_69' title='bbox 554 1531 728 1593; x_wconf 91' lang='lat' dir='ltr'><strong>enim</strong></span> <span class='ocrx_word' id='word_1_70' title='bbox 770 1531 939 1613; x_wconf 89' lang='lat' dir='ltr'><strong>quod</strong></span> <span class='ocrx_word' id='word_1_71' title='bbox 983 1531 1370 1613; x_wconf 87' lang='lat' dir='ltr'><strong>perturbatis</strong></span> <span class='ocrx_word' id='word_1_72' title='bbox 1413 1529 1746 1612; x_wconf 87' lang='lat' dir='ltr'><strong>spiritibus</strong></span> <span class='ocrx_word' id='word_1_73' title='bbox 1789 1537 1879 1592; x_wconf 89' lang='lat' dir='ltr'><strong>at-</strong></span> 
     </span>
     <span class='ocr_line' id='line_1_14' title="bbox 372 1629 1873 1710; baseline 0 -20"><span class='ocrx_word' id='word_1_74' title='bbox 372 1647 497 1710; x_wconf 88' lang='lat' dir='ltr'><strong>que</strong></span> <span class='ocrx_word' id='word_1_75' title='bbox 547 1629 950 1703; x_wconf 81' lang='lat' dir='ltr'><strong>humoribuS‚</strong></span> <span class='ocrx_word' id='word_1_76' title='bbox 983 1648 1208 1691; x_wconf 90' lang='lat' dir='ltr'><strong>sensus</strong></span> <span class='ocrx_word' id='word_1_77' title='bbox 1258 1646 1405 1691; x_wconf 85' lang='lat' dir='ltr'><strong>mox</strong></span> <span class='ocrx_word' id='word_1_78' title='bbox 1449 1629 1873 1690; x_wconf 88' lang='lat' dir='ltr'><strong>immutatur:</strong></span> 
     </span>
     <span class='ocr_line' id='line_1_15' title="bbox 372 1726 1878 1809; baseline -0.001 -20"><span class='ocrx_word' id='word_1_79' title='bbox 372 1727 915 1809; x_wconf 76' lang='lat' dir='ltr'><strong>quemadmodum</strong></span> <span class='ocrx_word' id='word_1_80' title='bbox 967 1728 1184 1808; x_wconf 85' lang='lat' dir='ltr'><strong>lingua</strong></span> <span class='ocrx_word' id='word_1_81' title='bbox 1234 1726 1477 1788; x_wconf 83' lang='lat' dir='ltr'><strong>infirmi</strong></span> <span class='ocrx_word' id='word_1_82' title='bbox 1527 1726 1716 1808; x_wconf 85' lang='lat' dir='ltr'><strong>plena</strong></span> <span class='ocrx_word' id='word_1_83' title='bbox 1764 1726 1878 1788; x_wconf 89' lang='lat' dir='ltr'><strong>hu-</strong></span> 
     </span>
    </p>
   </div>
   <div class='ocr_carea' id='block_1_6' title="bbox 1989 745 3489 828">
    <p class='ocr_par' dir='ltr' id='par_1_7' title="bbox 1989 745 3489 828">
     <span class='ocr_line' id='line_1_16' title="bbox 1989 745 3489 828; baseline -0.001 -20"><span class='ocrx_word' id='word_1_84' title='bbox 1989 747 2142 809; x_wconf 89' lang='lat' dir='ltr'><strong>dum</strong></span> <span class='ocrx_word' id='word_1_85' title='bbox 2176 765 2326 810; x_wconf 90' lang='lat' dir='ltr'><strong>vero</strong></span> <span class='ocrx_word' id='word_1_86' title='bbox 2357 748 2525 828; x_wconf 92' lang='lat' dir='ltr'><strong>quod</strong></span> <span class='ocrx_word' id='word_1_87' title='bbox 2559 748 2623 809; x_wconf 91' lang='lat' dir='ltr'><strong>in</strong></span> <span class='ocrx_word' id='word_1_88' title='bbox 2666 747 2907 828; x_wconf 87' lang='lat' dir='ltr'><strong>angelis</strong></span> <span class='ocrx_word' id='word_1_89' title='bbox 2938 747 3021 809; x_wconf 89' lang='lat' dir='ltr'><strong>sit</strong></span> <span class='ocrx_word' id='word_1_90' title='bbox 3054 764 3308 828; x_wconf 82' lang='lat' dir='ltr'><strong>corpuS,</strong></span> <span class='ocrx_word' id='word_1_91' title='bbox 3341 745 3489 808; x_wconf 90' lang='lat' dir='ltr'><strong>alle-</strong></span> 
     </span>
    </p>
   </div>
   <div class='ocr_carea' id='block_1_7' title="bbox 1986 843 3777 925">
    <p class='ocr_par' dir='ltr' id='par_1_8' title="bbox 1986 843 3777 925">
     <span class='ocr_line' id='line_1_17' title="bbox 1986 843 3777 925; baseline -0.001 -19"><span class='ocrx_word' id='word_1_92' title='bbox 1986 852 2088 925; x_wconf 87' lang='lat' dir='ltr'><strong>gat</strong></span> <span class='ocrx_word' id='word_1_93' title='bbox 2121 844 2280 906; x_wconf 86' lang='lat' dir='ltr'><strong>illud</strong></span> <span class='ocrx_word' id='word_1_94' title='bbox 2311 864 2387 907; x_wconf 86' lang='lat' dir='ltr'><strong>ex</strong></span> <span class='ocrx_word' id='word_1_95' title='bbox 2422 844 2583 906; x_wconf 89' lang='lat' dir='ltr'><strong>libro</strong></span> <span class='ocrx_word' id='word_1_96' title='bbox 2614 845 2691 906; x_wconf 90' lang='lat' dir='ltr'><strong>de</strong></span> <span class='ocrx_word' id='word_1_97' title='bbox 2732 843 3194 907; x_wconf 85' lang='lat' dir='ltr'><strong>Ecclesiasticis</strong></span> <span class='ocrx_word' id='word_1_98' title='bbox 3232 844 3485 924; x_wconf 90' lang='lat' dir='ltr'><strong>dogma·</strong></span> <span class='ocrx_word' id='word_1_99' title='bbox 3516 860 3777 904; x_wconf 68' lang='lat' dir='ltr'><strong>Gennadius.</strong></span> 
     </span>
    </p>
   </div>
   <div class='ocr_carea' id='block_1_8' title="bbox 1987 942 3492 1810">
    <p class='ocr_par' dir='ltr' id='par_1_9' title="bbox 1987 942 3492 1810">
     <span class='ocr_line' id='line_1_18' title="bbox 1987 942 3487 1025; baseline -0.001 -21"><span class='ocrx_word' id='word_1_100' title='bbox 1987 943 2182 1016; x_wconf 84' lang='lat' dir='ltr'><strong>tibus,</strong></span> <span class='ocrx_word' id='word_1_101' title='bbox 2202 943 2483 1025; x_wconf 88' lang='lat' dir='ltr'><strong>capitulo</strong></span> <span class='ocrx_word' id='word_1_102' title='bbox 2510 943 2889 1006; x_wconf 87' lang='lat' dir='ltr'><strong>duodecimo</strong></span> <span class='ocrx_word' id='word_1_103' title='bbox 2912 960 2926 1004; x_wconf 92' lang='lat'><strong>:</strong></span> <span class='ocrx_word' id='word_1_104' title='bbox 2951 943 3250 1007; x_wconf 85' lang='lat' dir='ltr'><strong>Creatura</strong></span> <span class='ocrx_word' id='word_1_105' title='bbox 3277 942 3487 1005; x_wconf 90' lang='lat' dir='ltr'><strong>omnis</strong></span> 
     </span>
     <span class='ocr_line' id='line_1_19' title="bbox 1989 1041 3488 1122; baseline 0.001 -20"><span class='ocrx_word' id='word_1_106' title='bbox 1989 1059 2292 1122; x_wconf 86' lang='lat' dir='ltr'><strong>corporea</strong></span> <span class='ocrx_word' id='word_1_107' title='bbox 2320 1049 2451 1120; x_wconf 81' lang='lat' dir='ltr'><strong>est3</strong></span> <span class='ocrx_word' id='word_1_108' title='bbox 2483 1041 2690 1121; x_wconf 89' lang='lat' dir='ltr'><strong>angeli</strong></span> <span class='ocrx_word' id='word_1_109' title='bbox 2722 1051 2785 1103; x_wconf 90' lang='lat' dir='ltr'><strong>et</strong></span> <span class='ocrx_word' id='word_1_110' title='bbox 2815 1059 3037 1104; x_wconf 90' lang='lat' dir='ltr'><strong>omnes</strong></span> <span class='ocrx_word' id='word_1_111' title='bbox 3068 1041 3336 1104; x_wconf 79' lang='lat' dir='ltr'><strong>virtutes</strong></span> <span class='ocrx_word' id='word_1_112' title='bbox 3367 1059 3488 1104; x_wconf 88' lang='lat' dir='ltr'><strong>coe-</strong></span> 
     </span>
     <span class='ocr_line' id='line_1_20' title="bbox 1990 1140 3487 1222; baseline 0 -21"><span class='ocrx_word' id='word_1_113' title='bbox 1990 1140 2177 1202; x_wconf 90' lang='lat' dir='ltr'><strong>lestes</strong></span> <span class='ocrx_word' id='word_1_114' title='bbox 2228 1140 2515 1222; x_wconf 89' lang='lat' dir='ltr'><strong>corporei</strong></span> <span class='ocrx_word' id='word_1_115' title='bbox 2564 1147 2734 1214; x_wconf 90' lang='lat' dir='ltr'><strong>sunt,</strong></span> <span class='ocrx_word' id='word_1_116' title='bbox 2775 1140 3070 1222; x_wconf 88' lang='lat' dir='ltr'><strong>quamvis</strong></span> <span class='ocrx_word' id='word_1_117' title='bbox 3123 1157 3247 1202; x_wconf 90' lang='lat' dir='ltr'><strong>non</strong></span> <span class='ocrx_word' id='word_1_118' title='bbox 3298 1157 3487 1202; x_wconf 89' lang='lat' dir='ltr'><strong>carne</strong></span> 
     </span>
     <span class='ocr_line' id='line_1_21' title="bbox 1989 1236 3490 1320; baseline 0 -22"><span class='ocrx_word' id='word_1_119' title='bbox 1989 1236 2357 1300; x_wconf 80' lang='lat' dir='ltr'><strong>subsistant.</strong></span> <span class='ocrx_word' id='word_1_120' title='bbox 2392 1239 2548 1300; x_wconf 87' lang='lat' dir='ltr'><strong>Item</strong></span> <span class='ocrx_word' id='word_1_121' title='bbox 2594 1238 2762 1320; x_wconf 90' lang='lat' dir='ltr'><strong>quod</strong></span> <span class='ocrx_word' id='word_1_122' title='bbox 2806 1238 3030 1319; x_wconf 91' lang='lat' dir='ltr'><strong>quinto</strong></span> <span class='ocrx_word' id='word_1_123' title='bbox 3074 1238 3151 1299; x_wconf 88' lang='lat' dir='ltr'><strong>de</strong></span> <span class='ocrx_word' id='word_1_124' title='bbox 3194 1236 3490 1300; x_wconf 88' lang='lat' dir='ltr'><strong>Conside-</strong></span> 
     </span>
     <span class='ocr_line' id='line_1_22' title="bbox 1987 1334 3488 1417; baseline 0.001 -22"><span class='ocrx_word' id='word_1_125' title='bbox 1987 1334 2231 1397; x_wconf 89' lang='lat' dir='ltr'><strong>ratione</strong></span> <span class='ocrx_word' id='word_1_126' title='bbox 2272 1343 2527 1398; x_wconf 87' lang='lat' dir='ltr'><strong>sanctus</strong></span> <span class='ocrx_word' id='word_1_127' title='bbox 2570 1343 2750 1417; x_wconf 88' lang='lat' dir='ltr'><strong>pater</strong></span> <span class='ocrx_word' id='word_1_128' title='bbox 2792 1335 3147 1398; x_wconf 89' lang='lat' dir='ltr'><strong>Bernardus</strong></span> <span class='ocrx_word' id='word_1_129' title='bbox 3196 1335 3488 1416; x_wconf 87' lang='lat' dir='ltr'><strong>deprom-</strong></span> 
     </span>
     <span class='ocr_line' id='line_1_23' title="bbox 1989 1433 3489 1516; baseline 0.001 -22"><span class='ocrx_word' id='word_1_130' title='bbox 1989 1433 2116 1514; x_wconf 88' lang='lat' dir='ltr'><strong>psit</strong></span> <span class='ocrx_word' id='word_1_131' title='bbox 2165 1450 2181 1494; x_wconf 88' lang='lat'>:</span> <span class='ocrx_word' id='word_1_132' title='bbox 2223 1433 2444 1514; x_wconf 89' lang='lat' dir='ltr'><strong>Angeli</strong></span> <span class='ocrx_word' id='word_1_133' title='bbox 2496 1452 2759 1516; x_wconf 89' lang='lat' dir='ltr'><strong>corpore</strong></span> <span class='ocrx_word' id='word_1_134' title='bbox 2808 1441 3055 1496; x_wconf 88' lang='lat' dir='ltr'><strong>exstant</strong></span> <span class='ocrx_word' id='word_1_135' title='bbox 3113 1433 3288 1496; x_wconf 87' lang='lat' dir='ltr'><strong>aerii.</strong></span> <span class='ocrx_word' id='word_1_136' title='bbox 3342 1433 3489 1505; x_wconf 82' lang='lat' dir='ltr'><strong>Quae</strong></span> 
     </span>
     <span class='ocr_line' id='line_1_24' title="bbox 1988 1532 3491 1613; baseline 0 -21"><span class='ocrx_word' id='word_1_137' title='bbox 1988 1532 2205 1593; x_wconf 89' lang='lat' dir='ltr'><strong>omnia</strong></span> <span class='ocrx_word' id='word_1_138' title='bbox 2235 1532 2445 1606; x_wconf 85' lang='lat' dir='ltr'><strong>solvit,</strong></span> <span class='ocrx_word' id='word_1_139' title='bbox 2478 1532 2749 1594; x_wconf 88' lang='lat' dir='ltr'><strong>dicendo</strong></span> <span class='ocrx_word' id='word_1_140' title='bbox 2779 1532 2949 1613; x_wconf 93' lang='lat' dir='ltr'><strong>quod</strong></span> <span class='ocrx_word' id='word_1_141' title='bbox 2978 1539 3265 1593; x_wconf 88' lang='lat' dir='ltr'><strong>creatura</strong></span> <span class='ocrx_word' id='word_1_142' title='bbox 3296 1550 3491 1613; x_wconf 87' lang='lat' dir='ltr'><strong>quan-</strong></span> 
     </span>
     <span class='ocr_line' id='line_1_25' title="bbox 1989 1630 3492 1713; baseline -0.001 -21"><span class='ocrx_word' id='word_1_143' title='bbox 1989 1630 2284 1693; x_wconf 89' lang='lat' dir='ltr'><strong>tumlibet</strong></span> <span class='ocrx_word' id='word_1_144' title='bbox 2314 1630 2825 1713; x_wconf 89' lang='lat' dir='ltr'><strong>simplex,tamen</strong></span> <span class='ocrx_word' id='word_1_145' title='bbox 2859 1631 3325 1712; x_wconf 87' lang='lat' dir='ltr'><strong>comparatione</strong></span> <span class='ocrx_word' id='word_1_146' title='bbox 3356 1630 3492 1692; x_wconf 92' lang='lat' dir='ltr'><strong>sim·</strong></span> 
     </span>
     <span class='ocr_line' id='line_1_26' title="bbox 1989 1729 3489 1810; baseline 0.001 -19"><span class='ocrx_word' id='word_1_147' title='bbox 1989 1729 2293 1810; x_wconf 88' lang='lat' dir='ltr'><strong>plicitatis</strong></span> <span class='ocrx_word' id='word_1_148' title='bbox 2339 1737 2402 1792; x_wconf 90' lang='lat' dir='ltr'><strong>et</strong></span> <span class='ocrx_word' id='word_1_149' title='bbox 2445 1729 2999 1793; x_wconf 79' lang='lat' dir='ltr'><strong>immaterialitatis</strong></span> <span class='ocrx_word' id='word_1_150' title='bbox 3046 1730 3341 1792; x_wconf 79' lang='lat' dir='ltr'><strong>increatae</strong></span> <span class='ocrx_word' id='word_1_151' title='bbox 3380 1747 3489 1810; x_wconf 90' lang='lat' dir='ltr'><strong>po·</strong></span> 
     </span>
    </p>
   </div>
   <div class='ocr_carea' id='block_1_9' title="bbox 373 1824 3486 1911">
    <p class='ocr_par' dir='ltr' id='par_1_10' title="bbox 373 1824 3486 1911">
     <span class='ocr_line' id='line_1_27' title="bbox 373 1824 3486 1911; baseline 0.001 -24"><span class='ocrx_word' id='word_1_152' title='bbox 373 1843 550 1888; x_wconf 87' lang='lat' dir='ltr'><strong>more</strong></span> <span class='ocrx_word' id='word_1_153' title='bbox 619 1824 959 1898; x_wconf 79' lang='lat' dir='ltr'><strong>cholericO,</strong></span> <span class='ocrx_word' id='word_1_154' title='bbox 1031 1825 1247 1888; x_wconf 88' lang='lat' dir='ltr'><strong>omnia</strong></span> <span class='ocrx_word' id='word_1_155' title='bbox 1313 1825 1506 1887; x_wconf 76' lang='lat' dir='ltr'><strong>sentit.</strong></span> <span class='ocrx_word' id='word_1_156' title='bbox 1571 1831 1873 1906; x_wconf 87' lang='lat' dir='ltr'><strong>tanquam</strong></span> <span class='ocrx_word' id='word_1_157' title='bbox 1911 1828 1958 1890; x_wconf 91' lang='lat' dir='ltr'>B</span> <span class='ocrx_word' id='word_1_158' title='bbox 1991 1834 2111 1890; x_wconf 84' lang='lat' dir='ltr'><strong>test</strong></span> <span class='ocrx_word' id='word_1_159' title='bbox 2141 1827 2351 1890; x_wconf 88' lang='lat' dir='ltr'><strong>vocari</strong></span> <span class='ocrx_word' id='word_1_160' title='bbox 2385 1846 2688 1910; x_wconf 87' lang='lat' dir='ltr'><strong>corporea</strong></span> <span class='ocrx_word' id='word_1_161' title='bbox 2721 1847 2735 1890; x_wconf 77' lang='grc' dir='ltr'>ε</span> <span class='ocrx_word' id='word_1_162' title='bbox 2772 1828 3311 1911; x_wconf 87' lang='lat' dir='ltr'><strong>quemadmodum</strong></span> <span class='ocrx_word' id='word_1_163' title='bbox 3348 1847 3486 1890; x_wconf 90' lang='lat' dir='ltr'><strong>esse</strong></span> 
     </span>
    </p>
   </div>
   <div class='ocr_carea' id='block_1_10' title="bbox 369 1922 1879 2971">
    <p class='ocr_par' dir='ltr' id='par_1_11' title="bbox 369 1922 1879 2971">
     <span class='ocr_line' id='line_1_28' title="bbox 369 1922 1874 2005; baseline -0.001 -20"><span class='ocrx_word' id='word_1_164' title='bbox 369 1941 621 2002; x_wconf 81' lang='lat' dir='ltr'><strong>amara3</strong></span> <span class='ocrx_word' id='word_1_165' title='bbox 653 1931 718 1984; x_wconf 86' lang='lat' dir='ltr'><strong>et</strong></span> <span class='ocrx_word' id='word_1_166' title='bbox 757 1923 1180 1986; x_wconf 85' lang='lat' dir='ltr'><strong>consimiliter</strong></span> <span class='ocrx_word' id='word_1_167' title='bbox 1209 1923 1417 2005; x_wconf 85' lang='lat' dir='ltr'><strong>agitur</strong></span> <span class='ocrx_word' id='word_1_168' title='bbox 1456 1922 1521 1985; x_wconf 91' lang='lat' dir='ltr'><strong>in</strong></span> <span class='ocrx_word' id='word_1_169' title='bbox 1561 1923 1704 1984; x_wconf 89' lang='lat' dir='ltr'><strong>aliis</strong></span> <span class='ocrx_word' id='word_1_170' title='bbox 1743 1942 1874 1984; x_wconf 89' lang='lat' dir='ltr'><strong>sen·</strong></span> 
     </span>
     <span class='ocr_line' id='line_1_29' title="bbox 369 2021 1879 2104; baseline -0.001 -21"><span class='ocrx_word' id='word_1_171' title='bbox 369 2022 570 2084; x_wconf 91' lang='lat' dir='ltr'><strong>sibus.</strong></span> <span class='ocrx_word' id='word_1_172' title='bbox 607 2021 684 2084; x_wconf 89' lang='lat' dir='ltr'><strong>Et</strong></span> <span class='ocrx_word' id='word_1_173' title='bbox 733 2031 1004 2104; x_wconf 88' lang='lat' dir='ltr'><strong>utroque</strong></span> <span class='ocrx_word' id='word_1_174' title='bbox 1049 2023 1238 2085; x_wconf 92' lang='lat' dir='ltr'><strong>modo</strong></span> <span class='ocrx_word' id='word_1_175' title='bbox 1280 2021 1543 2102; x_wconf 89' lang='lat' dir='ltr'><strong>angelus</strong></span> <span class='ocrx_word' id='word_1_176' title='bbox 1587 2023 1879 2083; x_wconf 86' lang='lat' dir='ltr'><strong>immuta-</strong></span> 
     </span>
     <span class='ocr_line' id='line_1_30' title="bbox 373 2119 1877 2202; baseline 0.001 -22"><span class='ocrx_word' id='word_1_177' title='bbox 373 2139 440 2181; x_wconf 91' lang='lat' dir='ltr'><strong>re</strong></span> <span class='ocrx_word' id='word_1_178' title='bbox 503 2126 714 2202; x_wconf 87' lang='lat' dir='ltr'><strong>potest</strong></span> <span class='ocrx_word' id='word_1_179' title='bbox 772 2120 1051 2183; x_wconf 89' lang='lat' dir='ltr'><strong>hominis</strong></span> <span class='ocrx_word' id='word_1_180' title='bbox 1110 2139 1369 2183; x_wconf 90' lang='lat' dir='ltr'><strong>sensum</strong></span> <span class='ocrx_word' id='word_1_181' title='bbox 1430 2119 1703 2181; x_wconf 88' lang='lat' dir='ltr'><strong>naturali</strong></span> <span class='ocrx_word' id='word_1_182' title='bbox 1761 2139 1877 2182; x_wconf 90' lang='lat' dir='ltr'><strong>sua</strong></span> 
     </span>
     <span class='ocr_line' id='line_1_31' title="bbox 371 2219 1877 2300; baseline -0.001 -18"><span class='ocrx_word' id='word_1_183' title='bbox 371 2219 628 2282; x_wconf 81' lang='lat' dir='ltr'><strong>virtute.</strong></span> <span class='ocrx_word' id='word_1_184' title='bbox 695 2219 905 2282; x_wconf 89' lang='lat' dir='ltr'><strong>Potest</strong></span> <span class='ocrx_word' id='word_1_185' title='bbox 970 2220 1145 2281; x_wconf 89' lang='lat' dir='ltr'><strong>enim</strong></span> <span class='ocrx_word' id='word_1_186' title='bbox 1211 2220 1491 2282; x_wconf 85' lang='lat' dir='ltr'><strong>exterius</strong></span> <span class='ocrx_word' id='word_1_187' title='bbox 1553 2235 1877 2300; x_wconf 85' lang='lat' dir='ltr'><strong>opponere</strong></span> 
     </span>
     <span class='ocr_line' id='line_1_32' title="bbox 371 2317 1877 2390; baseline -0.001 -12"><span class='ocrx_word' id='word_1_188' title='bbox 371 2317 669 2379; x_wconf 88' lang='lat' dir='ltr'><strong>sensibus</strong></span> <span class='ocrx_word' id='word_1_189' title='bbox 722 2317 1054 2380; x_wconf 87' lang='lat' dir='ltr'><strong>sensibilia</strong></span> <span class='ocrx_word' id='word_1_190' title='bbox 1108 2326 1253 2381; x_wconf 90' lang='lat' dir='ltr'><strong>ante</strong></span> <span class='ocrx_word' id='word_1_191' title='bbox 1309 2317 1597 2390; x_wconf 81' lang='lat' dir='ltr'><strong>formata,</strong></span> <span class='ocrx_word' id='word_1_192' title='bbox 1648 2325 1758 2378; x_wconf 88' lang='lat' dir='ltr'><strong>aut</strong></span> <span class='ocrx_word' id='word_1_193' title='bbox 1804 2335 1877 2378; x_wconf 87' lang='lat' dir='ltr'><strong>ea</strong></span> 
     </span>
     <span class='ocr_line' id='line_1_33' title="bbox 372 2415 1876 2496; baseline -0.001 -19"><span class='ocrx_word' id='word_1_194' title='bbox 372 2417 452 2477; x_wconf 87' lang='lat' dir='ltr'><strong>de</strong></span> <span class='ocrx_word' id='word_1_195' title='bbox 499 2434 668 2479; x_wconf 90' lang='lat' dir='ltr'><strong>novo</strong></span> <span class='ocrx_word' id='word_1_196' title='bbox 709 2415 1065 2489; x_wconf 83' lang='lat' dir='ltr'><strong>formando,</strong></span> <span class='ocrx_word' id='word_1_197' title='bbox 1099 2415 1268 2477; x_wconf 92' lang='lat' dir='ltr'><strong>sicut</strong></span> <span class='ocrx_word' id='word_1_198' title='bbox 1306 2416 1460 2478; x_wconf 91' lang='lat' dir='ltr'><strong>dum</strong></span> <span class='ocrx_word' id='word_1_199' title='bbox 1507 2434 1738 2496; x_wconf 88' lang='lat' dir='ltr'><strong>corpus</strong></span> <span class='ocrx_word' id='word_1_200' title='bbox 1781 2435 1876 2476; x_wconf 90' lang='lat' dir='ltr'><strong>as-</strong></span> 
     </span>
     <span class='ocr_line' id='line_1_34' title="bbox 372 2513 1877 2596; baseline 0 -21"><span class='ocrx_word' id='word_1_201' title='bbox 372 2515 590 2575; x_wconf 85' lang='lat' dir='ltr'><strong>sumit.</strong></span> <span class='ocrx_word' id='word_1_202' title='bbox 641 2513 949 2576; x_wconf 88' lang='lat' dir='ltr'><strong>Similiter</strong></span> <span class='ocrx_word' id='word_1_203' title='bbox 996 2521 1205 2596; x_wconf 91' lang='lat' dir='ltr'><strong>potest</strong></span> <span class='ocrx_word' id='word_1_204' title='bbox 1253 2514 1426 2576; x_wconf 89' lang='lat' dir='ltr'><strong>intus</strong></span> <span class='ocrx_word' id='word_1_205' title='bbox 1475 2531 1877 2575; x_wconf 89' lang='lat' dir='ltr'><strong>commovere</strong></span> 
     </span>
     <span class='ocr_line' id='line_1_35' title="bbox 371 2613 1877 2695; baseline 0 -22"><span class='ocrx_word' id='word_1_206' title='bbox 371 2613 637 2695; x_wconf 90' lang='lat' dir='ltr'><strong>spiritus</strong></span> <span class='ocrx_word' id='word_1_207' title='bbox 685 2621 749 2674; x_wconf 91' lang='lat' dir='ltr'><strong>et</strong></span> <span class='ocrx_word' id='word_1_208' title='bbox 806 2613 1106 2675; x_wconf 91' lang='lat' dir='ltr'><strong>humores</strong></span> <span class='ocrx_word' id='word_1_209' title='bbox 1153 2613 1254 2693; x_wconf 93' lang='lat' dir='ltr'><strong>(ut</strong></span> <span class='ocrx_word' id='word_1_210' title='bbox 1299 2613 1543 2674; x_wconf 90' lang='lat' dir='ltr'><strong>dictum</strong></span> <span class='ocrx_word' id='word_1_211' title='bbox 1603 2613 1746 2693; x_wconf 87' lang='lat' dir='ltr'><strong>est),</strong></span> <span class='ocrx_word' id='word_1_212' title='bbox 1799 2631 1877 2674; x_wconf 85' lang='lat' dir='ltr'><strong>ex</strong></span> 
     </span>
     <span class='ocr_line' id='line_1_36' title="bbox 371 2710 1872 2792; baseline -0.001 -19"><span class='ocrx_word' id='word_1_213' title='bbox 371 2710 612 2792; x_wconf 91' lang='lat' dir='ltr'><strong>quibus</strong></span> <span class='ocrx_word' id='word_1_214' title='bbox 667 2731 893 2773; x_wconf 90' lang='lat' dir='ltr'><strong>sensus</strong></span> <span class='ocrx_word' id='word_1_215' title='bbox 951 2710 1377 2772; x_wconf 88' lang='lat' dir='ltr'><strong>diversimode</strong></span> <span class='ocrx_word' id='word_1_216' title='bbox 1431 2710 1872 2772; x_wconf 86' lang='lat' dir='ltr'><strong>immutentur.</strong></span> 
     </span>
     <span class='ocr_line' id='line_1_37' title="bbox 370 2808 1876 2882; baseline -0.001 -10"><span class='ocrx_word' id='word_1_217' title='bbox 370 2845 452 2856; x_wconf 88' lang='lat'>—</span> <span class='ocrx_word' id='word_1_218' title='bbox 488 2811 634 2874; x_wconf 81' lang='lat' dir='ltr'><strong>Haec</strong></span> <span class='ocrx_word' id='word_1_219' title='bbox 684 2810 974 2872; x_wconf 90' lang='lat' dir='ltr'><strong>Thomas.</strong></span> <span class='ocrx_word' id='word_1_220' title='bbox 1022 2808 1264 2882; x_wconf 84' lang='lat' dir='ltr'><strong>Quibus</strong></span> <span class='ocrx_word' id='word_1_221' title='bbox 1311 2816 1372 2870; x_wconf 89' lang='lat' dir='ltr'><strong>et</strong></span> <span class='ocrx_word' id='word_1_222' title='bbox 1425 2826 1567 2871; x_wconf 89' lang='lat' dir='ltr'><strong>reor</strong></span> <span class='ocrx_word' id='word_1_223' title='bbox 1613 2827 1876 2870; x_wconf 87' lang='lat' dir='ltr'><strong>consen·</strong></span> 
     </span>
     <span class='ocr_line' id='line_1_38' title="bbox 369 2909 683 2971; baseline 0 -2"><span class='ocrx_word' id='word_1_224' title='bbox 369 2909 683 2971; x_wconf 87' lang='lat' dir='ltr'><strong>tiendum.</strong></span> 
     </span>
    </p>
   </div>
   <div class='ocr_carea' id='block_1_11' title="bbox 371 3103 1880 4172">
    <p class='ocr_par' dir='ltr' id='par_1_12' title="bbox 371 3103 1880 4172">
     <span class='ocr_line' id='line_1_39' title="bbox 439 3103 1878 3186; baseline -0.003 -17"><span class='ocrx_word' id='word_1_225' title='bbox 439 3106 792 3169; x_wconf 75' lang='lat' dir='ltr'><strong>Concor-dat</strong></span> <span class='ocrx_word' id='word_1_226' title='bbox 818 3106 1038 3169; x_wconf 89' lang='lat' dir='ltr'><strong>Petrus</strong></span> <span class='ocrx_word' id='word_1_227' title='bbox 1058 3104 1493 3186; x_wconf 84' lang='lat' dir='ltr'><strong>:Quadruplex</strong></span> <span class='ocrx_word' id='word_1_228' title='bbox 1521 3103 1878 3185; x_wconf 89' lang='lat' dir='ltr'><strong>(inquiens)</strong></span> 
     </span>
     <span class='ocr_line' id='line_1_40' title="bbox 371 3203 1872 3284; baseline -0.002 -19"><span class='ocrx_word' id='word_1_229' title='bbox 371 3205 728 3267; x_wconf 89' lang='lat' dir='ltr'><strong>secundum</strong></span> <span class='ocrx_word' id='word_1_230' title='bbox 777 3204 1190 3277; x_wconf 87' lang='lat' dir='ltr'><strong>Bernardum,</strong></span> <span class='ocrx_word' id='word_1_231' title='bbox 1228 3211 1325 3264; x_wconf 93' lang='lat' dir='ltr'><strong>est</strong></span> <span class='ocrx_word' id='word_1_232' title='bbox 1373 3203 1659 3284; x_wconf 82' lang='lat' dir='ltr'><strong>spirituS,</strong></span> <span class='ocrx_word' id='word_1_233' title='bbox 1697 3208 1872 3283; x_wconf 87' lang='lat' dir='ltr'><strong>puta,</strong></span> 
     </span>
     <span class='ocr_line' id='line_1_41' title="bbox 373 3299 1872 3384; baseline -0.002 -20"><span class='ocrx_word' id='word_1_234' title='bbox 373 3302 657 3376; x_wconf 64' lang='lat' dir='ltr'><strong>divium,</strong></span> <span class='ocrx_word' id='word_1_235' title='bbox 697 3302 1045 3384; x_wconf 80' lang='lat' dir='ltr'><strong>angelicuS,</strong></span> <span class='ocrx_word' id='word_1_236' title='bbox 1087 3302 1429 3375; x_wconf 83' lang='lat' dir='ltr'><strong>humanuS,</strong></span> <span class='ocrx_word' id='word_1_237' title='bbox 1472 3309 1532 3362; x_wconf 91' lang='lat' dir='ltr'><strong>et</strong></span> <span class='ocrx_word' id='word_1_238' title='bbox 1585 3299 1872 3362; x_wconf 88' lang='lat' dir='ltr'><strong>brutalis.</strong></span> 
     </span>
     <span class='ocr_line' id='line_1_42' title="bbox 375 3399 1876 3483; baseline -0.002 -20"><span class='ocrx_word' id='word_1_239' title='bbox 375 3403 644 3463; x_wconf 88' lang='lat' dir='ltr'><strong>Divinus</strong></span> <span class='ocrx_word' id='word_1_240' title='bbox 675 3401 940 3483; x_wconf 88' lang='lat' dir='ltr'><strong>spiritus</strong></span> <span class='ocrx_word' id='word_1_241' title='bbox 969 3399 1148 3462; x_wconf 90' lang='lat' dir='ltr'><strong>nullo</strong></span> <span class='ocrx_word' id='word_1_242' title='bbox 1179 3399 1420 3480; x_wconf 84' lang='lat' dir='ltr'><strong>indiget</strong></span> <span class='ocrx_word' id='word_1_243' title='bbox 1450 3417 1734 3480; x_wconf 88' lang='lat' dir='ltr'><strong>corpore,</strong></span> <span class='ocrx_word' id='word_1_244' title='bbox 1758 3417 1876 3460; x_wconf 91' lang='lat' dir='ltr'><strong>nec</strong></span> 
     </span>
     <span class='ocr_line' id='line_1_43' title="bbox 376 3496 1878 3583; baseline -0.003 -21"><span class='ocrx_word' id='word_1_245' title='bbox 376 3499 584 3583; x_wconf 88' lang='lat' dir='ltr'><strong>quoad</strong></span> <span class='ocrx_word' id='word_1_246' title='bbox 626 3517 786 3574; x_wconf 89' lang='lat' dir='ltr'><strong>esse,</strong></span> <span class='ocrx_word' id='word_1_247' title='bbox 822 3517 940 3560; x_wconf 91' lang='lat' dir='ltr'><strong>nec</strong></span> <span class='ocrx_word' id='word_1_248' title='bbox 980 3497 1188 3579; x_wconf 89' lang='lat' dir='ltr'><strong>quoad</strong></span> <span class='ocrx_word' id='word_1_249' title='bbox 1227 3496 1646 3579; x_wconf 82' lang='lat' dir='ltr'><strong>operationes,</strong></span> <span class='ocrx_word' id='word_1_250' title='bbox 1679 3497 1878 3577; x_wconf 89' lang='lat' dir='ltr'><strong>Ange-</strong></span> 
     </span>
     <span class='ocr_line' id='line_1_44' title="bbox 376 3595 1876 3677; baseline -0.003 -17"><span class='ocrx_word' id='word_1_251' title='bbox 376 3599 540 3660; x_wconf 91' lang='lat' dir='ltr'><strong>licus</strong></span> <span class='ocrx_word' id='word_1_252' title='bbox 591 3614 717 3659; x_wconf 88' lang='lat' dir='ltr'><strong>non</strong></span> <span class='ocrx_word' id='word_1_253' title='bbox 761 3596 1003 3676; x_wconf 84' lang='lat' dir='ltr'><strong>indiget</strong></span> <span class='ocrx_word' id='word_1_254' title='bbox 1051 3595 1256 3677; x_wconf 90' lang='lat' dir='ltr'><strong>quoad</strong></span> <span class='ocrx_word' id='word_1_255' title='bbox 1307 3613 1468 3668; x_wconf 91' lang='lat' dir='ltr'><strong>esse,</strong></span> <span class='ocrx_word' id='word_1_256' title='bbox 1502 3613 1620 3656; x_wconf 87' lang='lat' dir='ltr'><strong>nec</strong></span> <span class='ocrx_word' id='word_1_257' title='bbox 1671 3595 1876 3676; x_wconf 90' lang='lat' dir='ltr'><strong>quoad</strong></span> 
     </span>
     <span class='ocr_line' id='line_1_45' title="bbox 375 3693 1876 3779; baseline -0.003 -21"><span class='ocrx_word' id='word_1_258' title='bbox 375 3696 776 3779; x_wconf 87' lang='lat' dir='ltr'><strong>operationes</strong></span> <span class='ocrx_word' id='word_1_259' title='bbox 819 3694 1132 3776; x_wconf 84' lang='lat' dir='ltr'><strong>propriaS‚</strong></span> <span class='ocrx_word' id='word_1_260' title='bbox 1166 3694 1275 3755; x_wconf 90' lang='lat' dir='ltr'><strong>sed</strong></span> <span class='ocrx_word' id='word_1_261' title='bbox 1321 3693 1529 3775; x_wconf 90' lang='lat' dir='ltr'><strong>quoad</strong></span> <span class='ocrx_word' id='word_1_262' title='bbox 1567 3693 1876 3774; x_wconf 87' lang='lat' dir='ltr'><strong>operatio·</strong></span> 
     </span>
     <span class='ocr_line' id='line_1_46' title="bbox 376 3791 1880 3874; baseline -0.004 -16"><span class='ocrx_word' id='word_1_263' title='bbox 376 3813 490 3858; x_wconf 84' lang='lat' dir='ltr'><strong>nes</strong></span> <span class='ocrx_word' id='word_1_264' title='bbox 520 3794 664 3874; x_wconf 87' lang='lat' dir='ltr'><strong>ejus</strong></span> <span class='ocrx_word' id='word_1_265' title='bbox 690 3792 768 3854; x_wconf 90' lang='lat' dir='ltr'><strong>ad</strong></span> <span class='ocrx_word' id='word_1_266' title='bbox 796 3791 1092 3866; x_wconf 89' lang='lat' dir='ltr'><strong>alterum,</strong></span> <span class='ocrx_word' id='word_1_267' title='bbox 1122 3798 1340 3874; x_wconf 90' lang='lat' dir='ltr'><strong>utpote</strong></span> <span class='ocrx_word' id='word_1_268' title='bbox 1369 3792 1448 3853; x_wconf 89' lang='lat' dir='ltr'><strong>ad</strong></span> <span class='ocrx_word' id='word_1_269' title='bbox 1483 3809 1616 3854; x_wconf 89' lang='lat' dir='ltr'><strong>nos.</strong></span> <span class='ocrx_word' id='word_1_270' title='bbox 1653 3791 1880 3853; x_wconf 86' lang='lat' dir='ltr'><strong>Huma-</strong></span> 
     </span>
     <span class='ocr_line' id='line_1_47' title="bbox 375 3889 1879 3973; baseline -0.002 -18"><span class='ocrx_word' id='word_1_271' title='bbox 375 3906 499 3955; x_wconf 87' lang='lat' dir='ltr'><strong>nus</strong></span> <span class='ocrx_word' id='word_1_272' title='bbox 527 3908 680 3954; x_wconf 83' lang='lat' dir='ltr'><strong>vero</strong></span> <span class='ocrx_word' id='word_1_273' title='bbox 709 3891 974 3973; x_wconf 89' lang='lat' dir='ltr'><strong>spiritus</strong></span> <span class='ocrx_word' id='word_1_274' title='bbox 1005 3907 1131 3952; x_wconf 89' lang='lat' dir='ltr'><strong>non</strong></span> <span class='ocrx_word' id='word_1_275' title='bbox 1163 3889 1406 3970; x_wconf 84' lang='lat' dir='ltr'><strong>indiget</strong></span> <span class='ocrx_word' id='word_1_276' title='bbox 1434 3907 1698 3972; x_wconf 89' lang='lat' dir='ltr'><strong>corpore</strong></span> <span class='ocrx_word' id='word_1_277' title='bbox 1728 3908 1879 3971; x_wconf 91' lang='lat' dir='ltr'><strong>quo-</strong></span> 
     </span>
     <span class='ocr_line' id='line_1_48' title="bbox 375 3988 1875 4070; baseline -0.004 -17"><span class='ocrx_word' id='word_1_278' title='bbox 375 3991 454 4053; x_wconf 89' lang='lat' dir='ltr'><strong>ad</strong></span> <span class='ocrx_word' id='word_1_279' title='bbox 486 4009 648 4064; x_wconf 91' lang='lat' dir='ltr'><strong>esse,</strong></span> <span class='ocrx_word' id='word_1_280' title='bbox 681 3989 984 4070; x_wconf 90' lang='lat' dir='ltr'><strong>quoniam</strong></span> <span class='ocrx_word' id='word_1_281' title='bbox 1017 3995 1225 4070; x_wconf 89' lang='lat' dir='ltr'><strong>potest</strong></span> <span class='ocrx_word' id='word_1_282' title='bbox 1253 4007 1392 4050; x_wconf 87' lang='lat' dir='ltr'><strong>esse</strong></span> <span class='ocrx_word' id='word_1_283' title='bbox 1422 3988 1559 4050; x_wconf 89' lang='lat' dir='ltr'><strong>sine</strong></span> <span class='ocrx_word' id='word_1_284' title='bbox 1590 4005 1875 4070; x_wconf 90' lang='lat' dir='ltr'><strong>corpore,</strong></span> 
     </span>
     <span class='ocr_line' id='line_1_49' title="bbox 375 4087 1880 4172; baseline -0.004 -19"><span class='ocrx_word' id='word_1_285' title='bbox 375 4091 487 4153; x_wconf 92' lang='lat' dir='ltr'><strong>sed</strong></span> <span class='ocrx_word' id='word_1_286' title='bbox 534 4089 742 4172; x_wconf 89' lang='lat' dir='ltr'><strong>quoad</strong></span> <span class='ocrx_word' id='word_1_287' title='bbox 795 4088 1194 4171; x_wconf 89' lang='lat' dir='ltr'><strong>operationes</strong></span> <span class='ocrx_word' id='word_1_288' title='bbox 1253 4087 1563 4170; x_wconf 84' lang='lat' dir='ltr'><strong>propriaS,</strong></span> <span class='ocrx_word' id='word_1_289' title='bbox 1616 4087 1715 4148; x_wconf 93' lang='lat' dir='ltr'><strong>vel</strong></span> <span class='ocrx_word' id='word_1_290' title='bbox 1767 4105 1880 4168; x_wconf 87' lang='lat' dir='ltr'><strong>per</strong></span> 
     </span>
    </p>
   </div>
   <div class='ocr_carea' id='block_1_12' title="bbox 1984 1927 3493 2993">
    <p class='ocr_par' dir='ltr' id='par_1_13' title="bbox 1984 1927 3493 2993">
     <span class='ocr_line' id='line_1_50' title="bbox 1989 1927 3486 2010; baseline 0 -22"><span class='ocrx_word' id='word_1_291' title='bbox 1989 1935 2275 1989; x_wconf 88' lang='lat' dir='ltr'><strong>creatum</strong></span> <span class='ocrx_word' id='word_1_292' title='bbox 2306 1935 2367 1989; x_wconf 89' lang='lat' dir='ltr'><strong>et</strong></span> <span class='ocrx_word' id='word_1_293' title='bbox 2398 1928 2507 1990; x_wconf 86' lang='lat' dir='ltr'><strong>lux</strong></span> <span class='ocrx_word' id='word_1_294' title='bbox 2535 1927 2723 2002; x_wconf 82' lang='lat' dir='ltr'><strong>facta,</strong></span> <span class='ocrx_word' id='word_1_295' title='bbox 2759 1936 3051 2010; x_wconf 88' lang='lat' dir='ltr'><strong>respectu</strong></span> <span class='ocrx_word' id='word_1_296' title='bbox 3094 1927 3357 1990; x_wconf 82' lang='lat' dir='ltr'><strong>increati</strong></span> <span class='ocrx_word' id='word_1_297' title='bbox 3390 1946 3486 1989; x_wconf 94' lang='lat' dir='ltr'><strong>es-</strong></span> 
     </span>
     <span class='ocr_line' id='line_1_51' title="bbox 1987 2025 3487 2108; baseline 0.001 -22"><span class='ocrx_word' id='word_1_298' title='bbox 1987 2043 2054 2086; x_wconf 93' lang='lat' dir='ltr'><strong>se</strong></span> <span class='ocrx_word' id='word_1_299' title='bbox 2103 2025 2495 2108; x_wconf 90' lang='lat' dir='ltr'><strong>luminisque</strong></span> <span class='ocrx_word' id='word_1_300' title='bbox 2552 2026 2772 2089; x_wconf 83' lang='lat' dir='ltr'><strong>aeterni</strong></span> <span class='ocrx_word' id='word_1_301' title='bbox 2824 2027 3125 2088; x_wconf 86' lang='lat' dir='ltr'><strong>dicuntur</strong></span> <span class='ocrx_word' id='word_1_302' title='bbox 3174 2045 3301 2089; x_wconf 92' lang='lat' dir='ltr'><strong>non</strong></span> <span class='ocrx_word' id='word_1_303' title='bbox 3348 2043 3487 2088; x_wconf 89' lang='lat' dir='ltr'><strong>esse</strong></span> 
     </span>
     <span class='ocr_line' id='line_1_52' title="bbox 1984 2123 3488 2206; baseline 0.001 -22"><span class='ocrx_word' id='word_1_304' title='bbox 1984 2141 2058 2184; x_wconf 86' lang='lat' dir='ltr'><strong>ac</strong></span> <span class='ocrx_word' id='word_1_305' title='bbox 2100 2123 2395 2186; x_wconf 65' lang='lat' dir='ltr'><strong>tenebras.</strong></span> <span class='ocrx_word' id='word_1_306' title='bbox 2432 2124 2691 2206; x_wconf 86' lang='lat' dir='ltr'><strong>Propter</strong></span> <span class='ocrx_word' id='word_1_307' title='bbox 2730 2124 2898 2206; x_wconf 90' lang='lat' dir='ltr'><strong>quod</strong></span> <span class='ocrx_word' id='word_1_308' title='bbox 2944 2126 3371 2188; x_wconf 88' lang='lat' dir='ltr'><strong>Damascenus</strong></span> <span class='ocrx_word' id='word_1_309' title='bbox 3416 2125 3488 2186; x_wconf 89' lang='lat' dir='ltr'><strong>li-</strong></span> 
     </span>
     <span class='ocr_line' id='line_1_53' title="bbox 1985 2221 3488 2305; baseline 0.003 -22"><span class='ocrx_word' id='word_1_310' title='bbox 1985 2221 2102 2284; x_wconf 91' lang='lat' dir='ltr'><strong>bro</strong></span> <span class='ocrx_word' id='word_1_311' title='bbox 2159 2224 2460 2294; x_wconf 90' lang='lat' dir='ltr'><strong>secundo,</strong></span> <span class='ocrx_word' id='word_1_312' title='bbox 2502 2231 2849 2305; x_wconf 84' lang='lat' dir='ltr'><strong>postquam</strong></span> <span class='ocrx_word' id='word_1_313' title='bbox 2905 2225 3176 2286; x_wconf 89' lang='lat' dir='ltr'><strong>asseruit</strong></span> <span class='ocrx_word' id='word_1_314' title='bbox 3231 2225 3488 2305; x_wconf 88' lang='lat' dir='ltr'><strong>angelos</strong></span> 
     </span>
     <span class='ocr_line' id='line_1_54' title="bbox 1987 2321 3489 2404; baseline 0.002 -22"><span class='ocrx_word' id='word_1_315' title='bbox 1987 2339 2124 2382; x_wconf 89' lang='lat' dir='ltr'><strong>esse</strong></span> <span class='ocrx_word' id='word_1_316' title='bbox 2176 2321 2627 2402; x_wconf 82' lang='lat' dir='ltr'><strong>incorporaleS,</strong></span> <span class='ocrx_word' id='word_1_317' title='bbox 2680 2321 2916 2402; x_wconf 85' lang='lat' dir='ltr'><strong>adjecit</strong></span> <span class='ocrx_word' id='word_1_318' title='bbox 2964 2323 3115 2404; x_wconf 91' lang='lat' dir='ltr'><strong>quia</strong></span> <span class='ocrx_word' id='word_1_319' title='bbox 3164 2341 3489 2404; x_wconf 89' lang='lat' dir='ltr'><strong>compara-</strong></span> 
     </span>
     <span class='ocr_line' id='line_1_55' title="bbox 1989 2418 3491 2502; baseline 0.003 -24"><span class='ocrx_word' id='word_1_320' title='bbox 1989 2419 2158 2480; x_wconf 92' lang='lat' dir='ltr'><strong>tione</strong></span> <span class='ocrx_word' id='word_1_321' title='bbox 2189 2418 2500 2482; x_wconf 86' lang='lat' dir='ltr'><strong>Creatoris</strong></span> <span class='ocrx_word' id='word_1_322' title='bbox 2532 2420 2891 2502; x_wconf 84' lang='lat' dir='ltr'><strong>corporales</strong></span> <span class='ocrx_word' id='word_1_323' title='bbox 2923 2429 3285 2496; x_wconf 89' lang='lat' dir='ltr'><strong>censentur,</strong></span> <span class='ocrx_word' id='word_1_324' title='bbox 3304 2420 3491 2500; x_wconf 85' lang='lat' dir='ltr'><strong>cujus</strong></span> 
     </span>
     <span class='ocr_line' id='line_1_56' title="bbox 1988 2518 3493 2600; baseline 0.001 -22"><span class='ocrx_word' id='word_1_325' title='bbox 1988 2518 2461 2598; x_wconf 87' lang='lat' dir='ltr'><strong>comparatione</strong></span> <span class='ocrx_word' id='word_1_326' title='bbox 2505 2536 2695 2580; x_wconf 91' lang='lat' dir='ltr'><strong>omne</strong></span> <span class='ocrx_word' id='word_1_327' title='bbox 2747 2526 3055 2593; x_wconf 87' lang='lat' dir='ltr'><strong>creatum,</strong></span> <span class='ocrx_word' id='word_1_328' title='bbox 3087 2536 3378 2600; x_wconf 89' lang='lat' dir='ltr'><strong>grossum</strong></span> <span class='ocrx_word' id='word_1_329' title='bbox 3428 2527 3493 2580; x_wconf 93' lang='lat' dir='ltr'><strong>et</strong></span> 
     </span>
     <span class='ocr_line' id='line_1_57' title="bbox 1990 2615 3492 2700; baseline 0.002 -24"><span class='ocrx_word' id='word_1_330' title='bbox 1990 2615 2315 2678; x_wconf 88' lang='lat' dir='ltr'><strong>materiale</strong></span> <span class='ocrx_word' id='word_1_331' title='bbox 2366 2616 2709 2678; x_wconf 83' lang='lat' dir='ltr'><strong>invenitur.</strong></span> <span class='ocrx_word' id='word_1_332' title='bbox 2759 2652 2836 2662; x_wconf 94' lang='lat'><strong>—</strong></span> <span class='ocrx_word' id='word_1_333' title='bbox 2883 2617 3170 2698; x_wconf 88' lang='lat' dir='ltr'><strong>Insuper,</strong></span> <span class='ocrx_word' id='word_1_334' title='bbox 3221 2617 3297 2679; x_wconf 89' lang='lat' dir='ltr'><strong>ad</strong></span> <span class='ocrx_word' id='word_1_335' title='bbox 3348 2635 3492 2700; x_wconf 89' lang='lat' dir='ltr'><strong>pro-</strong></span> 
     </span>
     <span class='ocr_line' id='line_1_58' title="bbox 1989 2714 3491 2798; baseline 0.002 -23"><span class='ocrx_word' id='word_1_336' title='bbox 1989 2714 2269 2776; x_wconf 90' lang='lat' dir='ltr'><strong>bandum</strong></span> <span class='ocrx_word' id='word_1_337' title='bbox 2316 2715 2483 2796; x_wconf 92' lang='lat' dir='ltr'><strong>quod</strong></span> <span class='ocrx_word' id='word_1_338' title='bbox 2529 2714 2735 2795; x_wconf 87' lang='lat' dir='ltr'><strong>angeli</strong></span> <span class='ocrx_word' id='word_1_339' title='bbox 2781 2723 3108 2777; x_wconf 89' lang='lat' dir='ltr'><strong>assumant</strong></span> <span class='ocrx_word' id='word_1_340' title='bbox 3148 2716 3491 2798; x_wconf 89' lang='lat' dir='ltr'><strong>aliquando</strong></span> 
     </span>
     <span class='ocr_line' id='line_1_59' title="bbox 1989 2812 3492 2894; baseline 0.003 -21"><span class='ocrx_word' id='word_1_341' title='bbox 1989 2829 2275 2894; x_wconf 87' lang='lat' dir='ltr'><strong>corpora,</strong></span> <span class='ocrx_word' id='word_1_342' title='bbox 2292 2812 2639 2874; x_wconf 90' lang='lat' dir='ltr'><strong>introducit</strong></span> <span class='ocrx_word' id='word_1_343' title='bbox 2667 2813 3344 2887; x_wconf 84' lang='lat' dir='ltr'><strong>Avicennam‚decimo</strong></span> <span class='ocrx_word' id='word_1_344' title='bbox 3372 2815 3492 2876; x_wconf 85' lang='lat' dir='ltr'><strong>Me-</strong></span> 
     </span>
     <span class='ocr_line' id='line_1_60' title="bbox 1989 2910 3489 2993; baseline 0.003 -22"><span class='ocrx_word' id='word_1_345' title='bbox 1989 2910 2335 2992; x_wconf 82' lang='lat' dir='ltr'><strong>taphysicae</strong></span> <span class='ocrx_word' id='word_1_346' title='bbox 2383 2928 2535 2984; x_wconf 84' lang='lat' dir='ltr'><strong>suae,</strong></span> <span class='ocrx_word' id='word_1_347' title='bbox 2578 2911 2857 2993; x_wconf 86' lang='lat' dir='ltr'><strong>capitulo</strong></span> <span class='ocrx_word' id='word_1_348' title='bbox 2905 2911 3138 2992; x_wconf 88' lang='lat' dir='ltr'><strong>primo,</strong></span> <span class='ocrx_word' id='word_1_349' title='bbox 3170 2913 3489 2975; x_wconf 87' lang='lat' dir='ltr'><strong>dicentem</strong></span> 
     </span>
    </p>
   </div>
   <div class='ocr_carea' id='block_1_13' title="bbox 1914 3008 3492 3092">
    <p class='ocr_par' dir='ltr' id='par_1_14' title="bbox 1914 3008 3492 3092">
     <span class='ocr_line' id='line_1_61' title="bbox 1914 3008 3492 3092; baseline -0.001 -17"><span class='ocrx_word' id='word_1_350' title='bbox 1914 3013 1958 3076; x_wconf 89' lang='lat' dir='ltr'>C</span> <span class='ocrx_word' id='word_1_351' title='bbox 1989 3009 2066 3070; x_wconf 91' lang='lat' dir='ltr'><strong>de</strong></span> <span class='ocrx_word' id='word_1_352' title='bbox 2112 3008 2225 3070; x_wconf 89' lang='lat' dir='ltr'><strong>illo</strong></span> <span class='ocrx_word' id='word_1_353' title='bbox 2262 3008 2371 3090; x_wconf 91' lang='lat' dir='ltr'><strong>qui</strong></span> <span class='ocrx_word' id='word_1_354' title='bbox 2417 3016 2604 3090; x_wconf 89' lang='lat' dir='ltr'><strong>aptus</strong></span> <span class='ocrx_word' id='word_1_355' title='bbox 2642 3017 2737 3071; x_wconf 88' lang='lat' dir='ltr'><strong>est</strong></span> <span class='ocrx_word' id='word_1_356' title='bbox 2776 3009 2854 3071; x_wconf 86' lang='lat' dir='ltr'><strong>ad</strong></span> <span class='ocrx_word' id='word_1_357' title='bbox 2894 3009 3294 3092; x_wconf 88' lang='lat' dir='ltr'><strong>prophetiam</strong></span> <span class='ocrx_word' id='word_1_358' title='bbox 3329 3028 3343 3072; x_wconf 73' lang='grc' dir='ltr'><strong><em>ε</em></strong></span> <span class='ocrx_word' id='word_1_359' title='bbox 3376 3010 3492 3073; x_wconf 88' lang='lat' dir='ltr'><strong>Hic</strong></span> 
     </span>
    </p>
   </div>
   <div class='ocr_carea' id='block_1_14' title="bbox 1987 3107 3493 4175">
    <p class='ocr_par' dir='ltr' id='par_1_15' title="bbox 1987 3107 3493 3562">
     <span class='ocr_line' id='line_1_62' title="bbox 1988 3107 3493 3187; baseline 0.001 -19"><span class='ocrx_word' id='word_1_360' title='bbox 1988 3115 2085 3169; x_wconf 91' lang='lat' dir='ltr'><strong>est</strong></span> <span class='ocrx_word' id='word_1_361' title='bbox 2114 3107 2178 3168; x_wconf 87' lang='lat' dir='ltr'><strong>in</strong></span> <span class='ocrx_word' id='word_1_362' title='bbox 2212 3108 2397 3187; x_wconf 87' lang='lat' dir='ltr'><strong>cujus</strong></span> <span class='ocrx_word' id='word_1_363' title='bbox 2427 3107 2813 3171; x_wconf 90' lang='lat' dir='ltr'><strong>animalibus</strong></span> <span class='ocrx_word' id='word_1_364' title='bbox 2842 3108 3091 3170; x_wconf 91' lang='lat' dir='ltr'><strong>viribus</strong></span> <span class='ocrx_word' id='word_1_365' title='bbox 3124 3110 3259 3172; x_wconf 82' lang='lat' dir='ltr'><strong>istae</strong></span> <span class='ocrx_word' id='word_1_366' title='bbox 3289 3109 3493 3172; x_wconf 90' lang='lat' dir='ltr'><strong>consi-</strong></span> 
     </span>
     <span class='ocr_line' id='line_1_63' title="bbox 1987 3205 3491 3288; baseline 0.002 -21"><span class='ocrx_word' id='word_1_367' title='bbox 1987 3213 2162 3267; x_wconf 87' lang='lat' dir='ltr'><strong>stunt</strong></span> <span class='ocrx_word' id='word_1_368' title='bbox 2211 3205 2652 3288; x_wconf 89' lang='lat' dir='ltr'><strong>proprietates,</strong></span> <span class='ocrx_word' id='word_1_369' title='bbox 2688 3214 2756 3268; x_wconf 91' lang='lat' dir='ltr'><strong>ut</strong></span> <span class='ocrx_word' id='word_1_370' title='bbox 2798 3207 3045 3269; x_wconf 89' lang='lat' dir='ltr'><strong>scilicet</strong></span> <span class='ocrx_word' id='word_1_371' title='bbox 3092 3207 3308 3269; x_wconf 87' lang='lat' dir='ltr'><strong>audiat</strong></span> <span class='ocrx_word' id='word_1_372' title='bbox 3356 3227 3491 3270; x_wconf 85' lang='lat' dir='ltr'><strong>ver-</strong></span> 
     </span>
     <span class='ocr_line' id='line_1_64' title="bbox 1987 3303 3488 3387; baseline 0.002 -22"><span class='ocrx_word' id='word_1_373' title='bbox 1987 3303 2144 3387; x_wconf 82' lang='lat' dir='ltr'><strong>bum</strong></span> <span class='ocrx_word' id='word_1_374' title='bbox 2176 3303 2311 3378; x_wconf 90' lang='lat' dir='ltr'><strong>Dei,</strong></span> <span class='ocrx_word' id='word_1_375' title='bbox 2339 3311 2401 3365; x_wconf 93' lang='lat' dir='ltr'><strong>et</strong></span> <span class='ocrx_word' id='word_1_376' title='bbox 2432 3303 2639 3366; x_wconf 91' lang='lat' dir='ltr'><strong>videat</strong></span> <span class='ocrx_word' id='word_1_377' title='bbox 2674 3303 2933 3385; x_wconf 88' lang='lat' dir='ltr'><strong>angelos</strong></span> <span class='ocrx_word' id='word_1_378' title='bbox 2965 3304 3488 3386; x_wconf 77' lang='lat' dir='ltr'><strong>transfigurantes</strong></span> 
     </span>
     <span class='ocr_line' id='line_1_65' title="bbox 1988 3401 3485 3484; baseline 0.001 -21"><span class='ocrx_word' id='word_1_379' title='bbox 1988 3421 2055 3464; x_wconf 88' lang='lat' dir='ltr'><strong>se</strong></span> <span class='ocrx_word' id='word_1_380' title='bbox 2087 3420 2299 3464; x_wconf 87' lang='lat' dir='ltr'><strong>coram</strong></span> <span class='ocrx_word' id='word_1_381' title='bbox 2333 3401 2443 3463; x_wconf 87' lang='lat' dir='ltr'><strong>illo</strong></span> <span class='ocrx_word' id='word_1_382' title='bbox 2479 3402 2545 3463; x_wconf 90' lang='lat' dir='ltr'><strong>in</strong></span> <span class='ocrx_word' id='word_1_383' title='bbox 2585 3401 2790 3464; x_wconf 85' lang='lat' dir='ltr'><strong>forma</strong></span> <span class='ocrx_word' id='word_1_384' title='bbox 2821 3421 2947 3484; x_wconf 90' lang='lat' dir='ltr'><strong>qua</strong></span> <span class='ocrx_word' id='word_1_385' title='bbox 2986 3402 3231 3484; x_wconf 90' lang='lat' dir='ltr'><strong>possint</strong></span> <span class='ocrx_word' id='word_1_386' title='bbox 3260 3403 3485 3465; x_wconf 84' lang='lat' dir='ltr'><strong>videri.</strong></span> 
     </span>
     <span class='ocr_line' id='line_1_66' title="bbox 1989 3496 2775 3562; baseline -0.004 0"><span class='ocrx_word' id='word_1_387' title='bbox 1989 3501 2131 3562; x_wconf 82' lang='lat' dir='ltr'><strong>Haec</strong></span> <span class='ocrx_word' id='word_1_388' title='bbox 2174 3500 2541 3562; x_wconf 80' lang='lat' dir='ltr'><strong>RicharduS.</strong></span> <span class='ocrx_word' id='word_1_389' title='bbox 2769 3496 2775 3504; x_wconf 79' lang='grc'>’</span> 
     </span>
    </p>

    <p class='ocr_par' dir='ltr' id='par_1_16' title="bbox 1989 3597 3493 4175">
     <span class='ocr_line' id='line_1_67' title="bbox 2069 3597 3491 3680; baseline 0.002 -21"><span class='ocrx_word' id='word_1_390' title='bbox 2069 3599 2183 3672; x_wconf 85' lang='lat' dir='ltr'><strong>Qui</strong></span> <span class='ocrx_word' id='word_1_391' title='bbox 2236 3605 2445 3660; x_wconf 88' lang='lat' dir='ltr'><strong>tamen</strong></span> <span class='ocrx_word' id='word_1_392' title='bbox 2488 3617 2525 3659; x_wconf 87' lang='lat' dir='ltr'><strong>a</strong></span> <span class='ocrx_word' id='word_1_393' title='bbox 2569 3597 2889 3680; x_wconf 85' lang='lat' dir='ltr'><strong>praedictis</strong></span> <span class='ocrx_word' id='word_1_394' title='bbox 2937 3598 3277 3660; x_wconf 88' lang='lat' dir='ltr'><strong>dissentire</strong></span> <span class='ocrx_word' id='word_1_395' title='bbox 3320 3600 3491 3662; x_wconf 89' lang='lat' dir='ltr'><strong>vide-</strong></span> 
     </span>
     <span class='ocr_line' id='line_1_68' title="bbox 1993 3696 3491 3779; baseline 0.003 -22"><span class='ocrx_word' id='word_1_396' title='bbox 1993 3705 2131 3758; x_wconf 87' lang='lat' dir='ltr'><strong>tur:</strong></span> <span class='ocrx_word' id='word_1_397' title='bbox 2157 3696 2377 3769; x_wconf 87' lang='lat' dir='ltr'><strong>Credo,</strong></span> <span class='ocrx_word' id='word_1_398' title='bbox 2414 3697 2732 3778; x_wconf 82' lang='lat' dir='ltr'><strong>inquienS,</strong></span> <span class='ocrx_word' id='word_1_399' title='bbox 2755 3697 2927 3778; x_wconf 92' lang='lat' dir='ltr'><strong>quod</strong></span> <span class='ocrx_word' id='word_1_400' title='bbox 2957 3699 3212 3779; x_wconf 88' lang='lat' dir='ltr'><strong>quando</strong></span> <span class='ocrx_word' id='word_1_401' title='bbox 3242 3699 3491 3762; x_wconf 83' lang='lat' dir='ltr'><strong>daemon</strong></span> 
     </span>
     <span class='ocr_line' id='line_1_69' title="bbox 1989 3796 3491 3877; baseline 0.002 -20"><span class='ocrx_word' id='word_1_402' title='bbox 1989 3797 2257 3857; x_wconf 88' lang='lat' dir='ltr'><strong>assumit</strong></span> <span class='ocrx_word' id='word_1_403' title='bbox 2300 3814 2531 3877; x_wconf 88' lang='lat' dir='ltr'><strong>corpus</strong></span> <span class='ocrx_word' id='word_1_404' title='bbox 2575 3796 2744 3877; x_wconf 91' lang='lat' dir='ltr'><strong>quod</strong></span> <span class='ocrx_word' id='word_1_405' title='bbox 2790 3796 2925 3877; x_wconf 89' lang='lat' dir='ltr'><strong>ipse</strong></span> <span class='ocrx_word' id='word_1_406' title='bbox 2972 3796 3223 3870; x_wconf 80' lang='lat' dir='ltr'><strong>format,</strong></span> <span class='ocrx_word' id='word_1_407' title='bbox 3256 3805 3317 3859; x_wconf 89' lang='lat' dir='ltr'><strong>ct</strong></span> <span class='ocrx_word' id='word_1_408' title='bbox 3366 3797 3491 3860; x_wconf 90' lang='lat' dir='ltr'><strong>sibi</strong></span> 
     </span>
     <span class='ocr_line' id='line_1_70' title="bbox 1993 3895 3493 3977; baseline 0.001 -21"><span class='ocrx_word' id='word_1_409' title='bbox 1993 3903 2241 3976; x_wconf 87' lang='lat' dir='ltr'><strong>coaptat</strong></span> <span class='ocrx_word' id='word_1_410' title='bbox 2291 3895 2687 3976; x_wconf 87' lang='lat' dir='ltr'><strong>coaptatione</strong></span> <span class='ocrx_word' id='word_1_411' title='bbox 2742 3914 2882 3976; x_wconf 80' lang='lat' dir='ltr'><strong>quae</strong></span> <span class='ocrx_word' id='word_1_412' title='bbox 2936 3895 3284 3977; x_wconf 88' lang='lat' dir='ltr'><strong>requiritur</strong></span> <span class='ocrx_word' id='word_1_413' title='bbox 3328 3897 3493 3958; x_wconf 83' lang='lat' dir='ltr'><strong>inter</strong></span> 
     </span>
     <span class='ocr_line' id='line_1_71' title="bbox 1991 3991 3493 4076; baseline 0.001 -22"><span class='ocrx_word' id='word_1_414' title='bbox 1991 4011 2254 4055; x_wconf 90' lang='lat' dir='ltr'><strong>movens</strong></span> <span class='ocrx_word' id='word_1_415' title='bbox 2286 4000 2349 4054; x_wconf 89' lang='lat' dir='ltr'><strong>et</strong></span> <span class='ocrx_word' id='word_1_416' title='bbox 2391 3992 2647 4066; x_wconf 89' lang='lat' dir='ltr'><strong>mobile,</strong></span> <span class='ocrx_word' id='word_1_417' title='bbox 2679 3991 2943 4054; x_wconf 90' lang='lat' dir='ltr'><strong>assumit</strong></span> <span class='ocrx_word' id='word_1_418' title='bbox 2977 3992 3135 4055; x_wconf 91' lang='lat' dir='ltr'><strong>illud</strong></span> <span class='ocrx_word' id='word_1_419' title='bbox 3176 4013 3252 4056; x_wconf 88' lang='lat' dir='ltr'><strong>ex</strong></span> <span class='ocrx_word' id='word_1_420' title='bbox 3294 3994 3493 4076; x_wconf 88' lang='lat' dir='ltr'><strong>pluri-</strong></span> 
     </span>
     <span class='ocr_line' id='line_1_72' title="bbox 1991 4091 3493 4175; baseline 0.003 -22"><span class='ocrx_word' id='word_1_421' title='bbox 1991 4092 2111 4154; x_wconf 92' lang='lat' dir='ltr'><strong>bus</strong></span> <span class='ocrx_word' id='word_1_422' title='bbox 2149 4092 2503 4154; x_wconf 70' lang='lat' dir='ltr'><strong>elementis,</strong></span> <span class='ocrx_word' id='word_1_423' title='bbox 2538 4091 2666 4154; x_wconf 91' lang='lat' dir='ltr'><strong>Nec</strong></span> <span class='ocrx_word' id='word_1_424' title='bbox 2705 4099 2919 4153; x_wconf 89' lang='lat' dir='ltr'><strong>tamen</strong></span> <span class='ocrx_word' id='word_1_425' title='bbox 2957 4092 3077 4155; x_wconf 89' lang='lat' dir='ltr'><strong>hoc</strong></span> <span class='ocrx_word' id='word_1_426' title='bbox 3117 4110 3349 4175; x_wconf 88' lang='lat' dir='ltr'><strong>corpus</strong></span> <span class='ocrx_word' id='word_1_427' title='bbox 3386 4093 3493 4157; x_wconf 88' lang='lat' dir='ltr'><strong>ha-</strong></span> 
     </span>
    </p>
   </div>
   <div class='ocr_carea' id='block_1_15' title="bbox 377 4185 3491 4271">
    <p class='ocr_par' dir='ltr' id='par_1_17' title="bbox 377 4185 3491 4271">
     <span class='ocr_line' id='line_1_73' title="bbox 377 4185 3491 4271; baseline 0.001 -20"><span class='ocrx_word' id='word_1_428' title='bbox 377 4208 468 4262; x_wconf 90' lang='lat' dir='ltr'><strong>se,</strong></span> <span class='ocrx_word' id='word_1_429' title='bbox 512 4196 825 4270; x_wconf 83' lang='lat' dir='ltr'><strong>quantum</strong></span> <span class='ocrx_word' id='word_1_430' title='bbox 873 4188 951 4249; x_wconf 88' lang='lat' dir='ltr'><strong>ad</strong></span> <span class='ocrx_word' id='word_1_431' title='bbox 1001 4187 1368 4265; x_wconf 83' lang='lat' dir='ltr'><strong>sensitivas3</strong></span> <span class='ocrx_word' id='word_1_432' title='bbox 1402 4194 1511 4248; x_wconf 83' lang='lat' dir='ltr'><strong>aut</strong></span> <span class='ocrx_word' id='word_1_433' title='bbox 1559 4204 1672 4268; x_wconf 84' lang='lat' dir='ltr'><strong>per</strong></span> <span class='ocrx_word' id='word_1_434' title='bbox 1719 4185 1880 4247; x_wconf 79' lang='lat' dir='ltr'><strong>acci·</strong></span> <span class='ocrx_word' id='word_1_435' title='bbox 1910 4196 1959 4259; x_wconf 90' lang='lat' dir='ltr'><em>D</em></span> <span class='ocrx_word' id='word_1_436' title='bbox 1990 4191 2098 4253; x_wconf 91' lang='lat' dir='ltr'><strong>bet</strong></span> <span class='ocrx_word' id='word_1_437' title='bbox 2128 4189 2399 4254; x_wconf 89' lang='lat' dir='ltr'><strong>formam</strong></span> <span class='ocrx_word' id='word_1_438' title='bbox 2441 4188 2624 4252; x_wconf 88' lang='lat' dir='ltr'><strong>mixti</strong></span> <span class='ocrx_word' id='word_1_439' title='bbox 2658 4207 2672 4250; x_wconf 90' lang='lat'>:</span> <span class='ocrx_word' id='word_1_440' title='bbox 2708 4189 3011 4271; x_wconf 89' lang='lat' dir='ltr'><strong>quoniam</strong></span> <span class='ocrx_word' id='word_1_441' title='bbox 3052 4190 3367 4254; x_wconf 85' lang='lat' dir='ltr'><strong>elementa</strong></span> <span class='ocrx_word' id='word_1_442' title='bbox 3398 4211 3491 4256; x_wconf 88' lang='lat' dir='ltr'><strong>re-</strong></span> 
     </span>
    </p>
   </div>
   <div class='ocr_carea' id='block_1_16' title="bbox 378 4284 1883 5361">
    <p class='ocr_par' dir='ltr' id='par_1_18' title="bbox 378 4284 1883 5361">
     <span class='ocr_line' id='line_1_74' title="bbox 378 4284 1878 4368; baseline -0.001 -19"><span class='ocrx_word' id='word_1_443' title='bbox 378 4288 559 4360; x_wconf 90' lang='lat' dir='ltr'><strong>dens,</strong></span> <span class='ocrx_word' id='word_1_444' title='bbox 592 4293 904 4368; x_wconf 89' lang='lat' dir='ltr'><strong>quantum</strong></span> <span class='ocrx_word' id='word_1_445' title='bbox 952 4285 1032 4348; x_wconf 91' lang='lat' dir='ltr'><strong>ad</strong></span> <span class='ocrx_word' id='word_1_446' title='bbox 1076 4284 1519 4359; x_wconf 83' lang='lat' dir='ltr'><strong>intellectivaS,</strong></span> <span class='ocrx_word' id='word_1_447' title='bbox 1554 4284 1704 4366; x_wconf 89' lang='lat' dir='ltr'><strong>quia</strong></span> <span class='ocrx_word' id='word_1_448' title='bbox 1751 4302 1878 4347; x_wconf 88' lang='lat' dir='ltr'><strong>non</strong></span> 
     </span>
     <span class='ocr_line' id='line_1_75' title="bbox 380 4383 1878 4466; baseline -0.003 -18"><span class='ocrx_word' id='word_1_449' title='bbox 380 4384 683 4466; x_wconf 90' lang='lat' dir='ltr'><strong>intelligit</strong></span> <span class='ocrx_word' id='word_1_450' title='bbox 739 4385 879 4447; x_wconf 90' lang='lat' dir='ltr'><strong>sine</strong></span> <span class='ocrx_word' id='word_1_451' title='bbox 939 4385 1397 4466; x_wconf 85' lang='lat' dir='ltr'><strong>phantasmate.</strong></span> <span class='ocrx_word' id='word_1_452' title='bbox 1451 4383 1722 4446; x_wconf 89' lang='lat' dir='ltr'><strong>Brutalis</strong></span> <span class='ocrx_word' id='word_1_453' title='bbox 1774 4383 1878 4444; x_wconf 88' lang='lat' dir='ltr'><strong>de-</strong></span> 
     </span>
     <span class='ocr_line' id='line_1_76' title="bbox 381 4484 1879 4567; baseline -0.003 -18"><span class='ocrx_word' id='word_1_454' title='bbox 381 4505 562 4549; x_wconf 91' lang='lat' dir='ltr'><strong>mum</strong></span> <span class='ocrx_word' id='word_1_455' title='bbox 602 4485 867 4567; x_wconf 89' lang='lat' dir='ltr'><strong>spiritus</strong></span> <span class='ocrx_word' id='word_1_456' title='bbox 909 4484 1152 4566; x_wconf 89' lang='lat' dir='ltr'><strong>indiget</strong></span> <span class='ocrx_word' id='word_1_457' title='bbox 1193 4501 1455 4565; x_wconf 92' lang='lat' dir='ltr'><strong>corpore</strong></span> <span class='ocrx_word' id='word_1_458' title='bbox 1498 4491 1627 4545; x_wconf 90' lang='lat' dir='ltr'><strong>tam</strong></span> <span class='ocrx_word' id='word_1_459' title='bbox 1673 4484 1879 4565; x_wconf 90' lang='lat' dir='ltr'><strong>quoad</strong></span> 
     </span>
     <span class='ocr_line' id='line_1_77' title="bbox 379 4583 1882 4667; baseline -0.002 -20"><span class='ocrx_word' id='word_1_460' title='bbox 379 4604 519 4647; x_wconf 87' lang='lat' dir='ltr'><strong>esse</strong></span> <span class='ocrx_word' id='word_1_461' title='bbox 551 4603 744 4667; x_wconf 90' lang='lat' dir='ltr'><strong>quam</strong></span> <span class='ocrx_word' id='word_1_462' title='bbox 777 4583 984 4665; x_wconf 91' lang='lat' dir='ltr'><strong>quoad</strong></span> <span class='ocrx_word' id='word_1_463' title='bbox 1014 4583 1445 4665; x_wconf 89' lang='lat' dir='ltr'><strong>operationem</strong></span> <span class='ocrx_word' id='word_1_464' title='bbox 1479 4600 1734 4645; x_wconf 92' lang='lat' dir='ltr'><strong>omnem</strong></span> <span class='ocrx_word' id='word_1_465' title='bbox 1766 4601 1882 4664; x_wconf 92' lang='lat' dir='ltr'><strong>per</strong></span> 
     </span>
     <span class='ocr_line' id='line_1_78' title="bbox 382 4680 1883 4763; baseline -0.003 -16"><span class='ocrx_word' id='word_1_466' title='bbox 382 4703 470 4748; x_wconf 91' lang='lat' dir='ltr'><strong>se.</strong></span> <span class='ocrx_word' id='word_1_467' title='bbox 511 4683 762 4746; x_wconf 87' lang='lat' dir='ltr'><strong>Primus</strong></span> <span class='ocrx_word' id='word_1_468' title='bbox 810 4700 961 4763; x_wconf 89' lang='lat' dir='ltr'><strong>ergo</strong></span> <span class='ocrx_word' id='word_1_469' title='bbox 1009 4699 1135 4744; x_wconf 89' lang='lat' dir='ltr'><strong>non</strong></span> <span class='ocrx_word' id='word_1_470' title='bbox 1185 4680 1378 4743; x_wconf 89' lang='lat' dir='ltr'><strong>habet</strong></span> <span class='ocrx_word' id='word_1_471' title='bbox 1425 4699 1684 4743; x_wconf 89' lang='lat' dir='ltr'><strong>necesse</strong></span> <span class='ocrx_word' id='word_1_472' title='bbox 1738 4700 1883 4745; x_wconf 90' lang='lat' dir='ltr'><strong>con-</strong></span> 
     </span>
     <span class='ocr_line' id='line_1_79' title="bbox 379 4780 1876 4865; baseline -0.002 -20"><span class='ocrx_word' id='word_1_473' title='bbox 379 4783 562 4865; x_wconf 83' lang='lat' dir='ltr'><strong>jungi</strong></span> <span class='ocrx_word' id='word_1_474' title='bbox 593 4783 867 4864; x_wconf 90' lang='lat' dir='ltr'><strong>corpori,</strong></span> <span class='ocrx_word' id='word_1_475' title='bbox 902 4799 1019 4844; x_wconf 91' lang='lat' dir='ltr'><strong>nec</strong></span> <span class='ocrx_word' id='word_1_476' title='bbox 1051 4789 1121 4842; x_wconf 92' lang='lat' dir='ltr'><strong>ut</strong></span> <span class='ocrx_word' id='word_1_477' title='bbox 1149 4780 1374 4854; x_wconf 88' lang='lat' dir='ltr'><strong>forma,</strong></span> <span class='ocrx_word' id='word_1_478' title='bbox 1402 4798 1520 4842; x_wconf 91' lang='lat' dir='ltr'><strong>nec</strong></span> <span class='ocrx_word' id='word_1_479' title='bbox 1551 4789 1622 4843; x_wconf 91' lang='lat' dir='ltr'><strong>ut</strong></span> <span class='ocrx_word' id='word_1_480' title='bbox 1653 4789 1876 4844; x_wconf 91' lang='lat' dir='ltr'><strong>motor.</strong></span> 
     </span>
     <span class='ocr_line' id='line_1_80' title="bbox 383 4880 1881 4962; baseline -0.002 -16"><span class='ocrx_word' id='word_1_481' title='bbox 383 4884 712 4946; x_wconf 88' lang='lat' dir='ltr'><strong>Secundus</strong></span> <span class='ocrx_word' id='word_1_482' title='bbox 761 4881 1172 4962; x_wconf 81' lang='lat' dir='ltr'><strong>conjungitur</strong></span> <span class='ocrx_word' id='word_1_483' title='bbox 1218 4899 1345 4943; x_wconf 89' lang='lat' dir='ltr'><strong>non</strong></span> <span class='ocrx_word' id='word_1_484' title='bbox 1394 4889 1464 4942; x_wconf 89' lang='lat' dir='ltr'><strong>ut</strong></span> <span class='ocrx_word' id='word_1_485' title='bbox 1511 4880 1737 4956; x_wconf 83' lang='lat' dir='ltr'><strong>forma,</strong></span> <span class='ocrx_word' id='word_1_486' title='bbox 1770 4882 1881 4943; x_wconf 89' lang='lat' dir='ltr'><strong>sed</strong></span> 
     </span>
     <span class='ocr_line' id='line_1_81' title="bbox 384 4979 1877 5062; baseline -0.001 -18"><span class='ocrx_word' id='word_1_487' title='bbox 384 4991 453 5044; x_wconf 93' lang='lat' dir='ltr'><strong>ut</strong></span> <span class='ocrx_word' id='word_1_488' title='bbox 501 4990 742 5062; x_wconf 84' lang='lat' dir='ltr'><strong>motor3</strong></span> <span class='ocrx_word' id='word_1_489' title='bbox 787 4981 1008 5044; x_wconf 89' lang='lat' dir='ltr'><strong>tertius</strong></span> <span class='ocrx_word' id='word_1_490' title='bbox 1055 4988 1124 5042; x_wconf 92' lang='lat' dir='ltr'><strong>ut</strong></span> <span class='ocrx_word' id='word_1_491' title='bbox 1169 4979 1376 5042; x_wconf 83' lang='lat' dir='ltr'><strong>forma</strong></span> <span class='ocrx_word' id='word_1_492' title='bbox 1422 4987 1485 5041; x_wconf 91' lang='lat' dir='ltr'><strong>et</strong></span> <span class='ocrx_word' id='word_1_493' title='bbox 1534 4989 1603 5042; x_wconf 93' lang='lat' dir='ltr'><strong>ut</strong></span> <span class='ocrx_word' id='word_1_494' title='bbox 1651 4989 1877 5055; x_wconf 90' lang='lat' dir='ltr'><strong>motor,</strong></span> 
     </span>
     <span class='ocr_line' id='line_1_82' title="bbox 384 5078 1882 5164; baseline -0.002 -20"><span class='ocrx_word' id='word_1_495' title='bbox 384 5091 594 5144; x_wconf 88' lang='lat' dir='ltr'><strong>tamen</strong></span> <span class='ocrx_word' id='word_1_496' title='bbox 626 5079 1040 5164; x_wconf 84' lang='lat' dir='ltr'><strong>separabilis3</strong></span> <span class='ocrx_word' id='word_1_497' title='bbox 1071 5086 1333 5161; x_wconf 88' lang='lat' dir='ltr'><strong>quartus</strong></span> <span class='ocrx_word' id='word_1_498' title='bbox 1375 5086 1444 5139; x_wconf 90' lang='lat' dir='ltr'><strong>ut</strong></span> <span class='ocrx_word' id='word_1_499' title='bbox 1481 5078 1686 5141; x_wconf 89' lang='lat' dir='ltr'><strong>forma</strong></span> <span class='ocrx_word' id='word_1_500' title='bbox 1718 5087 1780 5140; x_wconf 88' lang='lat' dir='ltr'><strong>et</strong></span> <span class='ocrx_word' id='word_1_501' title='bbox 1813 5088 1882 5141; x_wconf 93' lang='lat' dir='ltr'><strong>ut</strong></span> 
     </span>
     <span class='ocr_line' id='line_1_83' title="bbox 386 5177 1556 5263; baseline -0.004 -18"><span class='ocrx_word' id='word_1_502' title='bbox 386 5191 590 5245; x_wconf 89' lang='lat' dir='ltr'><strong>motor</strong></span> <span class='ocrx_word' id='word_1_503' title='bbox 633 5179 1097 5263; x_wconf 88' lang='lat' dir='ltr'><strong>inseparabilis.</strong></span> <span class='ocrx_word' id='word_1_504' title='bbox 1133 5179 1276 5242; x_wconf 81' lang='lat' dir='ltr'><strong>Haec</strong></span> <span class='ocrx_word' id='word_1_505' title='bbox 1318 5177 1556 5240; x_wconf 91' lang='lat' dir='ltr'><strong>Petrus.</strong></span> 
     </span>
     <span class='ocr_line' id='line_1_84' title="bbox 465 5278 1883 5361; baseline -0.002 -18"><span class='ocrx_word' id='word_1_506' title='bbox 465 5281 814 5344; x_wconf 83' lang='lat' dir='ltr'><strong>Richardus</strong></span> <span class='ocrx_word' id='word_1_507' title='bbox 858 5297 1112 5361; x_wconf 91' lang='lat' dir='ltr'><strong>quoque</strong></span> <span class='ocrx_word' id='word_1_508' title='bbox 1155 5278 1514 5352; x_wconf 89' lang='lat' dir='ltr'><strong>concordat,</strong></span> <span class='ocrx_word' id='word_1_509' title='bbox 1547 5285 1612 5340; x_wconf 88' lang='lat' dir='ltr'><strong>et</strong></span> <span class='ocrx_word' id='word_1_510' title='bbox 1655 5286 1883 5361; x_wconf 83' lang='lat' dir='ltr'><strong>proeter</strong></span> 
     </span>
    </p>
   </div>
   <div class='ocr_carea' id='block_1_17' title="bbox 1989 4286 3491 5356">
    <p class='ocr_par' dir='ltr' id='par_1_19' title="bbox 1989 4286 3491 5356">
     <span class='ocr_line' id='line_1_85' title="bbox 1992 4286 3489 4372; baseline 0.002 -21"><span class='ocrx_word' id='word_1_511' title='bbox 1992 4296 2249 4351; x_wconf 90' lang='lat' dir='ltr'><strong>manent</strong></span> <span class='ocrx_word' id='word_1_512' title='bbox 2281 4288 2370 4351; x_wconf 90' lang='lat' dir='ltr'><strong>ibi</strong></span> <span class='ocrx_word' id='word_1_513' title='bbox 2411 4287 2530 4350; x_wconf 88' lang='lat' dir='ltr'><strong>sub</strong></span> <span class='ocrx_word' id='word_1_514' title='bbox 2572 4287 2849 4372; x_wconf 88' lang='lat' dir='ltr'><strong>propriis</strong></span> <span class='ocrx_word' id='word_1_515' title='bbox 2889 4286 3113 4351; x_wconf 88' lang='lat' dir='ltr'><strong>formis</strong></span> <span class='ocrx_word' id='word_1_516' title='bbox 3153 4290 3489 4372; x_wconf 88' lang='lat' dir='ltr'><strong>completis</strong></span> 
     </span>
     <span class='ocr_line' id='line_1_86' title="bbox 1989 4385 3491 4465; baseline 0.001 -14"><span class='ocrx_word' id='word_1_517' title='bbox 1989 4389 2227 4451; x_wconf 86' lang='lat' dir='ltr'><strong>virtute</strong></span> <span class='ocrx_word' id='word_1_518' title='bbox 2264 4385 2568 4450; x_wconf 81' lang='lat' dir='ltr'><strong>daemonis</strong></span> <span class='ocrx_word' id='word_1_519' title='bbox 2612 4387 2699 4448; x_wconf 90' lang='lat' dir='ltr'><strong>ita</strong></span> <span class='ocrx_word' id='word_1_520' title='bbox 2737 4387 3061 4449; x_wconf 88' lang='lat' dir='ltr'><strong>subtiliter</strong></span> <span class='ocrx_word' id='word_1_521' title='bbox 3099 4388 3385 4465; x_wconf 79' lang='lat' dir='ltr'><strong>confusa,</strong></span> <span class='ocrx_word' id='word_1_522' title='bbox 3420 4397 3491 4453; x_wconf 91' lang='lat' dir='ltr'><strong>ut</strong></span> 
     </span>
     <span class='ocr_line' id='line_1_87' title="bbox 1991 4485 3491 4570; baseline -0.002 -21"><span class='ocrx_word' id='word_1_523' title='bbox 1991 4486 2337 4570; x_wconf 89' lang='lat' dir='ltr'><strong>corporalis</strong></span> <span class='ocrx_word' id='word_1_524' title='bbox 2388 4485 2563 4547; x_wconf 85' lang='lat' dir='ltr'><strong>visus</strong></span> <span class='ocrx_word' id='word_1_525' title='bbox 2614 4485 2779 4547; x_wconf 89' lang='lat' dir='ltr'><strong>inter</strong></span> <span class='ocrx_word' id='word_1_526' title='bbox 2826 4486 3302 4549; x_wconf 88' lang='lat' dir='ltr'><strong>distinctionem</strong></span> <span class='ocrx_word' id='word_1_527' title='bbox 3352 4503 3491 4567; x_wconf 91' lang='lat' dir='ltr'><strong>par-</strong></span> 
     </span>
     <span class='ocr_line' id='line_1_88' title="bbox 1990 4584 3491 4666; baseline -0.002 -18"><span class='ocrx_word' id='word_1_528' title='bbox 1990 4588 2152 4649; x_wconf 81' lang='lat' dir='ltr'><strong>tium</strong></span> <span class='ocrx_word' id='word_1_529' title='bbox 2184 4586 2645 4648; x_wconf 89' lang='lat' dir='ltr'><strong>elementorum</strong></span> <span class='ocrx_word' id='word_1_530' title='bbox 2679 4584 2934 4647; x_wconf 90' lang='lat' dir='ltr'><strong>illorum</strong></span> <span class='ocrx_word' id='word_1_531' title='bbox 2965 4585 3355 4666; x_wconf 89' lang='lat' dir='ltr'><strong>distinguere</strong></span> <span class='ocrx_word' id='word_1_532' title='bbox 3386 4602 3491 4646; x_wconf 92' lang='lat' dir='ltr'><strong>ne-</strong></span> 
     </span>
     <span class='ocr_line' id='line_1_89' title="bbox 1993 4683 3490 4768; baseline -0.002 -21"><span class='ocrx_word' id='word_1_533' title='bbox 1993 4693 2200 4768; x_wconf 89' lang='lat' dir='ltr'><strong>queat.</strong></span> <span class='ocrx_word' id='word_1_534' title='bbox 2238 4685 2326 4746; x_wconf 89' lang='lat' dir='ltr'><strong>Ex</strong></span> <span class='ocrx_word' id='word_1_535' title='bbox 2375 4684 2623 4746; x_wconf 84' lang='lat' dir='ltr'><strong>diversa</strong></span> <span class='ocrx_word' id='word_1_536' title='bbox 2667 4702 2919 4766; x_wconf 90' lang='lat' dir='ltr'><strong>quoque</strong></span> <span class='ocrx_word' id='word_1_537' title='bbox 2966 4683 3339 4746; x_wconf 81' lang='lat' dir='ltr'><strong>confusione</strong></span> <span class='ocrx_word' id='word_1_538' title='bbox 3389 4701 3490 4745; x_wconf 90' lang='lat' dir='ltr'><strong>eo·</strong></span> 
     </span>
     <span class='ocr_line' id='line_1_90' title="bbox 1994 4781 3487 4864; baseline -0.001 -19"><span class='ocrx_word' id='word_1_539' title='bbox 1994 4804 2135 4847; x_wconf 90' lang='lat' dir='ltr'><strong>rum</strong></span> <span class='ocrx_word' id='word_1_540' title='bbox 2189 4783 2253 4845; x_wconf 90' lang='lat' dir='ltr'><strong>in</strong></span> <span class='ocrx_word' id='word_1_541' title='bbox 2301 4782 2569 4845; x_wconf 90' lang='lat' dir='ltr'><strong>diversis</strong></span> <span class='ocrx_word' id='word_1_542' title='bbox 2619 4781 2907 4864; x_wconf 87' lang='lat' dir='ltr'><strong>partibus</strong></span> <span class='ocrx_word' id='word_1_543' title='bbox 2956 4783 3127 4844; x_wconf 90' lang='lat' dir='ltr'><strong>illius</strong></span> <span class='ocrx_word' id='word_1_544' title='bbox 3182 4781 3487 4864; x_wconf 82' lang='lat' dir='ltr'><strong>corporiS,</strong></span> 
     </span>
     <span class='ocr_line' id='line_1_91' title="bbox 1994 4880 3490 4962; baseline -0.002 -18"><span class='ocrx_word' id='word_1_545' title='bbox 1994 4882 2211 4944; x_wconf 90' lang='lat' dir='ltr'><strong>lumen</strong></span> <span class='ocrx_word' id='word_1_546' title='bbox 2280 4881 2509 4942; x_wconf 88' lang='lat' dir='ltr'><strong>cadens</strong></span> <span class='ocrx_word' id='word_1_547' title='bbox 2574 4899 2765 4962; x_wconf 91' lang='lat' dir='ltr'><strong>super</strong></span> <span class='ocrx_word' id='word_1_548' title='bbox 2828 4880 3040 4962; x_wconf 89' lang='lat' dir='ltr'><strong>ipsum</strong></span> <span class='ocrx_word' id='word_1_549' title='bbox 3108 4898 3361 4962; x_wconf 85' lang='lat' dir='ltr'><strong>corpuS,</strong></span> <span class='ocrx_word' id='word_1_550' title='bbox 3424 4881 3490 4941; x_wconf 91' lang='lat' dir='ltr'><strong>in</strong></span> 
     </span>
     <span class='ocr_line' id='line_1_92' title="bbox 1993 4977 3491 5061; baseline -0.002 -18"><span class='ocrx_word' id='word_1_551' title='bbox 1993 4979 2261 5044; x_wconf 89' lang='lat' dir='ltr'><strong>diversis</strong></span> <span class='ocrx_word' id='word_1_552' title='bbox 2294 4977 2580 5061; x_wconf 87' lang='lat' dir='ltr'><strong>partibus</strong></span> <span class='ocrx_word' id='word_1_553' title='bbox 2619 4978 3044 5040; x_wconf 88' lang='lat' dir='ltr'><strong>diversimode</strong></span> <span class='ocrx_word' id='word_1_554' title='bbox 3082 4986 3179 5040; x_wconf 92' lang='lat' dir='ltr'><strong>est</strong></span> <span class='ocrx_word' id='word_1_555' title='bbox 3210 4979 3491 5060; x_wconf 87' lang='lat' dir='ltr'><strong>resplen-</strong></span> 
     </span>
     <span class='ocr_line' id='line_1_93' title="bbox 1993 5077 3491 5158; baseline -0.002 -16"><span class='ocrx_word' id='word_1_556' title='bbox 1993 5081 2146 5142; x_wconf 87' lang='lat' dir='ltr'><strong>dens</strong></span> <span class='ocrx_word' id='word_1_557' title='bbox 2198 5079 2394 5141; x_wconf 87' lang='lat' dir='ltr'><strong>instar</strong></span> <span class='ocrx_word' id='word_1_558' title='bbox 2442 5077 2837 5140; x_wconf 88' lang='lat' dir='ltr'><strong>diversorum</strong></span> <span class='ocrx_word' id='word_1_559' title='bbox 2889 5077 3193 5140; x_wconf 89' lang='lat' dir='ltr'><strong>colorum.</strong></span> <span class='ocrx_word' id='word_1_560' title='bbox 3247 5078 3491 5158; x_wconf 91' lang='lat' dir='ltr'><strong>Corpus</strong></span> 
     </span>
     <span class='ocr_line' id='line_1_94' title="bbox 1992 5174 3490 5258; baseline -0.002 -17"><span class='ocrx_word' id='word_1_561' title='bbox 1992 5179 2183 5241; x_wconf 86' lang='lat' dir='ltr'><strong>etiam</strong></span> <span class='ocrx_word' id='word_1_562' title='bbox 2225 5177 2383 5239; x_wconf 89' lang='lat' dir='ltr'><strong>illud</strong></span> <span class='ocrx_word' id='word_1_563' title='bbox 2424 5177 2567 5258; x_wconf 91' lang='lat' dir='ltr'><strong>plus</strong></span> <span class='ocrx_word' id='word_1_564' title='bbox 2610 5174 2800 5237; x_wconf 92' lang='lat' dir='ltr'><strong>habet</strong></span> <span class='ocrx_word' id='word_1_565' title='bbox 2838 5176 2916 5238; x_wconf 87' lang='lat' dir='ltr'><strong>de</strong></span> <span class='ocrx_word' id='word_1_566' title='bbox 2952 5175 3258 5256; x_wconf 84' lang='lat' dir='ltr'><strong>gravitate</strong></span> <span class='ocrx_word' id='word_1_567' title='bbox 3296 5194 3490 5257; x_wconf 91' lang='lat' dir='ltr'><strong>quam</strong></span> 
     </span>
     <span class='ocr_line' id='line_1_95' title="bbox 1995 5273 3490 5356; baseline -0.003 -16"><span class='ocrx_word' id='word_1_568' title='bbox 1995 5277 2249 5340; x_wconf 87' lang='lat' dir='ltr'><strong>levitate</strong></span> <span class='ocrx_word' id='word_1_569' title='bbox 2291 5293 2305 5336; x_wconf 92' lang='lat'><strong>:</strong></span> <span class='ocrx_word' id='word_1_570' title='bbox 2348 5282 2627 5336; x_wconf 89' lang='lat' dir='ltr'><strong>attamen</strong></span> <span class='ocrx_word' id='word_1_571' title='bbox 2668 5273 2974 5338; x_wconf 89' lang='lat' dir='ltr'><strong>facillime</strong></span> <span class='ocrx_word' id='word_1_572' title='bbox 3011 5281 3200 5356; x_wconf 88' lang='lat' dir='ltr'><strong>atque</strong></span> <span class='ocrx_word' id='word_1_573' title='bbox 3240 5274 3490 5337; x_wconf 87' lang='lat' dir='ltr'><strong>celerri-</strong></span> 
     </span>
    </p>
   </div>
  </div>
 </body>
</html>
