4334 6242
821 470 942 539 464
1469 494 1534 540 IN
1575 495 1797 541 LIBRUM
1837 495 1883 542 11
1923 494 2406 541 SENTENTlAnmt.
2452 512 2535 524 —
2573 492 2727 539 ms‘r.
2768 493 2917 557 V1113
2960 494 3185 551 QUAEST.
3228 494 3289 540 lv

821 662 1014 725 etiam
1046 662 1286 726 cibaria
1325 663 1610 745 quaedam
1643 672 1706 726 et
1745 664 1972 746 pocula
2001 665 2077 727 ad
2110 664 2319 727 libidi-
2347 663 2395 727 A
2430 683 2619 726 sunm
2676 664 3105 728 voluntarium
3169 664 3411 746 aperiat
3466 662 3740 736 diabole,
3795 679 3925 724 nen

821 779 970 823 nem
1021 771 1385 843 provocant.
1418 763 1488 824 In
1535 763 1926 824 veluntatem
1968 771 2182 825 autem
2226 763 2318 824 di-

820 867 991 920 recte
1033 879 1108 921 ac
1151 859 1518 924 immediate
1563 860 1952 942 imprimere,
1989 861 2187 924 solius
2226 868 2321 922 est

819 957 955 1032 Dei,
989 975 1064 1020 ee
1094 960 1263 1041 qued
1294 959 1586 1022 veluntas
1617 960 1698 1022 sit
1731 959 1930 1022 libera
1968 967 2030 1022 et
2061 959 2320 1024 demina

820 1057 919 1119 sui
949 1067 1150 1132 actuS,
1185 1076 1302 1120 nec
1335 1066 1594 1139 cogatur
1621 1059 1702 1120 ab
1732 1059 2005 1139 objecto,
2033 1059 2200 1121 sicut
2231 1059 2321 1120 in-

788 1217 792 1220 .
819 1155 1110 1246 tellectus
1141 1156 1389 1238 cogitur
1417 1157 1734 1240 evidentia
1763 1157 2318 1220 demonstrationis

820 1274 894 1321 ac
937 1255 1220 1318 rat-ienis.

900 1356 1116 1437 ltaque
1160 1355 1479 1418 daemenes
1525 1353 1906 1437 imprimunt
1947 1355 2010 1417 in
2055 1355 2319 1438 phanta-

819 1455 1002 1529 siam,
1055 1453 1262 1534 angeli
1323 1452 1514 1516 etiam
1568 1453 1632 1514 in
1683 1453 2102 1528 intellectum,
2153 1454 2319 1516 Deus

820 1554 992 1616 selus
1046 1553 1111 1615 in
1154 1552 1567 1615 veluntatem.
1614 1586 1694 1598 —
1738 1552 1882 1614 Haec
1931 1551 2203 1614 Thomas
2254 1550 2318 1612 in

823 1653 1094 1734 Scripte.

589 1785 613 1814 ι
658 1783 728 1813 ιι
781 1783 792 1820 ;
906 1751 1139 1812 Eadem
1182 1749 1403 1811 scribit
1446 1749 1513 1811 in
1557 1749 1763 1831 prima
1804 1757 1982 1830 parte
2020 1748 2317 1811 Summae.

2428 769 2639 844 potest
2685 762 2975 825 diabolus
3034 763 3246 844 ipsum
3297 770 3467 826 certe
3520 779 3920 843 cognoscere.

2428 863 2753 934 Praeterea,
2787 862 3165 944 simplicitas
3204 863 3435 925 animae
3470 880 3543 923 ac
3574 859 3926 944 spiritualis

2430 967 2652 1024 creatae
2694 961 3063 1024 substantiae
3101 978 3228 1023 nen
3266 969 3363 1023 est
3404 960 3783 1043 simplicitas
3820 979 3928 1022 ne-

2428 1060 2658 1141 gativa,
2690 1067 2761 1121 ut
2804 1067 2898 1121 est
2936 1059 3314 1142 simplicitas
3354 1059 3599 1142 puncti,
3642 1077 3759 1120 nec
3801 1058 3931 1140 pri-

2429 1158 2660 1232 vativa,
2694 1158 2802 1220 sed
2850 1158 3143 1240 positiva,
3178 1178 3376 1240 quum
3424 1159 3505 1220 sit
3548 1157 3928 1240 simplicitas

2428 1256 2705 1338 alicujus
2734 1257 3191 1338 magnitudinis
3222 1256 3520 1320 limitatae.
3536 1255 3779 1318 Idcirco
3808 1256 3935 1338 spi·

2430 1354 2745 1418 ritualiter
2781 1364 2931 1417 sunt
2973 1355 3040 1417 in
3083 1374 3156 1418 ea
3199 1355 3371 1418 intus
3414 1364 3479 1417 et
3518 1363 3695 1418 extra
3737 1362 3930 1437 atque

2432 1452 2842 1535 profundum.
2872 1453 3207 1537 Quumque
3250 1455 3541 1518 diabolus
3586 1454 3929 1517 essentiam

2430 1551 2659 1615 animae
2702 1559 2978 1634 nequeat
3026 1553 3309 1628 introire,
3356 1571 3485 1616 nen
3533 1561 3741 1635 petest
3786 1553 3931 1633 ejus

2433 1650 2845 1732 cogitationes
2888 1651 3225 1733 inspicere,
3267 1652 3573 1735 quamdiu
3612 1669 3717 1715 66ε
3758 1659 3930 1714 tenet

2433 1749 2499 1810 in
2539 1767 2655 1812 sue
2694 1748 3011 1832 profunde
3052 1751 3129 1813 ad
3173 1750 3356 1814 intra.
3389 1786 3470 1796 —
3499 1750 3579 1814 At
3617 1769 3769 1813 vero
3809 1751 3932 1813 dae-

906 1849 1014 1911 His
1060 1849 1277 1911 Petrus
1317 1848 1654 1911 concordat
1690 1867 1703 1910 ε
1739 1847 2161 1927 Cogitationes
2198 1846 2321 1927 (in-
2356 1848 2403 1910 B
2435 1865 2581 1910 men
2610 1866 2736 1911 nen
2764 1857 2972 1930 petest
2996 1849 3407 1930 cogitationes
3432 1851 3689 1932 proprie
3712 1858 3931 1912 nostre

825 1947 1082 2031 quiens)
1121 1947 1431 2028 contingit
1469 1947 1764 2028 cognosci
1805 1946 2164 2028 dupliciter.
2198 1945 2325 2009 Pri·

2432 1946 2804 2029 imprimere
2849 1947 3203 2010 intellectui
3236 1965 3249 2010 :
3293 1949 3445 2031 quia
3486 1967 3607 2012 nec
3647 1949 3929 2031 speciem

827 2065 953 2122 me,
995 2047 1162 2109 clare
1203 2054 1268 2108 et
1306 2053 1475 2108 certe
1517 2045 1584 2107 in
1628 2063 1695 2107 se
1737 2062 1752 2106 ε
1795 2045 2014 2126 sicque
2056 2044 2186 2107 Dee
2227 2050 2327 2106 est
2432 2045 2905 2126 intelligibilem
2944 2055 3152 2128 petest
3188 2047 3245 2110 ei
3287 2047 3681 2130 imprimere,
3714 2066 3827 2110 nec
3868 2047 3931 2110 in

824 2145 1156 2227 preprium
1197 2163 1302 2208 eas
1333 2161 1735 2225 cognoscere,
1768 2150 1831 2206 et
1869 2143 1973 2205 cui
2008 2143 2325 2205 revelave-

820 2244 906 2306 rit
945 2243 1101 2326 ipse.
1138 2243 1448 2316 Secunde,
1485 2241 1870 2323 incomplete
1914 2249 1978 2304 et
2019 2259 2134 2323 per
2179 2258 2324 2303 cen-

817 2343 1155 2423 jecturam,
1189 2350 1260 2404 ut
1289 2360 1404 2424 per
1433 2340 1705 2404 effectus
1734 2349 1798 2403 et
1837 2342 2016 2422 signa
2049 2357 2063 2402 :
2098 2339 2321 2421 sicque

819 2441 1110 2503 diabolus
1169 2440 1580 2522 cogitationes
1637 2447 1883 2502 nostras
1940 2456 2321 2520 cognoscere

820 2547 1046 2622 petest.
1091 2538 1211 2602 Sed
1256 2558 1455 2622 quum
1504 2539 1684 2620 signa
1732 2539 1860 2600 sint
1907 2537 2193 2620 plurium
2240 2536 2322 2599 si—

817 2637 1218 2719 gnificationi
1266 2645 1435 2720 apta,
1484 2637 1628 2700 ideo
1674 2637 1817 2700 talis
1867 2636 2143 2716 cognitio
2190 2653 2317 2697 non

820 2744 916 2799 est
956 2743 1146 2798 certa.
1179 2771 1256 2782 —
1289 2737 1595 2798 Praeterea
1634 2735 2046 2816 cogitationes
2086 2734 2321 2796 immit-

819 2843 974 2908 tere,
1009 2834 1167 2897 dicit
1205 2841 1418 2896 actum
1460 2833 1645 2914 cujus
1682 2832 1953 2895 effectus
1995 2833 2158 2894 intra
2201 2839 2323 2894 ter-

822 2933 1102 2995 minatur
1152 2951 1166 2994 :
1223 2933 1460 2996 idcirce
1519 2930 1833 2994 immissio
1881 2931 2001 2992 ista
2048 2930 2321 3010 intelligi

2432 2145 2773 2208 tentionem
2827 2145 3183 2208 intellectus
3241 2146 3608 2209 immediate
3660 2146 3933 2227 dirigere

2429 2245 2508 2305 ad
2550 2263 2683 2307 rem
2725 2245 2912 2326 cujus
2951 2253 3045 2308 est
3080 2244 3347 2327 specieS,
3380 2253 3523 2327 pest
3560 2245 3797 2327 speciei
3837 2264 3931 2308 re-

2432 2344 2788 2424 ceptionem
2834 2361 2848 2406 :
2892 2362 3163 2426 querum
3210 2351 3557 2426 utrumque
3603 2344 3681 2406 ad
3722 2352 3932 2406 actua—

2431 2440 2557 2503 lem
2590 2442 3034 2523 cogitationem
3066 2442 3751 2524 exigitur.Dispositive
3779 2460 3931 2506 vere

2430 2546 2640 2620 petest
2676 2541 3123 2621 cogitationem
3163 2539 3511 2603 immittere
3551 2541 3739 2603 mode
3777 2560 3935 2623 prae-

2432 2644 2615 2700 tacte.
2659 2673 2740 2683 --
2780 2637 3202 2701 Confermiter
3250 2637 3472 2720 nequit
3518 2637 3929 2702 affectionem

2429 2736 2741 2799 voluntati
2782 2737 3090 2818 ingerere,
3124 2755 3242 2798 nec
3278 2755 3415 2798 eam
3456 2737 3533 2798 ad
3566 2737 3806 2799 malum
3839 2737 3930 2800 af-

2430 2832 2669 2895 fectum
2717 2835 2989 2897 mediate
3030 2842 3139 2896 aut
3184 2834 3549 2896 immediate
3591 2835 3929 2897 necessita-

2431 2931 2643 3005 re,sed
2677 2932 2982 2995 inclinare
3014 2951 3127 3014 per
3155 2932 3557 3014 imaginarias
3590 2951 3931 3015 repraesen-

821 3039 1029 3113 petest
1077 3031 1438 3114 dupliciter.
1491 3030 1722 3102 Primo,
1773 3029 2157 3092 intrinsecus
2208 3029 2321 3090 im·
2355 3034 2399 3097 G
2430 3030 2698 3092 tationes
2737 3039 2843 3092 aut
2889 3031 3252 3112 passionum
3300 3031 3783 3104 commetieneS,
3816 3051 3931 3114 per

823 3130 1180 3212 primendo,
1203 3129 1426 3212 sicque
1457 3146 1582 3191 nen
1616 3127 1973 3190 immittunt
2000 3128 2320 3190 daemones

824 3227 1120 3290 cordibus
1171 3228 1600 3308 cogitationes.
1650 3226 1961 3298 Secunde,
2015 3225 2321 3288 extrinse-

823 3345 936 3388 cus
983 3326 1338 3399 excitando,
1390 3334 1454 3387 et
1501 3325 1589 3388 ita
1635 3324 2010 3386 immittunt.
2060 3324 2323 3386 Phanta-

822 3432 1024 3488 smata
1051 3442 1327 3507 namque
1358 3424 1604 3486 daemon
1637 3422 2048 3504 componiaet
2080 3421 2323 3484 lumine

823 3521 1184 3584 intellectus
1215 3522 1313 3584 sui
1346 3522 1589 3603 agentis
1621 3521 1920 3583 irradiata
1949 3528 2317 3602 proesentat:

820 3620 899 3682 ad
945 3638 1218 3702 querum
1266 3619 1738 3701 susceptionem
1787 3617 2022 3692 anima,
2055 3618 2106 3679 si
2159 3617 2319 3692 vult,

821 3735 890 3780 sc
923 3717 1272 3792 convertit3
1305 3716 1358 3779 si
1392 3734 1519 3780 nen
1548 3716 1708 3790 vult,
1743 3734 1810 3778 se
1839 3715 2085 3778 avertit.
2119 3750 2201 3760 —
2229 3714 2325 3776 In·

823 3835 1016 3898 super
1057 3815 1418 3890 incendere,
1453 3816 1608 3878 dicit
1649 3823 1864 3878 actum
1907 3833 1944 3876 a
1987 3812 2326 3895 corporali-

823 3915 944 3977 bus
990 3915 1070 3977 ad
1119 3913 1475 3996 spiritualia
1525 3912 1919 3976 translatum.
1971 3912 2325 3994 Dupliciter

821 4020 1036 4076 autem
1090 4013 1325 4075 dicitur
1380 4013 1571 4076 hemo
1630 4012 1968 4074 incendere
2021 4028 2035 4072 ε
2089 4010 2319 4092 prime,

825 4111 1156 4174 materiam
1200 4111 1621 4174 ministrando
1665 4129 1778 4172 seu
1817 4109 2220 4191 applicando,
2254 4115 2324 4170 ut

2430 3147 2587 3210 quas
2627 3127 2920 3191 voluntas
2962 3129 3218 3210 pronior
3245 3127 3325 3191 fit
3359 3115 3663 3191 ad'mala.
3701 3129 3773 3190 Et
3815 3148 3931 3210 per

2429 3227 2615 3288 istam
2661 3226 3134 3289 distinctionem
3177 3225 3365 3289 facile
3406 3234 3502 3290 est
3539 3227 3783 3290 solvere
3820 3247 3929 3289 au—

2431 3325 2753 3388 ctoritates
2794 3343 2937 3405 quae
2976 3323 3364 3411 centrarium
3408 3325 3707 3387 videntur
3750 3343 3931 3388 sena-

2432 3441 2517 3484 re.
2565 3422 2707 3484 Haec
2748 3421 3119 3485 Richardus.

2510 3521 2697 3583 Perre
2727 3519 3167 3584 Bonaventura
3192 3537 3205 3582 :
3230 3521 3379 3596 Dee,
3415 3520 3647 3603 inquit,
3680 3538 3933 3603 compe·

2431 3620 2509 3681 tit
2554 3619 2966 3701 cogitationes
3010 3618 3353 3681 immittere
3400 3626 3703 3701 tanquam
3754 3619 3933 3701 prin-

2432 3719 2623 3800 cipali
2662 3717 2874 3799 agenti
2913 3725 2975 3780 ct
3014 3715 3321 3779 efficienti
3351 3734 3368 3797 3
3400 3717 3673 3781 daemoni
3714 3726 3931 3780 autem

2433 3826 2735 3899 tanquam
2800 3815 3101 3878 excitanti
3165 3823 3228 3876 et
3293 3815 3668 3898 impellenti.
3726 3852 3809 3862 —
3864 3816 3931 3880 Si

2432 3932 2583 3978 vero
2622 3921 2962 3996 quaeratur,
2994 3932 3074 3975 an
3113 3913 3403 3976 diabolus
3443 3915 3643 3996 possit
3684 3915 3933 3978 intelle-

2433 4022 2606 4077 ctum
2663 4012 3047 4094 compellere
3096 4012 3173 4074 ad
3228 4011 3633 4092 cogitandum
3680 4032 3823 4095 quae
3870 4014 3931 4076 ei

2434 4119 2771 4195 praesentat
2824 4128 2837 4172 :
2891 4110 3111 4172 dicunt
3169 4110 3451 4192 quidam,
3504 4111 3674 4192 qued
3723 4119 3934 4193 petest

823 4211 996 4292 ligna
1044 4211 1110 4273 in
1160 4209 1415 4272 fornace
1465 4209 1796 4292 penend03
1849 4207 2150 4281 secunde,
2200 4206 2325 4269 fer-
2352 4217 2403 4278 D
2434 4209 2817 4292 compellere
2856 4209 2935 4270 ad
2979 4208 3390 4289 cogitationes
3433 4207 3767 4283 malorum,
3800 4227 3931 4274 non

825 4329 992 4371 mam
1055 4309 1503 4392 imprimendo,
1564 4306 2102 4391 quemadmodum
2159 4307 2324 4388 ignis

824 4408 1110 4471 incendit
1153 4408 1435 4471 domum.
1469 4407 1679 4470 Primo
1723 4407 1909 4470 mede
1955 4413 2160 4487 petest
2198 4405 2325 4467 dia-

825 4507 1010 4571 bolus
1041 4506 1452 4588 cogitationes
1491 4515 1555 4569 et
1584 4505 1958 4570 affectiones
2002 4504 2198 4566 malas
2231 4503 2325 4565 in-

823 4606 1116 4680 cendere,
1163 4624 1291 4668 non
1333 4606 1458 4668 alie
1502 4606 1709 4678 mede,
1744 4613 1863 4667 etc.
1899 4603 2043 4666 Haec
2079 4603 2319 4665 Pet-rus,

917 4705 1266 4768 Richardus
1325 4722 1580 4787 quoque
1637 4721 1650 4765 :
1704 4704 1960 4767 Daemon
2007 4701 2153 4784 (ait)
2194 4719 2322 4764 nen

823 4813 1033 4888 petest
1061 4823 1199 4867 esse
1233 4823 1507 4886 praesens
1549 4804 1613 4866 in
1644 4803 1892 4881 anima3
1926 4801 2164 4864 idcirco
2194 4818 2319 4864 nen

823 4904 992 4968 valet
1021 4904 1238 4967 videre
1270 4923 1410 4986 quae
1441 4910 1589 4966 sunt
1619 4903 1682 4965 in
1716 4921 1810 4976 ea,
1844 4901 1971 4963 nisi
2002 4919 2117 4983 per
2145 4899 2322 4962 simi·

824 5003 1160 5066 litudinem
1194 5003 1584 5067 eorumdem.
1609 5003 1728 5065 Res
1757 5007 1968 5063 autem
2001 5020 2142 5081 quae
2174 5007 2323 5062 sunt

825 5103 892 5166 in
948 5103 1162 5166 anima
1217 5102 1594 5175 voluntarie,
1655 5098 2113 5162 similitudines
2176 5117 2322 5160 suas

823 5219 952 5266 nen
983 5200 1413 5284 multiplicant
1445 5198 1568 5261 nisi
1597 5199 1676 5261 ad
1705 5196 2044 5261 veluntatis
2077 5195 2327 5279 imperi·

823 5317 974 5364 um:
1001 5300 1142 5364 ideo
1178 5299 1303 5362 nisi
1333 5299 1526 5363 home
1555 5297 1908 5362 voluntarie
1939 5304 2321 5381 conceptum

2433 4318 2645 4372 tamen
2714 4309 2792 4371 ad
2861 4307 3273 4388 cogitationes
3344 4306 3558 4368 malas.
3622 4307 3933 4388 Cogitatio

2433 4426 2709 4490 namque
2754 4407 2831 4470 de
2873 4406 3062 4482 male,
3097 4423 3224 4468 non
3268 4413 3364 4467 est
3412 4405 3579 4468 mala
3614 4405 3738 4467 nisi
3786 4425 3928 4470 eam

2433 4506 2773 4569 comitetur
2802 4504 3059 4568 affectio
3089 4523 3303 4587 prava,
3337 4524 3479 4586 quae
3521 4504 3583 4566 in
3619 4512 3931 4586 potestate

2430 4613 2526 4668 est
2562 4611 2795 4668 nostra.
2830 4603 2988 4666 Aliis
3018 4601 3413 4685 probabilius
3454 4602 3725 4676 videtur,
3759 4604 3933 4684 qued

2430 4705 2677 4767 daemen
2718 4719 2842 4764 nen
2886 4708 3090 4784 potest
3132 4700 3339 4763 facere
3379 4700 3642 4783 aliquid,
3676 4719 3804 4783 que
3844 4700 3935 4763 fa-

2432 4811 2555 4877 cte,
2588 4801 2940 4883 cogitemus
2984 4798 3342 4861 necessarie
3392 4798 3653 4873 malum,
3690 4798 3811 4861 nisi
3862 4799 3931 4861 in

2429 4918 2601 4972 casu,
2653 4899 2949 4961 videlicet
2992 4898 3142 4959 dum
3197 4897 3493 4978 cegitatio
3539 4904 3755 4960 nostra
3800 4915 3930 4961 nen

2428 5007 2522 5061 est
2552 5005 2861 5080 occupata
2892 4997 3061 5058 circa
3104 4995 3304 5058 utilia.
3338 4995 3573 5077 Nempe
3604 4995 3757 5058 dum
3789 5014 3931 5058 eva·

2428 5106 2612 5180 gatur
2658 5105 2722 5159 et
2769 5097 3002 5159 otiatur
3050 5095 3230 5168 ratie,
3259 5103 3487 5177 ,petest
3529 5094 3589 5157 ei
3637 5093 3927 5157 diabolus

2429 5196 2664 5259 efferre
2695 5195 3037 5276 imaginem
3071 5201 3322 5275 turpem
3352 5211 3425 5254 ac
3456 5212 3703 5255 vanam.
3737 5192 3928 5254 Idcir-

2431 5313 2507 5359 co
2554 5294 2793 5358 volenti
2851 5293 3049 5356 malas
3110 5291 3521 5373 cogitationes
3579 5309 3653 5353 ac
3709 5299 3929 5375 turpes
