4334 6242
747 521 835 568 AN
874 523 1103 571 COELUM
1144 521 1475 570 Burmann
1514 523 1679 570 AGA'r
1724 521 1785 569 m
1828 521 1993 580 ALIA,
2036 521 2389 572 PRAESER'rm
2429 523 2493 573 IN
2534 527 2808 576 CORPORA
2853 530 3179 576 INFERIORA

400 693 749 775 vandoque
801 713 895 756 ea.
948 695 1066 756 Sed
1123 693 1495 776 principalis
1548 693 1689 775 ejus
1739 694 2232 775 utili-Agorius
2279 715 2292 759 :

402 797 506 852 tas
552 799 646 853 est
686 801 977 874 respectu
1019 801 1219 855 status
1260 792 1481 866 futuri,
1517 793 1584 854 in
1624 810 1751 874 quo
1790 792 1910 854 erit

398 889 747 952 hominum
797 891 1145 953 electorum
1196 890 1368 973 regio
1416 891 1709 972 gloriosa.
1766 891 1909 954 Haec

396 987 648 1050 Petrus.

488 1085 839 1148 Richardus
887 1106 1142 1170 quoque
1186 1105 1199 1150 :
1242 1088 1393 1150 Mihi
1443 1088 1586 1170 (ait)
1634 1089 1906 1163 videtur,

396 1185 584 1265 quod
622 1185 855 1248 coelum
894 1205 1269 1268 empyreum
1308 1187 1671 1250 ordinatum
1707 1188 1908 1250 estad

397 1281 791 1364 obsequium
833 1283 1115 1346 hominis
1156 1303 1283 1347 non
1328 1285 1535 1348 solum
1576 1285 1641 1347 in
1683 1285 1906 1368 patria,

398 1379 523 1441 sed
558 1380 705 1442 item
738 1380 802 1442 in
832 1383 957 1443 via.
992 1381 1069 1443 Et
1097 1382 1362 1444 forsitan
1404 1383 1743 1446 influentia
1769 1383 1909 1464 ejus

404 1477 767 1558 praesertim
835 1486 1209 1561 cooperatur
1272 1481 1351 1542 ad
1420 1480 1699 1543 debitam
1762 1499 1909 1563 pro-

404 1576 772 1656 portionem
815 1578 1250 1660 dispositionis
1294 1579 1576 1661 corporis
1619 1579 1905 1653 humani,

404 1693 617 1754 quum
658 1675 891 1738 coelum
936 1676 1094 1738 illud
1136 1678 1215 1739 sit
1257 1677 1535 1740 nobilius
1579 1677 1743 1740 inter
1784 1696 1909 1741 coe-

404 1771 532 1844 loS‚
569 1774 1103 1854 quemadmodum
1142 1793 1373 1857 corpus
1415 1776 1768 1837 humanum
1812 1785 1907 1838 est

3389 507 3502 576 161

2343 696 2531 758 Terra
2579 715 2722 759 aere
2771 696 3170 771 fecundatur,
3211 715 3319 759 aer
3363 695 3508 759 coeli

2017 793 2322 873 qualitate
2379 795 2756 876 disponitur.
2807 796 3013 869 Quum
3069 813 3238 876 erge,
3293 802 3361 856 ut
3412 794 3512 856 di-

2019 899 2189 965 cunt,
2205 893 2534 955 videamus
2567 901 2762 955 terras
2791 894 3114 976 aequaliter
3136 893 3217 955 ab
3247 902 3513 975 utroque

2019 990 2165 1070 polo
2195 991 2522 1066 distanteS,
2552 992 2770 1074 sicque
2801 991 3105 1058 habentes
3137 1010 3392 1054 omnem
3424 991 3516 1053 in-

2018 1087 2355 1151 fluentiam
2396 1089 2752 1153 coelestium
2797 1108 3135 1172 corporum
3181 1089 3516 1152 mobilium

2018 1186 2351 1267 aequalem,
2410 1187 2858 1269 dispositiones
2919 1186 3152 1250 habere
3211 1187 3513 1261 diversaS,

2020 1302 2285 1367 corpora
2322 1304 2577 1368 quoque
2614 1286 2894 1348 humana
2933 1286 2998 1347 in
3035 1287 3220 1348 terris
3260 1285 3386 1347 illis
3422 1286 3518 1347 in-

2020 1383 2392 1446 clinationes
2431 1384 2666 1446 habere
2705 1385 3006 1459 diversas,
3039 1402 3113 1446 ac
3147 1403 3398 1467 semper
3429 1385 3515 1447 ita

2018 1480 2218 1545 fuisse
2269 1501 2353 1544 ex·
2401 1501 2528 1564 quo
2583 1490 2762 1546 terrae
2818 1483 2942 1546 illae
2997 1481 3336 1545 inhabitari
3387 1501 3510 1545 coe-

2019 1588 2297 1661 perunt3
2350 1581 2598 1643 videtur
2657 1582 2776 1643 hoc
2834 1601 2972 1644 esse
3029 1582 3331 1664 quoniam
3391 1589 3510 1643 ter·

2019 1697 2103 1741 rae
2152 1678 2276 1741 illae
2321 1679 2602 1742 diversas
2650 1679 3020 1743 influentias
3069 1680 3214 1744 coeli
3262 1699 3512 1762 recepe-

2019 1785 2167 1840 runt
2216 1778 2524 1860 empyrei,
2566 1798 2707 1860 quae
2756 1796 2880 1841 non
2928 1781 3336 1842 alternantur.
3383 1779 3509 1842 Nec

402 1871 887 1935 nobilissimum
926 1873 1091 1936 inter
1120 1893 1384 1956 corpora
1418 1874 1806 1956 generabilia
1843 1882 1907 1938 et
1942 1877 1989 1938 B
2019 1876 2143 1938 dici
2187 1885 2392 1959 potest
2431 1878 2551 1940 hoc
2594 1896 2733 1940 esse
2775 1879 3076 1960 quoniam
3122 1878 3368 1960 sphaera
3409 1895 3512 1940 oc-

400 1970 876 2053 corruptibilia‚
939 1972 1068 2035 imo
1129 1981 1193 2034 et
1254 1972 1533 2036 nobilius
1595 1974 1775 2048 coelo,
1839 1975 1906 2036 in

394 2075 719 2150 quantum
768 2069 983 2132 anima
1032 2070 1466 2146 informatum,
1510 2091 1710 2153 quum
1761 2073 1906 2136 coeli

396 2166 537 2228 sint
583 2166 936 2241 inanimati,
981 2177 1049 2230 ut
1091 2169 1257 2232 infra
1300 2169 1691 2252 probabitur.

491 2265 559 2327 Si
586 2273 798 2328 autem
829 2266 1189 2348 objiciatur,
1223 2270 1392 2350 quod
1427 2286 1692 2351 corpora
1731 2270 1911 2332 coele-

400 2364 532 2425 stia
568 2382 692 2426 non
725 2374 920 2446 agunt
951 2366 1016 2428 in
1051 2365 1353 2429 inferiora
1385 2367 1510 2429 nisi
1546 2385 1660 2449 per
1689 2367 1906 2430 lumen

400 2470 474 2524 et
512 2471 755 2526 motum
790 2483 805 2526 ε
841 2465 1075 2527 coelum
1112 2474 1325 2528 autem
1366 2485 1739 2548 empyreum
1780 2485 1906 2529 non

400 2561 655 2643 spargit
684 2563 899 2625 lumen
932 2563 1221 2638 inferius,
1254 2583 1461 2647 neque
1493 2571 1804 2639 movetur,
1841 2572 1910 2626 ut

402 2659 637 2743 patuit.
672 2662 1227 2742 Respondendum,
1261 2664 1431 2744 quod
1475 2663 1677 2725 virtus
1722 2663 1908 2726 coele-

399 2758 609 2820 stium
651 2776 987 2841 corporum
1034 2759 1353 2822 interdum
1402 2759 1563 2822 bene
1606 2760 1909 2842 pertingit

398 2857 489 2918 ad
550 2855 870 2930 inferiora,
922 2859 1176 2939 quando
1235 2858 1452 2921 lumen
1500 2876 1721 2921 eorum
1780 2877 1905 2920 non

401 2955 717 3037 pertingit
757 2956 835 3017 ad
880 2975 970 3019 ea.
1014 2956 1193 3034 Luna
1242 2976 1515 3038 namque
1564 2955 1907 3018 exsistente

2017 1983 2159 2037 tava
2219 1977 2516 2038 continue
2575 1983 2776 2038 mutet
2823 1977 3039 2059 polum
3096 1995 3110 2037 :
3163 1976 3313 2058 quia
3359 1983 3514 2037 tunc

2018 2081 2200 2136 terrae
2241 2074 2364 2137 illae
2395 2092 2522 2137 non
2557 2093 2809 2157 semper
2837 2075 3110 2137 fuissent
3139 2074 3206 2136 in
3246 2073 3513 2156 disposi-

2018 2170 2299 2232 tionibus
2335 2172 2422 2233 ita
2459 2171 2582 2234 sihi
2623 2173 3146 2254 repugnantibuS,
3179 2172 3346 2234 sicut
3384 2171 3516 2234 fue-

2020 2271 2410 2332 runt—Alii
2443 2271 2678 2344 dicunt,
2698 2271 2865 2352 quod
2897 2271 3062 2332 sicut
3091 2269 3324 2334 coelum
3357 2269 3516 2332 illud

2018 2377 2113 2432 est
2155 2368 2473 2432 uniforme
2513 2370 2578 2430 in
2625 2369 2888 2442 lumine,
2924 2369 3012 2431 ita
3049 2376 3114 2430 et
3153 2369 3219 2430 in
3258 2368 3514 2443 virtute,

2017 2486 2367 2549 omnesque
2409 2475 2616 2548 partes
2658 2467 2796 2547 ejus
2837 2466 3140 2529 virtutem
3186 2465 3519 2528 uniformi-

2019 2575 2112 2628 ter
2161 2566 2463 2628 influunt.
2518 2565 2748 2627 Dicunt
2796 2583 3071 2647 quoque,
3119 2564 3516 2628 diversitates

2018 2663 2336 2727 naturales
2386 2682 2528 2745 quae
2577 2671 2725 2724 sunt
2777 2663 2844 2725 in
2901 2662 3168 2725 diversis
3228 2661 3514 2745 partibus

2018 2771 2221 2836 terrae,
2254 2780 2381 2824 non
2423 2767 2713 2842 oportere
2745 2760 2963 2822 reduci
3002 2760 3068 2822 in
3109 2760 3514 2822 influentiam

2018 2860 2161 2924 coeli
2204 2860 2370 2921 sicut
2403 2859 2468 2920 in
2505 2866 2696 2921 totam
2738 2877 2994 2920 causam
3034 2866 3330 2932 creatam,
3365 2875 3517 2939 quo-

2018 2958 2192 3021 niam
2238 2958 2554 3021 elementa
2612 2957 2900 3038 proprias
2951 2976 3098 3018 suas
3147 2956 3515 3019 influentias

402 3052 535 3116 sub
586 3053 1033 3136 hemisphaerio
1082 3064 1317 3130 nostr0‚
1358 3054 1522 3117 bene
1570 3054 1647 3117 fit
1693 3053 1908 3116 fluxus
1945 3059 1991 3124 C
2018 3056 2255 3119 hahent
2295 3076 2370 3118 ex
2411 3075 2526 3117 sua
2565 3064 2809 3128 natura,
2843 3062 2907 3116 et
2935 3062 3166 3117 terram
3209 3053 3272 3115 in
3314 3054 3518 3116 diver-

402 3158 475 3213 et
515 3151 803 3214 refluxus
849 3152 1041 3214 maris
1085 3151 1197 3213 ubi
1240 3152 1347 3214 lux
1392 3152 1559 3215 lunae
1602 3170 1727 3214 non
1773 3170 1911 3233 per-

402 3249 622 3330 tingit,
654 3248 951 3312 videlicet
981 3269 1202 3312 versus
1240 3250 1763 3332 hemisphaerium
1800 3268 1907 3312 no-

400 3355 633 3409 strum.
670 3348 775 3410 Sic
817 3357 881 3410 et
923 3349 1125 3410 virtus
1174 3348 1388 3430 aliqua
1431 3348 1714 3431 empyrei
1761 3347 1907 3411 coeli

404 3454 617 3528 potest
655 3445 960 3509 inferiora
998 3446 1329 3527 attingere,
1362 3448 1655 3528 quamvis
1690 3446 1906 3508 lumen

400 3544 550 3624 ejus
578 3545 655 3606 ad
686 3546 908 3608 eadem
939 3563 1064 3607 non
1096 3545 1431 3626 pertingat.
1466 3545 1751 3628 Denique
1783 3564 1910 3607 mo-

400 3651 511 3705 tus
571 3663 697 3707 non
755 3642 881 3705 fuit
938 3642 1307 3707 coelestibus
1366 3644 1740 3726 corporibus
1797 3663 1905 3706 ne-

402 3742 723 3804 cessarius
790 3749 1047 3824 propter
1105 3741 1533 3816 influentiam,
1596 3743 1706 3804 sed
1764 3761 1905 3825 pro·

404 3849 549 3924 pter
578 3841 1062 3903 influentiarum
1099 3841 1726 3922 contemperantiam.
1746 3841 1905 3903 Nam

405 3940 703 4022 quamvis
752 3939 847 4001 sol
896 3946 1109 4012 staret,
1161 3945 1372 4001 tamen
1434 3939 1650 4002 lumen
1699 3948 1761 4001 et
1810 3958 1907 4001 ca-

406 4039 607 4102 lorem
658 4037 977 4100 influeret.
1032 4038 1153 4100 Sed
1200 4038 1503 4118 quoniam
1553 4038 1906 4102 influentiae

405 4144 734 4219 nequeunt
784 4134 1248 4219 proportionari
1306 4135 1431 4197 nisi
1489 4136 1902 4212 alternentur,

2019 3155 2105 3217 sis
2146 3154 2434 3237 partibus
2470 3153 2784 3216 diversam
2821 3171 2958 3214 esse
2989 3171 3066 3214 ex
3096 3153 3364 3215 diversis
3395 3152 3520 3214 dis-

2021 3252 2445 3336 positionibus
2477 3271 2634 3334 quas
2663 3271 2700 3312 a
2731 3270 2845 3312 sua
2876 3251 3237 3313 conditione
3276 3251 3518 3332 recepit

2020 3353 2093 3414 in·
2116 3350 2384 3414 d1versis
2416 3349 2704 3432 partibus
2735 3349 2888 3411 suis,
2913 3349 3032 3411 Sed
3065 3349 3271 3431 prima
3300 3347 3518 3430 opinio

2017 3449 2374 3513 evidentius
2412 3449 2666 3511 videtur
2707 3448 2968 3511 reddere
3012 3447 3339 3510 rationem.
3373 3447 3517 3510 Haec

2015 3545 2385 3609 Richardus.

2096 3645 2286 3706 Porro
2332 3642 2642 3706 Hannibal
2694 3643 2983 3726 sequitur
3031 3642 3510 3725 responsionem

2016 3742 2272 3805 Thomae
2313 3742 2378 3803 in
2419 3741 2667 3824 Scripto
2701 3759 2715 3803 ε
2751 3759 3114 3823 quanquam
3147 3747 3211 3802 et
3239 3740 3510 3802 Thomas

2017 3841 2082 3903 in
2130 3839 2545 3914 Quodlibetis,
2598 3839 2945 3922 quaestione
3003 3858 3128 3920 qua
3180 3839 3505 3920 quaeritur,

2015 3959 2094 4002 an
2154 3939 2387 4001 coelum
2447 3956 2818 4020 empyreum
2872 3943 3013 4017 agat
3064 3937 3128 3997 in
3183 3935 3504 4010 inferiora,

2016 4037 2190 4099 illam
2236 4056 2414 4099 suam
2459 4043 2710 4098 revocet
2751 4034 3248 4115 responsionem.
3284 4033 3509 4106 Quam-

2015 4136 2112 4198 vis
2155 4135 2330 4197 enim
2373 4135 2608 4198 coelum
2653 4151 3025 4215 empyreum
3071 4131 3510 4213 principaliter

403 4237 482 4297 ad
512 4237 685 4317 quod
720 4242 931 4297 motus
962 4234 1319 4297 coelestium
1350 4234 1729 4316 requiritur3
1765 4235 1905 4298 ideo
1934 4238 1986 4302 D
2016 4233 2346 4297 ordinetur
2392 4234 2470 4295 ad
2518 4231 2782 4313 gloriam
2836 4230 3192 4305 Beatorum,
3244 4246 3372 4292 non
3420 4238 3510 4292 ta-

405 4335 587 4396 datus
616 4342 715 4396 est
745 4333 875 4396 illis
904 4339 1134 4395 motuS.
1152 4332 1229 4393 Et
1258 4332 1424 4394 sicut
1452 4349 1641 4396 omne
1672 4334 1904 4398 mobile

406 4432 621 4495 reduci
654 4439 902 4514 oportet
936 4432 1015 4493 ad
1058 4430 1409 4506 immobile,
1443 4432 1535 4494 sic
1566 4432 1777 4496 forsan
1820 4435 1907 4497 in·

407 4530 689 4594 fluentiae
749 4530 1057 4593 coelorum
1118 4529 1477 4604 mobilium,
1528 4551 1670 4612 quae
1724 4532 1906 4594 alter-

412 4637 658 4704 nantur,
708 4629 1015 4710 juvantur
1063 4635 1127 4691 et
1174 4635 1735 4711 contemperantur
1792 4647 1905 4712 per

413 4725 811 4790 influentiam
854 4726 1001 4790 coeli
1038 4727 1347 4809 empyrei,
1381 4745 1498 4788 nec
1536 4725 1676 4807 ejus
1716 4726 1905 4788 influ-

412 4827 577 4887 entia
615 4826 985 4887 alternatur.

496 4923 946 4986 Verumtamen
1003 4923 1262 5005 quidam
1314 4921 1556 4995 dicunt,
1602 4922 1772 5002 quod
1820 4921 1901 4984 ab

418 5038 537 5082 una
570 5029 745 5103 parte
788 5021 929 5102 ejus
969 5021 1094 5084 alia
1128 5021 1331 5082 virtus
1376 5019 1672 5082 influitur
1708 5039 1901 5101 quam

418 5117 494 5178 ab
529 5119 693 5181 alia:
727 5119 1033 5201 quoniam
1076 5118 1193 5180 etsi
1236 5118 1320 5180 sit
1360 5116 1765 5180 uniformiter
1808 5117 1901 5179 lu-

424 5216 751 5292 minosum,
782 5235 911 5280 non
950 5224 1161 5280 tamen
1202 5222 1297 5278 est
1337 5215 1742 5278 uniformiter
1776 5216 1901 5279 vir-

426 5320 681 5378 tuosum.
736 5315 895 5379 Nam
949 5323 1174 5397 quarto
1223 5314 1553 5378 Moralium
1612 5315 1702 5378 ait
1754 5315 1901 5378 Gre-

661 5449 723 5502 T.
760 5449 841 5498 21.

2019 4352 2165 4396 men
2208 4338 2456 4414 oportet
2507 4339 2574 4392 ut
2622 4329 2829 4392 solum
2879 4328 2956 4390 ad
3005 4328 3179 4391 illam
3229 4329 3514 4392 conferat

2016 4441 2206 4515 atque
2249 4430 2562 4494 deserviat
2605 4427 2843 4490 directe
2885 4434 2944 4488 et
2991 4427 3376 4489 immediate.

2098 4532 2184 4593 De
2232 4527 2574 4592 influentia
2619 4527 2878 4589 demum
2929 4525 3074 4589 coeli
3117 4525 3401 4607 empyrei
3447 4526 3515 4588 in

2016 4628 2139 4690 alia
2178 4646 2302 4690 non
2343 4627 2596 4690 videtur
2634 4623 3011 4687 Guillelmus
3044 4623 3217 4706 loqui
3248 4622 3507 4697 diffuse,

2016 4725 2140 4787 nisi
2173 4726 2339 4806 quod
2371 4729 2696 4805 comparat
2727 4720 2960 4784 coelum
2992 4720 3148 4782 illud
3187 4719 3508 4783 interdum

2015 4823 2212 4895 cordi,
2245 4822 2584 4903 aliquando
2632 4819 2824 4901 capiti
2871 4835 2884 4880 :
2928 4818 3135 4881 cordis
3183 4825 3396 4881 autem
3444 4826 3508 4880 et

2014 4921 2240 5002 capitis
2288 4927 2384 4982 est
2429 4919 2674 5000 corpori
2725 4936 2840 4980 suo
2880 4916 3154 4979 influere
3182 4917 3390 4980 'vitam
3439 4925 3503 4980 et

2013 5028 2258 5082 motum
2301 5036 2373 5080 ac
2416 5016 2976 5080 conservationem.

2093 5116 2426 5180 Durandus
2475 5131 2625 5176 vero
2677 5114 2874 5194 magis
2920 5113 3202 5176 declinat
3251 5114 3330 5177 ad
3379 5115 3500 5179 hoc

2017 5217 2184 5300 quod
2215 5215 2448 5278 coelum
2489 5230 2861 5294 empyreum
2900 5221 3042 5291 agat
3078 5212 3145 5273 in
3176 5212 3496 5277 inferiora.

2016 5314 2306 5395 Dicitque
2349 5313 2560 5394 ipsum
2593 5329 2671 5372 ex
2702 5316 2926 5371 natura
2965 5328 3080 5371 sua
3112 5317 3326 5373 tenere
3367 5331 3506 5394 gra-

3195 5445 3254 5498 11
