4334 6242
882 461 1005 528 320

1586 481 1649 527 m
1690 481 1911 527 mentm
1954 481 1997 526 n
2039 478 2522 526 snmnmufluu.
2567 497 2648 507 —
2687 479 2840 526 ms'r.
2883 481 2961 543 V3
3007 481 3229 537 QUAEsT.
3277 481 3298 526 1

886 651 1116 713 ctando
1145 651 1313 733 quod
1344 650 1466 712 sibi
1498 669 1575 712 ex
1610 651 1787 732 puris
1826 649 2223 712 naturalibus
2255 666 2382 711 non
2413 648 2464 710 A
2496 648 2775 729 primurn
2829 658 3160 732 peccatum
3211 668 3471 712 necesse
3514 655 3611 710 est
3651 649 3854 710 fuisse
3895 666 3996 708 su-

884 748 1320 828 competebat:
1345 749 1496 830 quia
1526 748 1817 811 voluntas
1849 748 1968 810 hoc
1999 753 2383 829 pertractare

885 845 1235 908 intellectui
1269 863 1394 906 non
1427 847 1926 928 praeeepit.Hinc
1960 844 2385 926 pertractatio-

882 963 1032 1006 nem
1070 963 1180 1006 seu
1223 944 1624 1007 collationem
1669 944 2036 1024 hujusmodi
2077 961 2204 1005 non
2245 961 2382 1024 per-

880 1049 1177 1114 tractans,
1220 1041 1652 1123 praelationem
1696 1042 1958 1122 optavit,
1992 1058 2260 1122 eamque
2301 1059 2380 1101 ex

880 1139 1277 1203 naturalibus
1320 1141 1453 1202 suis
1495 1139 1772 1222 assequi,
1807 1147 1871 1200 et.
1906 1139 2087 1221 quasi
2132 1138 2199 1199 in
2241 1155 2382 1219 pos-

880 1239 1229 1302 sessionem
1261 1258 1327 1301 se
1361 1257 1595 1321 ponere
1626 1239 1827 1312 nisus,
1860 1256 1987 1300 non
2025 1237 2271 1298 curavit
2298 1237 2376 1298 de

882 1338 1068 1400 modo
1106 1356 1180 1399 ac
1220 1337 1441 1402 ordine
1481 1336 1881 1420 pertingendi
1920 1335 1999 1397 ad
2034 1335 2230 1397 illam.
2265 1335 2379 1396 Ve-

881 1444 1239 1498 rumtamen
1284 1453 1411 1499 non
1454 1437 1545 1498 sic
1585 1436 1771 1498 istam
1816 1434 2182 1516 concupivit
2223 1453 2376 1515 prae-

880 1534 1204 1608 lationem,
1239 1543 1308 1596 ut
1350 1535 1531 1617 quasi
1580 1553 1707 1597 non
1756 1533 1875 1596 sub
1920 1535 2045 1596 Deo
2088 1551 2229 1595 eam
2274 1551 2378 1595 vo-

881 1633 1068 1696 luerit
1106 1635 1416 1709 obtinere,
1448 1635 1600 1716 quia
1638 1653 1715 1696 ex
1754 1635 2025 1696 naturali
2064 1631 2378 1714 sapientia

878 1732 1066 1793 scivit
1114 1732 1353 1794 nullam
1413 1741 1761 1794 creaturam
1823 1731 2094 1792 naturali
2151 1730 2374 1793 ordine

2493 747 2803 828 perbiam‚
2865 747 2930 809 id
2987 756 3084 810 est
3139 755 3353 810 actum
3411 748 3620 809 euntis
3677 764 3875 828 super
3913 746 3991 807 -id

2492 845 2660 925 quod
2700 844 2824 906 fuit
2861 853 2970 906 aut
3010 845 3255 918 habuit,
3290 846 3410 908 hoc
3443 853 3536 906 est
3566 865 3603 907 a
3633 845 3992 907 ministerio

2491 943 2558 1006 in
2608 943 2989 1017 dominium,
3031 952 3096 1004 et
3135 963 3174 1006 a
3213 945 3519 1006 servitute
3562 943 3743 1026 quasi
3791 943 3860 1004 in
3909 943 3992 1004 al·

2491 1047 2627 1101 tum
2657 1042 3100 1123 exemptionis,
3123 1041 3214 1103 Ex
3242 1041 3365 1104 alia
3398 1060 3546 1104 vero
3578 1048 3754 1122 parte
3783 1041 3988 1102 videri

2491 1146 2698 1220 potest
2727 1139 3010 1221 primum
3048 1140 3208 1202 illud
3249 1148 3580 1222 peccatum
3616 1137 3816 1201 fuisse
3845 1157 3986 1201 ava-

2491 1236 2652 1300 ritiae
2679 1247 2739 1300 et
2770 1236 2924 1299 furti
2955 1246 3146 1320 atque
3177 1239 3650 1322 rapinae,quum
3679 1237 3986 1320 scriptum

2490 1336 2593 1410 sit,
2637 1337 2916 1399 radicem
2957 1338 3246 1400 omnium
3297 1339 3610 1401 malorum
3653 1338 3984 1401 avaritiam
4048 1358 4234 1412 mmm

2489 1453 2646 1496 esse.
2687 1436 3098 1517 Egregiorum
3142 1455 3396 1520 quoque
3444 1456 3611 1498 unus
3653 1437 3985 1499 doctorum
4015 1423 4075 1464 ¹⁰·

2491 1533 2812 1614 perhibuit
2844 1535 3174 1597 avaritiam
3214 1554 3341 1598 non
3382 1536 3588 1599 solum
3623 1554 3762 1598 esse
3795 1555 3987 1616 pecu-

2489 1631 2632 1705 niae,
2665 1633 2775 1694 sed
2813 1634 3004 1694 etiam
3047 1633 3402 1696 altitudinis
3443 1643 3633 1715 atque
3677 1634 3979 1696 scientiae.

2485 1731 2554 1793 In
2607 1731 2833 1794 Genesi
2885 1732 3078 1794 etiam
3138 1733 3368 1814 legitur
3413 1733 3761 1805 evidenter,
3813 1733 3984 1815 quod

878 1839 1063 1911 p'osse
1106 1830 1261 1892 alios
1306 1849 1521 1911 regere
1561 1831 1699 1892 sine
1742 1829 2081 1891 influentia
2118 1829 2374 1891 virtutis
2411 1833 2459 1895 B
2488 1829 2908 1911 promissione
2951 1830 3308 1892 altitudinis
3350 1850 3425 1893 ae
3465 1830 3746 1892 scientiae
3790 1830 3984 1912 primi

878 1929 1146 2009 divinae3
1190 1931 1300 1992 sed
1350 1937 1852 2011 praesumptuose
1902 1927 2168 2010 putavit,
2203 1928 2374 2009 quod

876 2028 1189 2108 generalis
1236 2035 1300 2089 et
1348 2027 1653 2090 naturalis
1703 2028 1814 2090 Dei
1862 2025 2202 2089 influentia
2248 2025 2373 2088 sibi

877 2126 1230 2200 sufficeret,
1264 2133 1327 2188 et
1357 2125 1526 2209 quod
1568 2127 1835 2188 ulterius
1866 2145 1943 2188 ex
1979 2125 2156 2208 puris
2198 2133 2377 2187 natu-

879 2225 1117 2288 ralibus
1155 2224 1415 2288 deberet
1444 2225 1675 2287 habere
1714 2225 1837 2287 alia
1876 2242 2090 2305 regere
2124 2243 2138 2286 :
2173 2242 2375 2306 quum

875 2331 1090 2386 tamen
1122 2324 1241 2386 hoc
1274 2343 1342 2386 se
1370 2331 1777 2406 recepturum
1812 2342 1939 2385 non
1978 2323 2101 2386 nisi
2130 2341 2209 2384 ex
2239 2340 2376 2404 spe-

874 2422 1023 2484 eiali
1074 2423 1240 2485 dono
1287 2421 1397 2484 Dei
1448 2422 1741 2484 debuerit
1789 2420 2158 2503 praestolari,
2213 2429 2276 2483 et
2321 2419 2376 2482 si

874 2521 1039 2582 Deus
1082 2521 1175 2582 sic
1206 2521 1418 2582 vellet.
1455 2521 1600 2582 Ideo
1638 2520 1716 2581 de
1756 2537 1833 2582 eo
1871 2520 2039 2601 quod
2080 2519 2378 2600 concupi-

875 2619 990 2691 vit,
1043 2618 1433 2699 suspendere
1484 2617 1705 2680 debuit
1748 2617 2063 2696 judicium
2114 2617 2376 2679 rationis

872 2717 1359 2798 appetitumque
1407 2715 1773 2790 voluntatiS,
1828 2733 2158 2798 quousque
2219 2735 2376 2798 prae-

873 2823 1133 2896 ceptum
1167 2814 1516 2897 accepisset
1544 2813 1857 2888 divinum,
1891 2814 2058 2876 sicut
2086 2813 2377 2875 fecerunt

872 2912 1083 2993 angeli
1114 2912 1284 2974 boni.
1305 2913 1523 2994 ltaque
1556 2911 1715 2972 nihil
1746 2911 1989 2993 optavit
2020 2910 2374 2973 inordinate

2487 1938 2780 2012 parentes
2809 1930 2888 1992 ad
2920 1932 3313 2012 peccandum
3344 1931 3589 1993 inducti
3621 1938 3789 1992 sunt.
3823 1931 3984 1993 Nam

2485 2028 2726 2090 dictum
2759 2035 2856 2090 est
2885 2029 2978 2091 eis
3012 2046 3026 2091 :
3060 2030 3469 2111 Quacumque
3507 2029 3610 2091 die
3648 2029 3728 2091 de
3767 2027 3982 2090 fructu
4027 2047 4236 2096 εει-ιω.

2487 2126 2596 2188 illo
2628 2127 3052 2200 comederitis,
3075 2128 3253 2189 eritis
3285 2128 3450 2190 sicut
3481 2127 3752 2200 Elohim‚
3786 2127 3988 2189 scien·

2487 2233 2579 2286 tes
2630 2225 2869 2287 bonum
2913 2234 2975 2287 et
3023 2226 3280 2288 malum.
3325 2226 3574 2289 Elohim
3623 2233 3840 2288 autem
3890 2226 3986 2288 in-

2485 2330 2888 2403 terpretatur,
2922 2323 3011 2385 dii
3041 2332 3151 2385 aut
3178 2324 3444 2406 judices.
3481 2325 3642 2405 Ergo
3671 2324 3988 2406 promissa

2485 2429 2579 2483 est
2618 2422 2710 2483 eis
2749 2421 3017 2484 altitudo
3057 2422 3308 2485 deitatis
3347 2430 3456 2485 aut
3481 2422 3836 2502 judiciariae
3875 2440 3988 2504 po·

2485 2518 2748 2580 testatis.
2782 2519 2852 2580 In
2891 2537 2966 2582 eo
2996 2537 3148 2582 vero
3185 2521 3356 2602 quod
3393 2520 3668 2596 additur,
3701 2521 3990 2584 Scientes

2485 2614 2726 2677 bonum
2757 2624 2821 2677 et
2851 2616 3114 2690 malum,
3135 2617 3446 2697 promissa
3474 2624 3570 2679 est
3597 2617 3691 2679 eis
3719 2618 3994 2680 scientia

2484 2713 2636 2775 boni
2667 2722 2730 2775 et
2763 2714 2934 2788 mali,
2969 2732 3096 2776 non
3135 2714 3644 2797 qualiscumque,
3678 2716 3788 2778 sed
3828 2717 3990 2778 emi-

2485 2830 2643 2873 nens
2691 2832 2766 2874 ae
2816 2811 3235 2886 nobilissima,
3287 2832 3487 2894 quum
3537 2813 3602 2876 in
3655 2813 3766 2876 illo
3815 2820 3989 2876 statu

2485 2911 2734 2992 praediti
2793 2917 3005 2973 essent
3053 2920 3115 2973 et
3165 2911 3435 2973 naturali
3495 2910 3644 2973 boni
3704 2929 3778 2973 ac
3832 2911 3990 2972 mali

872 3010 995 3072 nisi
1037 3012 1207 3092 quod
1246 3030 1283 3073 a
1323 3012 1449 3073 Deo
1489 3010 1773 3072 ordinate
1813 3029 1929 3091 per
1964 3009 2232 3090 gratiam
2276 3029 2374 3071 ac·
2412 3018 2455 3082 C
2485 3009 2772 3082 scientia,
2815 3017 2879 3072 et
2929 3009 3080 3071 item
3127 3011 3421 3090 gratuita,
3464 3029 3606 3091 quae
3656 3010 3830 3072 omni
3880 3029 3993 3072 na·

872 3109 1167 3190 cepisset,
1201 3109 1253 3171 si
1287 3108 1618 3170 humiliter
1648 3108 2372 3190 exspectasset—Hinc

869 3226 1107 3269 vanum
1146 3215 1243 3270 est
1282 3207 1515 3280 dicere,
1550 3207 1719 3288 quod
1758 3206 1999 3268 bonum
2043 3205 2372 3287 spirituale

870 3305 1137 3368 visionis
1167 3305 1278 3368 Dei
1310 3311 1419 3367 aut
1448 3304 1721 3384 alicujus
1760 3303 2129 3384 hujusmodi
2160 3323 2238 3366 ex
2270 3324 2373 3367 na-

868 3402 1181 3464 turalibus
1231 3403 1434 3466 voluit
1481 3402 1789 3464 obtinere.
1838 3403 1925 3463 De
1971 3401 2081 3464 tali
2130 3402 2372 3484 quippe

870 3500 1037 3562 bono
1086 3519 1203 3562 nec
1254 3508 1405 3562 tunc
1455 3518 1573 3562 nec
1616 3518 1789 3560 nunc
1830 3499 2111 3581 aliquam
2162 3499 2370 3580 potuit

868 3599 1351 3662 aestimationem
1395 3616 1472 3660 ex
1517 3597 1912 3660 naturalibus
1954 3597 2133 3679 puris
2177 3596 2366 3659 habe-

868 3715 955 3758 re.
988 3732 1069 3748 -·—
1110 3697 1253 3761 Haec
1293 3696 1624 3759 Henricus.

945 3795 1016 3857 In
1068 3794 1255 3875 cujus
1314 3794 1626 3876 positione
1677 3793 1877 3855 multa
1925 3793 2227 3856 dicuntur
2274 3813 2367 3858 se-

866 3893 1148 3955 cundum
1199 3900 1438 3954 ceteras
1486 3891 1626 3974 ejus
1675 3891 2029 3974 opiniones,
2076 3899 2148 3953 ut
2194 3894 2365 3974 quod

866 4009 993 4053 non
1036 3991 1235 4072 possit
1266 4008 1404 4052 esse
1443 4008 1619 4052 error
1657 3989 1724 4051 in
1767 3989 2006 4051 ratione
2044 3996 2154 4051 aut
2188 3989 2365 4052 intel-

867 4089 1057 4163 lectu,
1090 4088 1213 4150 nisi
1246 4089 1557 4170 praecedat
1588 4089 1777 4169 culpa
1806 4087 1871 4148 in
1904 4088 2229 4151 voluntate
2258 4089 2364 4169 (de

865 4207 987 4271 qua
1025 4206 1091 4250 re
1134 4187 1299 4250 infra
1335 4188 1645 4267 dicetur);
1685 4195 1874 4268 atque
1906 4187 2074 4269 quod
2113 4187 2223 4261 ait,
2256 4207 2362 4248 an·
2394 4203 2442 4264 D
2473 4196 2595 4250 stat
2634 4205 2760 4250 non
2802 4187 3164 4250 discordare
3207 4187 3376 4268 quod
3419 4187 3662 4249 dictum
3704 4196 3822 4262 est,
3855 4188 3982 4250 Ini-
4007 4211 4240 4260 socians.

865 4288 1041 4369 gelos
1099 4305 1226 4350 non
1289 4286 1674 4368 appetivisse
1732 4285 2063 4368 spirituale
2122 4286 2363 4348 bonum

866 4387 1131 4448 visionis
1172 4385 1405 4448 divinae
1438 4401 1452 4447 :
1486 4384 1670 4466 cujus
1710 4384 2077 4467 oppositum
2109 4403 2186 4446 ex
2218 4385 2364 4447 Sco-

867 4494 933 4548 to
960 4485 1298 4567 probatum
1328 4492 1441 4546 est.
1471 4484 1599 4546 Nec
1628 4483 1977 4546 verisimile
2009 4501 2169 4556 reor,
2194 4485 2362 4565 quod

870 4585 1123 4648 Creator
1180 4601 1307 4646 non
1368 4582 1869 4646 manifestaverit
1916 4583 2158 4664 angelis
2217 4601 2364 4646 mox

867 4689 937 4744 ut
978 4681 1261 4745 condidit
1298 4698 1428 4755 eoS,
1460 4681 1538 4742 ad
1579 4700 1770 4765 quem
1814 4680 2013 4743 finem
2056 4681 2366 4743 creaverit

868 4781 1039 4862 ipsos
1074 4797 1088 4842 :
1122 4779 1278 4842 alias
1308 4780 1678 4843 viderentur
1706 4782 1783 4842 de
1815 4799 1929 4843 sua
1966 4780 2364 4842 excusabiles

866 4880 1194 4962 pravitate,
1228 4880 1362 4942 Imo
1405 4888 1469 4941 et
1508 4879 1733 4962 primis
1775 4880 2146 4962 parentibus
2190 4898 2365 4943 reve-

866 4981 1020 5043 lavit
1048 4981 1124 5042 ad
1158 4999 1347 5062 quam
1378 4980 1833 5042 beatitudinem
1864 4981 2210 5043 instituerit
2238 4998 2360 5044 eos·

946 5179 1267 5242 Postremo
1316 5175 1687 5238 parisiensis
1746 5175 1911 5238 libro
1959 5177 2240 5240 secundo
2289 5179 2366 5240 de

868 5277 1175 5342 Universo
1210 5295 1223 5340 :
1256 5276 1547 5352 Attende,
1573 5274 1803 5356 inquit,
1826 5275 2364 5356 quemadmodum

2484 3107 2672 3169 turali
2705 3107 2971 3169 scientia
3002 3107 3185 3188 longe
3214 3115 3311 3170 est
3341 3109 3994 3190 praestantior.—An·

2481 3205 2768 3285 gelorum
2818 3223 2968 3286 ergo
3017 3214 3351 3286 peccatum
3406 3225 3532 3268 una
3577 3207 3990 3269 considerati-

2481 3321 2602 3365 one
2647 3302 2782 3365 fuit·
2811 3304 3132 3385 superbia,
3175 3323 3211 3365 a
3253 3305 3678 3386 supereundO,
3721 3305 3844 3367 hoc
3889 3313 3988 3368 est

2479 3399 2559 3461 ab
2603 3401 2812 3462 eundo
2862 3420 3055 3483 super
3099 3401 3163 3464 id
3207 3401 3376 3483 quod
3425 3408 3623 3476 erant,
3655 3409 3766 3462 aut
3811 3402 3987 3483 quod

2479 3497 2796 3560 habebant
2832 3498 2897 3559 in
2938 3497 3336 3560 naturalibus
3367 3497 3614 3560 viribus
3651 3499 3806 3560 suiS.
3842 3499 3986 3561 Alia

2477 3605 2690 3658 autem
2732 3596 3236 3658 consideratione
3267 3595 3388 3657 ruit
3417 3596 3678 3658 avaritia
3715 3615 3831 3658 seu
3873 3616 3982 3659 cu·

2477 3695 2732 3777 piditaS,
2755 3714 2792 3757 a
2822 3694 3139 3776 cupiendo
3174 3713 3287 3756 seu
3317 3694 3622 3776 rapiendo
3651 3696 3823 3776 quod
3855 3695 3984 3760 fuit

2473 3794 2776 3856 alienum.
2809 3793 3144 3855 Vindicare
3189 3811 3464 3874 namque
3512 3800 3622 3855 aut
3663 3812 3980 3876 usurpare

2476 3893 2541 3954 in
2587 3911 2654 3954 re
2699 3891 2905 3953 aliena
2949 3891 3329 3965 dominium,
3363 3891 3429 3952 in
3474 3910 3600 3972 qua
3641 3891 3980 3956 vindicans

2474 4009 2586 4052 seu
2619 4009 2932 4071 usurpans
2975 4007 3100 4052 non
3132 3989 3323 4052 habet
3351 3989 3476 4052 nisi
3517 3990 3978 4066 ministerium,

2474 4089 2775 4171 superbia
2803 4095 2864 4150 et
2893 4088 3158 4150 avaritia
3197 4087 3389 4151 simul
3419 4096 3532 4150 est.
3568 4089 3801 4170 Sicque
3831 4107 3983 4152 con-

2473 4287 2635 4349 tium
2683 4286 2892 4349 omnis
2950 4285 3193 4368 peceati
3253 4284 3554 4367 superbia
3601 4295 3717 4360 est,
3765 4286 3849 4348 ab
3901 4305 3981 4350 eo

2474 4385 2642 4468 quod
2672 4385 2907 4447 dicitur
2935 4404 2950 4449 :
2985 4384 3181 4448 Radix
3211 4384 3502 4447 omnium
3533 4384 3846 4449 malorum
3879 4394 3979 4450 est
4009 4407 4058 4514 ὦ
4080 4407 4259 4470 rimu„

2472 4485 2752 4547 avaritia.

2552 4583 2741 4645 Porro
2789 4580 3090 4664 superbia
3135 4582 3343 4664 angeli
3393 4580 3536 4660 suit,
3589 4581 3758 4666 quod
3809 4583 3981 4646 inor-

2473 4682 2684 4744 dinate
2741 4682 3008 4764 appetiit
3065 4683 3177 4745 Dei
3233 4683 3722 4745 similitudinem
3777 4701 3792 4746 :
3845 4700 3980 4745 non

2473 4780 2643 4843 enirn
2667 4780 3010 4843 verisimile
3033 4790 3147 4856 est,
3161 4781 3327 4862 quod
3351 4781 3621 4864 appetiit
3641 4781 3753 4843 Dei
3779 4801 3986 4864 aequa·

2477 4880 2740 4953 litatem,
2772 4899 2809 4941 a
2851 4898 2978 4960 qua
3018 4899 3096 4942 ex
3143 4880 3504 4943 conditione
3553 4899 3684 4942 suae
3733 4888 3983 4946 naturae

2476 4978 2662 5040 scivit
2724 4997 2790 5040 se
2852 4978 3434 5060 incomparabiliter
3502 4979 3646 5060 plus
3715 4979 3981 5054 distare,

2475 5096 2668 5161 quam
2709 5077 2900 5139 distet
2929 5077 3204 5139 rusticus
3241 5075 3320 5138 ab
3352 5077 3604 5159 imperii
3646 5077 3978 5158 dignitate.

2476 5177 2541 5240 Si
2572 5194 2717 5257 ergo
2746 5176 3022 5238 rusticus
3047 5183 3344 5258 tanquam
3375 5176 3782 5238 stultissimus
3814 5195 3989 5258 sper-

2477 5284 2758 5350 neretur,
2805 5267 2918 5357 qui
2977 5293 3043 5338 se
3100 5275 3182 5337 ad
3230 5275 3603 5355 dignitatem
3663 5274 3984 5355 ingereret
