4334 6242
880 463 1001 529 256

1560 483 1623 530 IN
1664 483 1885 530 LIBRUM
1928 486 1969 530 11
2012 483 2492 531 SENTENTIARUH.
2538 503 2618 514 —·
2659 487 2810 532 nlsT.
2861 486 2966 548 1113
3010 487 3234 542 QUAEST.
3277 485 3314 531 V

962 655 1229 736 Insuper
1278 656 1603 736 quaeritur,
1651 656 1925 737 qualiter
1970 656 2233 737 angelus
2285 674 2383 718 co·
2412 654 2462 719 A
2493 657 2612 718 scit
2673 657 2992 732 inferiora,
3055 657 3336 739 loquitur
3393 657 3575 737 juxta
3631 656 4002 719 doctrinam

882 760 1144 834 gnoscat
1203 755 1552 836 corporalia
1610 763 1673 816 et
1733 753 2053 828 inferiora,
2116 774 2258 836 quae
2317 755 2382 816 in

884 851 1096 932 ipsum
1155 869 1339 932 agere
1398 861 1505 913 aut
1555 853 1834 934 speciem
1893 853 1953 915 ei
2014 852 2383 934 imprimere

882 956 1226 1031 nequeunt.
1273 950 1580 1024 DicimuS,
1624 951 1791 1031 quod
1837 950 2000 1012 sicut
2044 950 2152 1011 lux
2194 950 2384 1012 habet

882 1048 1226 1128 potentiam
1260 1048 1725 1130 multiplicandi
1758 1067 1825 1109 se
1854 1049 1916 1108 in
1951 1048 2220 1109 diversis
2253 1068 2387 1130 par-

879 1145 1053 1208 tibus
1102 1147 1286 1220 aeriS,
1341 1154 1403 1207 et
1451 1147 1643 1208 etiam
1697 1147 1898 1228 ipsam
1950 1147 2229 1227 speciem
2281 1165 2381 1208 co-

884 1243 1105 1323 lorati3
1148 1245 1239 1307 sic
1270 1245 1533 1326 angelus
1564 1265 1763 1327 quum
1796 1245 1885 1306 sit
1918 1245 2155 1319 lumen,
2191 1245 2382 1307 habet

882 1350 1128 1404 tantum
1160 1362 1368 1425 posse,
1394 1353 1463 1405 ut
1493 1344 1899 1405 similitudini
1933 1345 2242 1425 corporali
2276 1344 2381 1407 det

882 1461 1019 1504 esse
1066 1443 1395 1524 spirituale
1437 1463 1509 1504 ac
1556 1442 1980 1523 intelligibile,
2023 1442 2242 1524 sicque
2287 1443 2381 1505 in-

882 1541 1120 1622 telligat
1154 1541 1346 1603 illam.
1382 1542 1528 1603 Ideo
1559 1541 1667 1603 illa
1706 1559 1831 1604 non
1870 1549 2065 1620 agunt
2096 1541 2160 1602 in
2193 1561 2380 1622 ange-

887 1640 1043 1713 lum,
1096 1641 1204 1702 sed
1264 1641 1399 1722 ipse
1462 1641 1671 1721 potius
1730 1641 1858 1721 agit
1908 1641 1973 1701 in
2034 1640 2163 1714 illa,
2215 1641 2381 1702 sicut

884 1738 1164 1800 nobilius
1210 1739 1274 1800 in
1320 1739 1714 1819 ignobiliora.

2491 754 2746 817 illorum
2787 756 2898 836 qui
2937 756 3236 817 dixerunt
3273 757 3584 818 visionem
3628 755 3772 817 fieri
3813 761 4008 816 extra

2494 853 2819 915 mittendo.
2879 853 2954 914 Et
3015 854 3139 915 alia
3196 854 3486 935 quaedam
3545 852 3792 926 scribit,
3849 871 4008 933 quae

2492 949 2899 1030 opinabiliter
2941 958 3090 1012 sunt
3135 951 3392 1032 prolata.
3439 950 3795 1013 Obscurum
3839 967 4010 1030 quo-

2492 1067 2616 1130 que
2665 1049 2936 1123 videtur,
2981 1049 3151 1130 quod
3197 1049 3353 1110 dicit
3399 1048 3693 1128 angelum
3747 1048 4008 1110 malum

2493 1163 2869 1226 cognoscere
2916 1145 3231 1226 justitiam
3280 1146 3632 1209 naturalem
3675 1153 3738 1208 et
3779 1146 4012 1228 acqui·

2491 1245 2677 1305 sitam
2723 1263 2836 1324 per
2877 1245 3157 1326 speciem
3199 1264 3340 1326 quae
3379 1245 3460 1306 sit
3501 1245 3639 1326 ipsa
3677 1264 3801 1318 reS,
3837 1251 4008 1326 puta

2487 1341 2752 1421 justitiae
2798 1343 3074 1418 habituS,
3118 1362 3314 1424 quum
3364 1349 3577 1406 tamen
3625 1344 3877 1406 nullam
3935 1343 4008 1404 in

2491 1459 2556 1502 se
2600 1441 2854 1503 realiter
2891 1441 3208 1522 justitiam
3254 1441 3502 1504 habeat.

2590 1638 2892 1700 Praeterea
2951 1639 3282 1701 Durandus
3343 1639 3512 1702 circa
3568 1639 3701 1702 haec
3761 1639 4006 1701 scribit

2492 1736 2755 1815 prolixe,
2812 1738 3252 1819 respondendo
3309 1739 3385 1800 ad
3445 1739 3585 1813 hoc,
3637 1757 3716 1800 an
3777 1738 4004 1818 angeli

965 1838 1197 1899 Iterum
1238 1838 1562 1919 quaeritur,
1597 1839 1915 1920 quomodo
1956 1838 2219 1919 angelus
2267 1837 2376 1901 bo·
2415 1839 2460 1900 B
2491 1843 2870 1914 cognoscant
2927 1855 3041 1917 per
3087 1837 3428 1899 essentiam
3485 1856 3687 1910 suam,
3740 1856 3823 1899 an
3877 1857 4005 1919 per

883 1956 1003 1997 nus
1046 1955 1118 1997 ac
1163 1937 1366 1998 malus
1412 1946 1791 2018 cognoscant
1834 1936 2087 1999 habitus
2132 1945 2381 1998 natura-

884 2033 973 2095 les
1003 2042 1062 2096 et
1094 2034 1437 2116 acquisitos
1469 2043 1657 2117 atque
1689 2036 2016 2116 gratuitOS‚
2054 2045 2119 2096 ut
2145 2034 2380 2115 justiti-

879 2151 981 2194 am
1025 2133 1375 2194 naturalem
1410 2140 1470 2194 et
1501 2133 1879 2214 acquisitam
1913 2152 1985 2194 ac
2016 2133 2373 2213 gratuitam.

878 2230 1135 2292 Habitus
1162 2251 1435 2313 namque
1462 2240 1929 2313 cognoscuntur
1953 2251 2066 2313 per
2093 2231 2379 2313 proprios

878 2337 1075 2390 actus,
1112 2329 1317 2403 Quum
1355 2329 1548 2410 igitur
1581 2330 1843 2410 angelus
1880 2329 2083 2392 malus
2117 2348 2242 2391 non
2276 2330 2381 2391 ha-

878 2425 1023 2488 beat
1071 2435 1251 2489 actus
1302 2427 1465 2501 illos,
1521 2428 1773 2488 videtur
1820 2428 1989 2508 quod
2050 2427 2191 2489 illos
2251 2446 2376 2490 non

878 2533 1113 2587 noscat.
1149 2525 1524 2599 Dicendum,
1559 2525 1729 2607 quod
1763 2533 2033 2588 noscunt
2059 2525 2376 2605 justitiam

880 2624 1232 2685 naturalem
1266 2631 1327 2684 et
1359 2624 1735 2705 acquisitam
1779 2643 1891 2705 per
1922 2623 2165 2706 species
2205 2643 2372 2697 suaS,

881 2740 1023 2802 quae
1067 2729 1274 2782 tamen
1320 2721 1565 2802 species
1610 2739 1734 2784 non
1784 2730 1931 2782 sunt
1969 2721 2141 2784 aliud
2183 2741 2373 2804 quam

884 2837 984 2880 res
1042 2819 1212 2900 ipsae.
1266 2820 1715 2881 Verumtamen
1765 2821 2117 2882 secundum
2165 2823 2375 2900 Augu-

878 2918 1141 2990 stinum,
1176 2917 1438 2997 angelus
1475 2918 1678 2980 bonus
1712 2918 2033 2998 cognoscit
2061 2918 2374 2998 justitiam

2490 1933 2734 2014 species
2768 1951 2782 1994 ε
2817 1935 2973 2008 Du0,
3010 1935 3327 2015 inquiens,
3360 1943 3509 1997 sunt
3539 1935 3831 1997 videnda.
3857 1935 4004 1997 Pri-

2490 2049 2615 2105 m0,
2651 2034 2968 2114 quomodo
3004 2033 3356 2114 intelligere
3391 2033 3506 2095 l'iat
3537 2034 3601 2095 in
3642 2033 3862 2112 nobis;
3899 2053 4003 2096 se-

2489 2131 2718 2204 cundO,
2753 2132 3069 2212 quomodo
3115 2132 3178 2193 in
3221 2133 3482 2212 angelis,

2581 2231 2667 2291 De
2707 2231 2917 2311 primo
2957 2239 3051 2292 est
3084 2231 3319 2312 duplex
3352 2232 3588 2312 opinio.
3627 2232 3781 2305 Una,
3816 2233 3998 2314 quod

2489 2327 2840 2408 intelligere
2893 2329 2957 2390 in
3018 2329 3202 2391 nobis
3259 2329 3342 2390 sit
3387 2337 3564 2392 actus
3625 2331 4000 2394 intellectus

2487 2427 2810 2489 informati
2871 2446 2984 2508 per
3033 2427 3313 2508 speciem
3369 2429 3460 2490 rei
3513 2449 3526 2492 :
3581 2447 3723 2510 quae
3765 2430 4002 2512 opinio

2484 2525 2737 2586 videtur
2782 2525 3016 2606 inepta,
3051 2524 3201 2606 quia
3243 2526 3596 2587 secundum
3640 2526 3761 2588 hoc
3805 2535 4001 2589 actus

2489 2622 2879 2702 intelligendi
2924 2623 3124 2702 magis
3167 2623 3658 2706 principiaretur
3693 2645 3730 2686 a
3770 2627 4000 2706 specie

2488 2720 2594 2782 illa
2634 2721 3024 2800 intelligibili
3059 2741 3248 2802 quam
3285 2721 3364 2783 ab
3397 2721 3745 2796 intellectu,
3781 2743 3995 2804 quum

2486 2819 2732 2900 species
2777 2819 2886 2880 illa
2929 2827 3095 2880 esset
3139 2819 3318 2900 quasi
3369 2819 3635 2882 formale
3678 2821 4000 2904 principi-

2488 2936 2616 2978 um.
2651 2916 2771 2978 Alii
2815 2917 3057 2990 dicunt,
3092 2917 3259 2998 quod
3300 2918 3654 2999 intelligere
3695 2926 3756 2980 et
3795 2920 4002 2981 senti-

877 3015 1267 3096 speculative
1312 3025 1373 3078 et
1420 3016 1715 3096 practice,
1750 3016 2050 3097 quoniam
2098 3035 2374 3097 praesens
2413 3025 2457 3088 C
2487 3035 2553 3076 re
2603 3035 2716 3096 per
2773 3015 2893 3076 hoc
2953 3015 3160 3076 solum
3223 3013 3386 3076 liunt
3437 3016 3501 3076 in
3551 3017 3758 3090 nobiS,
3811 3020 3998 3099 quod

875 3121 972 3175 est
1022 3113 1086 3175 in
1139 3131 1253 3176 suo
1303 3113 1630 3175 intellectu
1689 3122 1877 3195 atque
1937 3112 2212 3192 aflectu3
2263 3116 2372 3177 sed

878 3212 1084 3274 malus
1136 3212 1524 3294 speculative
1574 3221 1841 3286 tantum,
1893 3213 2186 3275 habendo
2233 3233 2373 3275 eam

876 3310 1192 3391 cognitive
1223 3318 1465 3371 tantum
1506 3311 1570 3371 in
1608 3310 1931 3372 intellectu
1970 3328 1982 3372 :
2017 3311 2236 3392 sicque
2268 3312 2374 3372 ba-

877 3409 985 3471 bet
1024 3428 1161 3470 eam
1208 3409 1559 3470 secundum
1604 3409 1797 3489 quid;
1838 3407 2045 3470 bonus
2085 3428 2235 3471 vero
2273 3429 2378 3471 an-

876 3507 1055 3588 gelus
1095 3506 1284 3568 habet
1323 3525 1463 3568 eam
1509 3507 1905 3588 simpliciter.
1943 3508 2076 3568 lmo
2112 3508 2374 3588 angelus

878 3605 1081 3667 malus
1122 3605 1445 3685 cognoscit
1484 3605 1795 3684 just-itiam
1842 3623 1968 3667 non
2013 3605 2219 3667 solum
2263 3625 2376 3688 per

878 3703 1183 3785 speciem,
1218 3703 1327 3764 sed
1363 3703 1514 3764 item
1552 3721 1665 3783 pcr
1702 3703 2141 3784 privationem.
2179 3704 2241 3766 Si
2275 3724 2377 3767 ve-

875 3819 947 3863 ro
999 3807 1335 3883 quaeratur,
1388 3801 1555 3862 unde
1604 3800 1795 3862 habet
1850 3802 2110 3882 angelus
2169 3803 2374 3865 malus

876 3900 1155 3981 speciem
1194 3899 1459 3980 justitia}
1488 3917 1560 3961 ac
1589 3898 1922 3961 habituum
1964 3908 2319 3963 ceterorum
2356 3920 2370 3965 ε

876 3998 1241 4072 dicendum,
1275 3998 1444 4080 quod
1484 3998 1562 4059 ab
1594 3999 1851 4060 exordio
1892 3999 2229 4062 creationis
2268 4001 2374 4062 da-

872 4106 951 4160 tae
996 4104 1143 4160 sunt
1184 4095 1241 4159 ei
1283 4115 1320 4158 a
1359 4098 1508 4170 Dec,
1542 4115 1659 4158 nec
1704 4115 1809 4159 eas
1854 4097 2067 4159 amisit
2111 4117 2376 4179 peccan-

2486 3112 2811 3192 objectum
2851 3121 3062 3174 movet
3092 3113 3463 3195 potentiam,
3500 3132 3624 3176 non
3665 3116 4000 3178 causando

2487 3211 2550 3271 in
2597 3229 2669 3272 ea
2713 3210 2991 3292 speciem
3041 3210 3321 3292 aliquam
3364 3211 3595 3291 objecti
3643 3231 4000 3293 repraesen-

2486 3309 2766 3380 tativam,
2811 3327 2927 3369 nec
2975 3308 3243 3371 actionis
3291 3309 3661 3384 elicitivam,
3709 3310 3817 3372 sed
3871 3313 4000 3373 iin-

2488 3407 2757 3469 mediate
2797 3407 3114 3469 causando
3150 3406 3360 3488 ipsum
3404 3407 3756 3488 intelligere
3789 3417 3997 3491 atque

2485 3505 2738 3567 sentire.
2776 3504 2935 3566 Illud
2967 3505 3136 3567 enim
3179 3505 3254 3566 ad
3287 3506 3474 3586 quod,
3497 3507 3738 3588 aliquid
3777 3526 3844 3569 se
3881 3509 3998 3572 ha-

2486 3604 2592 3665 bet
2625 3603 2688 3665 in
2730 3603 3033 3684 potentia,
3067 3602 3142 3664 fit
3170 3611 3317 3665 actu
3357 3604 3420 3666 in
3464 3605 3602 3686 ipso
3641 3605 3721 3666 ab
3755 3615 3997 3687 agente

2484 3702 2980 3784 proportionatO,
3022 3709 3086 3763 et
3129 3721 3252 3764 non
3303 3721 3418 3784 per
3464 3703 3672 3782 aliud3
3715 3704 3822 3766 sed
3877 3723 4000 3787 po-

2487 3800 2682 3863 tentia
2731 3800 3212 3882 apprehensiva,
3258 3809 3326 3862 ut
3367 3819 3590 3863 sensus
3633 3810 3696 3863 et
3739 3803 3999 3867 intelle-

2485 3897 2864 3969 ctus‚solum
2897 3907 2992 3960 est
3025 3899 3088 3960 in
3119 3899 3401 3980 potentia
3429 3900 3507 3961 ad
3537 3902 3999 3982 apprehensio-

2483 4016 2630 4058 nem
2667 4016 2680 4060 :
2713 4014 2862 4077 ergo
2904 4015 3019 4078 per
3060 3996 3384 4078 objectum
3429 3999 3994 4080 proportionatum

2483 4095 2697 4158 sensui
2745 4101 2855 4156 aut
2898 4094 3270 4170 intellectui,
3316 4096 3522 4158 solum
3571 4096 3648 4158 fit
3693 4097 3757 4159 in
3805 4107 3990 4162 actu.

872 4197 989 4276 do;
1031 4203 1093 4258 et
1138 4215 1243 4258 eas
1293 4195 1547 4268 habere,
1590 4203 1683 4257 est
1729 4195 1786 4257 ei
1836 4214 2039 4276 poena.
2074 4232 2155 4241 —-
2185 4198 2374 4259 Porro
2405 4201 2454 4263 D
2561 4193 2794 4255 Verum
2838 4200 2904 4254 ut
2939 4191 3166 4254 horum
3198 4193 3430 4256 veritas
3472 4194 3703 4257 clarius
3743 4204 3990 4278 pateat,

871 4295 948 4357 de
986 4294 1235 4375 justitia
1272 4302 1519 4374 gratum
1559 4293 1833 4356 faciente
1873 4293 2168 4368 dicimus,
2204 4297 2371 4377 quod

872 4392 1129 4472 angelus
1162 4392 1364 4453 bonus
1392 4410 1528 4453 eam
1553 4393 1873 4472 cognoscit
1904 4412 2015 4473 per
2045 4413 2110 4454 se
2145 4394 2370 4475 ipsam3

872 4491 1078 4553 malus
1138 4507 1288 4552 vero
1345 4509 1460 4572 per
1518 4491 1658 4570 ejus
1716 4489 2043 4564 effectum,
2096 4492 2372 4555 videndo

868 4589 1141 4671 gratuita
1181 4607 1393 4670 opera,
1428 4607 1569 4670 quae
1599 4597 1662 4651 et
1692 4590 1990 4652 subtilius
2029 4609 2101 4652 ac
2145 4591 2369 4671 majori

870 4687 1261 4770 experientia
1301 4687 1470 4749 videt
1515 4707 1705 4769 quam
1749 4688 2063 4763 homineS,
2100 4699 2162 4751 ut
2209 4709 2372 4752 asse-

871 4787 955 4849 rit
1000 4787 1390 4868 Augustinus
1451 4786 1613 4850 libro
1672 4788 1749 4848 de
1804 4787 2199 4849 Divinatione
2252 4788 2371 4850 dae-

872 4905 1155 4950 monum.
1210 4887 1485 4948 Gratiam
1545 4893 1756 4946 autem
1816 4904 1943 4947 non
2003 4886 2198 4959 videt,
2252 4905 2368 4948 nec

870 5003 985 5068 per
1027 5002 1093 5046 se
1136 4984 1361 5066 ipsam,
1395 5002 1511 5045 nec
1544 5002 1657 5064 per
1696 4985 1974 5063 speciem
2012 5003 2025 5047 :
2063 4985 2212 5066 quia
2251 5003 2368 5046 nec

867 5083 1007 5165 ejus
1055 5082 1415 5144 intellectus
1460 5101 1576 5144 nec
1616 5081 1757 5163 ejus
1799 5081 2069 5144 alsectus
2108 5092 2202 5145 est
2243 5085 2370 5146 dei-

870 5182 1115 5246 formis.
1152 5217 1233 5227 ——
1264 5181 1404 5244 Haec
1448 5181 1663 5243 omnia
1702 5181 2074 5244 Alexander.

950 5282 1065 5358 Qui
1098 5280 1514 5364 exprimendo
1547 5280 1818 5366 qualiter
1848 5281 2028 5360 angel
2040 5301 2109 5342 us
2142 5299 2368 5362 cogno·

2481 4291 2812 4354 sciendum
2860 4291 3028 4373 quod
3074 4292 3426 4372 intelligere
3467 4301 3530 4355 et
3571 4295 3805 4356 sentire
3846 4314 3995 4360 non

2482 4391 2702 4453 dicunt
2745 4390 2986 4471 aliquid
3031 4390 3198 4453 reale
3240 4392 3718 4473 superadditum
3763 4403 3998 4476 poten-

2482 4491 2584 4552 tiae
2624 4490 2941 4552 sensitivae
2977 4497 3038 4552 et.
3072 4490 3497 4564 intellectivae,
3531 4491 3772 4555 faciens
3809 4509 3996 4557 com·

2482 4588 2862 4670 positionem
2905 4588 3157 4651 realem.
3193 4589 3348 4650 Nam
3388 4598 3566 4650 actus
3607 4590 3850 4672 primus
3883 4602 3996 4656 est

2481 4690 2706 4762 forma,
2742 4696 2809 4748 ut
2854 4688 3214 4750 intellectus
3260 4687 3326 4749 in
3370 4689 3651 4763 homine,
3695 4699 3758 4752 et
3806 4691 3996 4755 calor

2480 4787 2544 4847 in
2585 4785 2746 4864 igne.
2783 4787 2974 4847 Actus
3007 4803 3157 4847 vero
3193 4786 3508 4848 secundus
3543 4795 3638 4848 est
3668 4790 3986 4870 operatio,

2478 4893 2548 4946 ut
2606 4885 2958 4965 intelligere
3015 4893 3077 4946 et
3135 4885 3358 4946 calere.
3412 4884 3705 4966 Operatio
3760 4893 3988 4950 autem

2480 4987 2701 5050 formae
2759 5004 2886 5048 non
2945 4992 3152 5066 potest
3205 5004 3342 5048 esse
3395 4984 3475 5047 ab
3527 5004 3601 5047 ea
3651 4985 3984 5064 distincta,

2478 5105 2619 5168 quae
2649 5093 2744 5147 est
2774 5093 2952 5146 actus
2995 5084 3240 5166 primus
3277 5101 3290 5145 ε
3325 5082 3475 5165 quia
3503 5091 3657 5146 tunc
3691 5087 3988 5166 operatio

2477 5204 2604 5248 non
2636 5191 2802 5246 esset
2831 5191 3008 5244 actus
3039 5182 3378 5256 secunduS,
3402 5181 3511 5244 sed
3542 5183 3807 5264 primus
3834 5184 3988 5247 For—

2479 5302 2582 5345 ma
2622 5301 2896 5366 namque
2931 5299 3372 5366 quaecumque,
3407 5280 3842 5345 substantialis
3871 5283 3986 5348 vel
