4334 6242
1361 525 1539 574 unna
1579 525 1626 573 ιι
1667 523 2165 575 samam-ninum„
2195 528 2277 555 ·—-
2316 525 2469 574 msr.
2509 523 2576 572 11
3403 502 3520 570 541

501 769 574 834 C.
629 773 1036 844 Confirmat
1077 790 1310 838 unum
1346 779 1693 852 anaetum
1721 778 2066 849 pluribus
2108 779 2525 840 hominibus
2570 776 2942 850 deputari,
2982 777 3135 837 sive
3179 777 3432 848 simul,

1444 895 1598 956 sive
1657 893 2110 966 temporibus
2155 895 2491 956 diversis.

545 1109 834 1190 Ideoque
874 1110 1005 1174 dici
1043 1111 1322 1192 oportet,
1365 1129 1573 1175 unum
1613 1114 2050 1195 eumdemque
2087 1114 2420 1195 angelum,
2461 1113 2711 1177 bonum
2748 1114 2854 1178 vel
2898 1113 3173 1194 malum,
3220 1110 3525 1194 pluribus

409 1224 796 1288 hominibus
852 1225 1152 1307 deputari
1209 1225 1290 1290 ad
1347 1228 1714 1291 custodiam
1763 1229 1868 1292 vel
1927 1229 2010 1292 ad
2063 1230 2475 1311 exercitium,
2528 1231 2669 1295 sive
2728 1231 2961 1297 eodem
3011 1233 3329 1312 tempore,
3382 1229 3523 1292 sive

411 1341 690 1404 diversis
728 1342 1158 1424 temporibus,
1202 1343 1358 1407 Ideo
1397 1345 1617 1408 autem
1661 1345 1968 1426 dicimus,
2011 1347 2243 1410 eodem
2280 1349 2575 1430 tempore
2612 1347 2719 1411 vel
2769 1347 3049 1413 diversis
3085 1341 3520 1429 temporibus,
3602 1409 3606 1412 .

409 1459 568 1539 quia
619 1458 881 1522 videtur
918 1459 1337 1540 quibusdam,
1380 1461 1559 1542 quod
1605 1478 1836 1526 omnes
1871 1462 2178 1526 homines
2215 1463 2332 1545 qui
2383 1465 2539 1527 sunt
2574 1463 2776 1528 simul
2828 1464 2897 1526 in
2938 1463 3160 1544 aliquo
3198 1453 3520 1545 tempore,

409 1575 656 1655 singuli
700 1574 998 1656 singulos
1045 1575 1313 1657 angelos
1367 1576 1606 1641 habere
1669 1579 1972 1660 possunt,
2011 1578 2223 1642 honos
2277 1578 2382 1643 vel
2435 1580 2648 1646 malos
2689 1600 2703 1641 :
2748 1581 2905 1662 quia
2944 1581 3107 1666 licet
3166 1579 3379 1661 major
3434 1580 3524 1642 sit

407 1707 726 1754 numerus
771 1690 1145 1772 hominum,
1190 1693 1589 1775 computatis
1640 1694 1710 1756 in
1755 1712 1963 1757 unum
2014 1694 2323 1759 omnibus
2375 1696 2488 1777 qui
2542 1696 2807 1760 fuerunt
2862 1697 2927 1760 et
2981 1698 3138 1760 sunt
3192 1695 3258 1760 et
3312 1695 3521 1759 futuri

407 1807 586 1887 sunt,
634 1824 836 1887 quam
873 1807 1256 1888 angelorum
1294 1829 1308 1870 ε
1342 1810 1563 1874 tamen
1612 1811 1770 1892 quia
1815 1812 2120 1875 homines
2175 1811 2639 1876 decedentibus
2693 1813 3079 1877 hominibus
3132 1814 3515 1896 succedunt,

407 1923 472 1985 et
502 1921 652 1985 ideo
690 1940 1031 2005 nunquam
1069 1925 1275 1988 simul
1305 1929 1462 1990 sunt
1499 1927 1568 1989 in
1609 1927 1732 1991 bac
1770 1928 1929 2008 vita,
1965 1929 2181 2010 angeli
2210 1946 2364 1992 vero
2401 1947 2741 2010 nunquam
2779 1931 3125 2011 decedunt,
3158 1931 3273 1994 sed
3314 1931 3517 1996 simul

406 2055 638 2102 omnes
684 2039 875 2120 sunt3
923 2039 1070 2104 ideo
1109 2058 1253 2105 esse
1297 2043 1516 2122 potest
1548 2044 1627 2105 ut
1661 2044 1907 2124 singuli
1943 2043 2319 2126 hominum,
2350 2045 2511 2108 dum
2550 2046 2621 2110 in
2666 2047 2789 2110 hac
2824 2047 2964 2110 vita
3008 2049 3185 2129 sunt,
3218 2049 3519 2130 singulos

404 2153 690 2219 habeant
718 2156 986 2236 angelos
1012 2156 1224 2220 bonos
1253 2157 1357 2221 vel
1382 2158 1593 2222 malos
1615 2159 1698 2222 ad
1726 2161 1832 2223 sui
1862 2161 2231 2224 custodiam
2249 2162 2357 2226 vel
2386 2163 2773 2227 exercitium
2803 2163 3186 2228 destinatos,
3212 2164 3519 2231 Ceterum

405 2272 547 2335 sive
586 2272 676 2335 ita
705 2273 815 2353 sit,
839 2273 980 2338 sive
1007 2290 1314 2354 non,non
1343 2277 1444 2338 est
1469 2275 1928 2357 dubitandum,
1958 2295 2504 2360 unumquemque
2539 2279 2779 2345 babere
2808 2281 3115 2362 angelum
3152 2282 3279 2346 sibi
3309 2283 3518 2364 depu-

405 2389 644 2470 tatum,
684 2389 826 2454 sive
861 2388 1166 2471 pluribus
1203 2390 1405 2454 simul
1441 2392 1808 2457 destinatus
1838 2393 1948 2474 sit,
1988 2395 2129 2458 sive
2164 2395 2287 2458 uni
2322 2396 2761 2476 singulariter.
2802 2397 2939 2460 Nec
2976 2398 3075 2461 est
3112 2398 3512 2480 mirandum,

404 2521 618 2568 unum
645 2505 952 2587 angelum
982 2505 1285 2587 pluribus
1306 2506 1692 2572 hominibus
1718 2509 1801 2572 ad
1828 2511 2200 2584 custodiam
2219 2511 2543 2592 deputari,
2566 2530 2777 2594 quum
2804 2513 2922 2576 uni
2945 2513 3200 2577 homini
3224 2515 3515 2596 plurium

407 2622 706 2686 custodia
752 2622 1124 2704 deputetur,
1174 2623 1268 2688 ita
1303 2625 1380 2688 ut
1427 2642 1658 2689 eorum
1693 2627 1976 2710 quisque
2026 2645 2226 2692 suum
2273 2628 2532 2692 dicatur
2565 2628 2804 2694 habere
2842 2630 3187 2698 dominum
3226 2631 3330 2696 vel
3370 2633 3513 2715 epi-

405 2755 681 2819 scopum
730 2738 837 2804 vel
883 2739 1206 2804 abbatem.

832 2981 915 3044 D.
985 2985 1247 3048 Utrum
1293 2988 1544 3062 anam
1589 2989 1993 3060 proficiant
2045 2991 2126 3051 in
2169 2991 2440 3052 merito
2488 2994 2603 3053 vel
2650 2993 2729 3054 in
2775 2963 3109 3066 proemio'

1546 3119 1772 3180 usque
1828 3109 1927 3168 ad
1971 3107 2367 3178 judicium.

539 3322 864 3386 Praeterea
898 3322 1064 3386 illud
1113 3324 1511 3388 considerari
1549 3327 1830 3407 oportet,
1864 3328 2087 3391 utrum
2131 3327 2347 3408 angeli
2384 3328 2539 3392 boni
2578 3329 2646 3391 in
2696 3328 2969 3411 praemio
3017 3330 3124 3394 vel
3160 3331 3229 3394 in
3276 3332 3511 3396 merito

401 3414 750 3519 proficiant
787 3456 995 3520 usque
1039 3439 1121 3502 ad
1151 3439 1505 3520 judicium.
1549 3441 1741 3516 Quod
1780 3442 1848 3504 in
1897 3443 2152 3506 meritis
2200 3444 2568 3525 proficiant,
2609 3446 2806 3526 atque
2853 3446 3149 3527 quotidie
3188 3448 3400 3528 magis
3436 3465 3512 3512 ac

401 3553 614 3634 magis
671 3556 1066 3636 mereantur,
1099 3554 1519 3637 quibusdam.
1546 3558 1811 3622 videtur
1863 3576 1946 3622 ex
2001 3576 2078 3623 eo
2139 3560 2297 3640 quia
2352 3561 2645 3641 quotidie
2706 3562 3057 3626 hominum
3114 3563 3511 3627 utilitatibus

399 3671 790 3752 inserviunt,
822 3688 1185 3753 eorumque
1221 3673 1625 3754 profectibus
1660 3675 1947 3739 student.
1989 3674 2248 3749 Quibus
2286 3677 2484 3740 etiam
2519 3678 2729 3741 nihilo
2758 3679 2981 3742 minus
3016 3679 3299 3760 videtur,
3332 3680 3512 3761 quod

401 3789 466 3852 et
511 3789 580 3851 in
630 3789 907 3870 praemio
962 3791 1329 3872 proficiant,
1376 3790 1626 3855 scilicet
1680 3792 1750 3854 in
1799 3792 2172 3873 cognitione
2226 3794 2292 3856 et
2346 3794 2695 3858 dilectione
2746 3795 2895 3858 Dei.
2944 3794 3132 3858 Licet
3186 3796 3389 3875 enim,
3435 3798 3511 3859 ut

398 3906 609 3985 aiunt,
649 3907 719 3968 in
757 3907 1253 3971 confirmatione
1299 3906 1775 3972 beatitudinem
1813 3909 2183 3990 acceperint
2219 3911 2531 3974 aeternam
2580 3911 2775 3992 atque
2810 3911 3192 3993 perfectam,
3233 3915 3510 3994 augetur

397 4025 622 4086 tamen
650 4024 1212 4105 quotidie'eorum
1241 4024 1601 4103 beatitud0,
1643 4025 1800 4105 quia
1835 4025 2048 4106 magis
2075 4042 2151 4088 ac
2181 4026 2393 4107 magis
2423 4026 2709 4107 diligunt
2736 4029 2931 4108 atque
2964 4031 3401 4110 cognoscunt-3
3443 4030 3517 4092 et

399 4141 500 4205 est
536 4158 766 4204 eorum
814 4142 1071 4223 caritaS,
1113 4159 1245 4222 qua
1279 4142 1496 4206 Deum
1549 4143 1615 4204 et
1661 4159 1784 4204 nos
1822 4141 2128 4223 diligunt,
2169 4142 2237 4205 et
2273 4142 2584 4206 meritum
2622 4145 2687 4206 et
2722 4145 3073 4225 praemium
3115 4166 3130 4207 ε
3165 4147 3501 4227 meritum,

400 4258 556 4338 quia
592 4276 710 4339 per
737 4275 883 4322 eam
913 4260 978 4323 et
1004 4276 1121 4340 per
1155 4258 1472 4340 obsequia
1499 4276 1582 4322 ex
1619 4275 1696 4323 ea
1730 4257 1922 4322 nobis
1959 4258 2260 4340 impensa
2296 4260 2651 4340 merentur,
2672 4260 2736 4323 et
2770 4261 2840 4322 in
2868 4259 3272 4327 beatitudine
3300 4263 3503 4344 profi-

399 4373 626 4457 ciunt3
667 4375 732 4438 et
768 4375 913 4456 ipsa
959 4375 1189 4439 eadem
1225 4376 1325 4438 est
1368 4374 1743 4455 praemium,
1795 4373 1952 4454 quia
1998 4391 2074 4438 ea
2118 4373 2293 4438 beati
2339 4376 2515 4438 sunt.

1063 4619 1142 4682 E.
1190 4619 1778 4683 Auctoritatibus
1827 4620 2273 4692 confirmant
2317 4624 2507 4696 quod
2552 4621 2824 4686 dicunt.

525 4842 612 4907 Et
647 4843 826 4924 quod
860 4843 1077 4924 angeli
1115 4841 1459 4924 proficiant
1505 4841 1575 4904 in
1613 4842 2010 4924 cognitione,
2052 4859 2128 4906 ac
2173 4857 2291 4924 per
2327 4843 2453 4906 hoc
2500 4843 2570 4907 in
2620 4844 3048 4927 beatitudine,
3098 4847 3499 4914 testimoniis
3526 4866 3789 4928 nugas-m

392 4959 784 5026 Sanctorum
820 4961 1230 5023 confirmant.
1269 4959 1448 5022 Dicit
1490 4959 1666 5022 enim
1704 4959 1912 5022 Isaias
1949 4976 2032 5022 ex
2068 4977 2349 5040 persona
2384 4960 2768 5042 angelorum
2805 4961 3049 5025 Christi
3090 4964 3499 5030 ascendentis
3525 4933 3785 5048 2:0‘32‘3

393 5078 950 5158 magnificentiam
987 5076 1456 5140 admirantium
1492 5095 1506 5138 :
1542 5075 1708 5149 Quis
1755 5078 1854 5140 est
1883 5077 2008 5140 iste
2044 5077 2159 5156 qui
2197 5077 2379 5140 venit
2417 5078 2498 5140 de
2544 5077 2780 5158 Edom,
2813 5078 3037 5142 tinctis
3073 5079 3368 5144 vestibus
3417 5081 3497 5145 de
3534 5108 3600 5153 ι..
3622 5123 3731 5163 mn,
3751 5116 3789 5156 ¹,

393 5193 645 5258 Bosra?
673 5194 759 5257 Et
785 5194 854 5255 in
883 5192 1148 5256 Psalmo
1183 5211 1199 5253 ε
1235 5192 1400 5266 Quis
1429 5194 1529 5256 est
1557 5192 1682 5255 iste
1719 5209 1837 5255 rex
1863 5189 2141 5272 gloriae?
2169 5191 2274 5254 Ex
2302 5191 2544 5272 quibus
2580 5194 2870 5274 apparet,
2899 5194 3077 5274 quod
3104 5197 3497 5276 mysterium
3532 5225 3608 5270 1²2„
3619 5231 3787 5282 „.„‚3,

397 5309 600 5374 Verbi
635 5309 954 5374 incarnati
989 5309 1250 5391 plenius
1286 5308 1734 5390 cognoverunt
1778 5307 1994 5390 angeli
2042 5308 2195 5389 post
2239 5307 2693 5389 impletionem
2730 5326 2930 5391 quam
2980 5313 3152 5376 ante.
3197 5311 3283 5375 Et
3327 5312 3511 5408 sicut⁸
3528 5289 3593 5332 ¹⁰·
