4334 6242
1349 502 1437 550 AN
1476 504 1661 551 AEvtm
1698 504 1987 553 lausum
2028 505 2121 551 SIT
2160 504 2528 553 ANGnLoRmt

3372 480 3490 547 137

387 667 755 751 subjectum
802 671 921 736 aevi
972 672 1055 735 sit
1098 672 1379 755 primum
1429 673 1782 749 immobile,
1823 673 1887 736 id
1916 674 1969 736 A
2000 674 2163 738 sime
2207 682 2536 758 sumptum
2575 683 2638 737 et
2675 693 2882 739 aevum
2925 672 3118 736 simul
3161 670 3490 735 duratione

387 774 491 830 est
518 768 755 832 coelum
794 789 1192 853 empyreum,
1225 770 1395 854 quod
1434 778 1531 835 est
1566 772 1891 836 continen-

384 866 483 929 tia
521 868 812 931 omnium
854 876 1309 944 creaturarum,
1352 870 1417 932 id
1460 878 1557 933 est
1594 870 1886 934 omnium

386 964 749 1029 visibilium
790 974 853 1029 et
896 966 1340 1030 invisibilium.

473 1062 707 1136 Quaerit
754 1082 1009 1147 quoque
1066 1066 1284 1128 Petrus
1333 1065 1461 1140 hic,
1504 1085 1586 1129 an
1636 1066 1719 1129 sit
1766 1066 1891 1128 alia

390 1179 693 1225 mensura
734 1171 943 1225 creata
985 1172 1215 1245 praeter
1255 1172 1509 1247 tempus
1550 1171 1616 1227 et
1656 1184 1885 1227 aevum.

388 1260 751 1342 Respondet
802 1280 817 1323 :
868 1263 1145 1345 Tempus
1203 1262 1647 1345 multipliciter
1695 1263 1889 1326 sumi-

388 1366 517 1419 tur.
572 1358 780 1423 Primo
827 1359 1373 1436 communissima,
1427 1379 1542 1443 pro
1594 1380 1892 1423 mensura

390 1456 859 1539 cujuscumque
888 1460 1280 1535 mutationiS,
1294 1460 1429 1523 sive
1457 1459 1739 1533 actualis,
1754 1459 1889 1523 sive

388 1555 720 1637 possibilis
768 1558 995 1620 solum.
1048 1558 1280 1641 Sicque
1326 1558 1641 1642 accipitur
1688 1577 1889 1641 quum

388 1653 630 1716 dicitur
658 1674 859 1718 unum
890 1657 967 1719 de
996 1664 1268 1739 quatuor
1298 1658 1671 1731 concreatiS,
1700 1657 1763 1718 id
1793 1662 1890 1717 est

390 1754 767 1835 coaequaevis
800 1772 815 1815 :
851 1754 943 1817 sic
974 1754 1145 1817 enim
1178 1754 1627 1838 complectitur
1654 1772 1883 1817 aevum.

1997 773 2278 836 fuerunt.

2076 872 2425 935 Richardus
2454 872 2715 934 demum
2757 871 2820 933 in
2860 871 2978 933 hac
3008 870 3355 953 quaestione
3385 888 3492 951 pa-

1998 988 2261 1051 rumper
2302 970 2382 1033 ab
2427 969 2706 1032 inductis
2747 969 3000 1032 videtur
3044 968 3360 1041 recedere,
3402 966 3494 1028 di-

1999 1087 2149 1131 cens
2201 1090 2216 1133 :
2267 1070 2402 1133 Non
2453 1070 2546 1132 sic
2593 1077 2800 1151 potest
2846 1069 2972 1131 dici
3030 1087 3233 1131 unum
3283 1085 3491 1132 aevum

1997 1168 2288 1231 omnium
2321 1168 2792 1242 aeviternorum,
2811 1168 2978 1230 sicut
3006 1186 3207 1230 unum
3237 1173 3491 1247 tempus

1997 1266 2288 1329 omnium
2334 1268 2805 1351 temporalium,
2857 1265 3149 1349 quamvis
3197 1264 3488 1328 omnium

1998 1366 2470 1435 aeviternorum‚
2517 1366 2740 1429 saltem
2789 1363 3242 1448 spiritualium,
3285 1362 3491 1424 valeat

1998 1462 2213 1545 aliquo
2243 1464 2429 1526 modo
2458 1464 2584 1526 dici
2621 1484 2822 1526 unum
2854 1482 3081 1526 aevum.
3114 1461 3272 1524 Nam
3309 1459 3492 1539 juxta

1998 1560 2366 1643 praehabita,
2407 1568 2660 1642 tempus
2704 1569 2799 1625 est
2841 1557 3232 1623 continuatio
3281 1563 3490 1619 motus

1997 1666 2329 1720 numerata
2364 1658 2444 1721 ab
2481 1658 2716 1733 anima,
2749 1678 2875 1741 qua
2901 1659 3106 1740 (motu
3151 1656 3488 1729 mediante,

1999 1756 2185 1836 cujus
2224 1756 2434 1839 passio
2471 1765 2567 1819 est
2603 1758 2886 1839 tempus)
2925 1762 3250 1819 mensurat
3281 1754 3494 1817 anima

389 1850 685 1913 Secundo
720 1852 998 1914 sumitur
1039 1853 1251 1915 minus
1292 1852 1739 1925 communiter,
1774 1868 1888 1933 pro
1923 1852 1973 1915 B
2000 1854 2364 1917 durationes
2395 1862 2679 1917 motuum
2707 1854 3368 1919 aliorum.Mensurare
3396 1871 3495 1913 au·

390 1968 693 2012 mensura
724 1949 1071 2031 cujuslibet
1100 1951 1363 2030 actualis
1396 1949 1789 2023 mutationiS,
1813 1950 1891 2011 si-

389 2066 471 2111 ve
498 2046 585 2109 sit
611 2048 843 2121 subita,
876 2049 1009 2112 sive
1047 2048 1426 2111 successiva.
1462 2048 1691 2130 Sicque
1721 2048 1888 2110 Deus

386 2146 627 2207 dicitur
656 2145 929 2227 coepisse
968 2146 1275 2209 Dominus
1302 2166 1443 2210 esse
1472 2166 1548 2209 ex
1579 2153 1884 2228 tempore.

386 2242 601 2306 Tertio
630 2244 911 2326 proprie,
945 2262 1059 2325 pro
1091 2263 1389 2307 mensura
1424 2243 1889 2325 cujuscumque

385 2341 657 2403 actualis
691 2342 1063 2405 mutationis
1096 2342 1495 2415 successivae,
1528 2341 1663 2403 sive
1695 2340 1892 2403 cont-i-

387 2458 557 2512 nuae,
590 2438 725 2501 sive
764 2458 913 2503 non.
950 2440 1024 2501 Et
1063 2439 1151 2501 ita
1188 2440 1540 2502 secundum
1580 2438 1889 2520 quosdam

386 2536 616 2599 asserit
645 2536 1059 2618 AugustinuS,
1091 2538 1263 2619 quod
1303 2538 1467 2599 Deus
1510 2543 1719 2600 movet
1759 2552 1889 2597 cre-

386 2641 639 2696 aturam
700 2635 1099 2717 spiritualem
1159 2654 1274 2717 per
1330 2642 1605 2717 tempuS.
1656 2633 1888 2707 Quarto

387 2730 855 2815 propriissime,
891 2749 1005 2814 pro
1044 2752 1344 2795 mensura
1384 2732 1753 2795 mutationis
1791 2751 1889 2794 ac-

385 2829 579 2892 tualis
610 2830 1009 2905 successivae,
1030 2831 1367 2905 continuae,
1392 2839 1456 2893 ct
1484 2839 1714 2913 praeter
1741 2840 1891 2894 tem·

384 2948 529 3011 pus.
574 2929 679 2992 Sic
724 2936 1076 3011 sumptum,
1118 2938 1215 2992 est
1259 2950 1553 2992 mensura
1598 2930 1723 2992 alia
1763 2950 1891 3012 qua

2000 1961 2130 2015 tem
2175 1953 2572 2015 durationem
2617 1953 2808 2015 unius
2857 1961 3066 2015 motus
3113 1970 3229 2034 per
3267 1951 3489 2025 alium,

2000 2058 2202 2113 estex
2234 2052 2704 2133 comparatione
2744 2060 2954 2114 motus
2992 2051 3186 2113 unius
3225 2050 3302 2113 ad
3345 2050 3494 2112 alte-

1999 2168 2144 2211 rum
2191 2149 2532 2212 certificari
2573 2151 2649 2212 (16
2689 2150 3018 2214 duratione
3059 2149 3322 2212 alterius
3367 2167 3496 2211 mo-

2002 2254 2105 2310 tus
2148 2267 2162 2311 :
2205 2248 2741 2329 quemadmodum
2790 2266 3156 2311 mensurare
3205 2266 3491 2331 pannum

2003 2365 2115 2428 per
2152 2346 2395 2420 ulnam,
2429 2354 2525 2409 est
2561 2364 2640 2408 ex
2678 2348 3145 2429 comparatione
3185 2346 3496 2428 quantita-

2000 2444 2082 2506 tis
2127 2443 2319 2526 panni
2363 2444 2442 2506 ad
2482 2444 2897 2526 quantitatem
2942 2445 3110 2509 ulnae
3151 2444 3494 2507 certificari

2000 2541 2079 2603 de
2112 2542 2304 2622 panni
2344 2540 2518 2603 illius
2559 2542 2923 2623 quantitate.
2957 2542 3152 2621 Major
3181 2560 3332 2605 vero
3367 2560 3496 2604 cer-

2001 2638 2209 2701 titudo
2267 2638 2536 2701 habetur
2583 2640 2660 2701 de
2709 2658 2776 2701 re
2827 2659 2941 2721 per
2987 2657 3242 2701 causam
3300 2659 3491 2721 quam

2002 2756 2117 2819 per
2173 2736 2500 2811 effectum,
2552 2746 2742 2820 atque
2799 2756 2912 2820 per
2970 2737 3242 2820 simplex
3302 2758 3492 2821 quam

2001 2854 2116 2918 per
2162 2836 2609 2917 compositum.
2659 2834 2818 2899 Hinc
2866 2836 3076 2898 unitas
3125 2836 3356 2900 certior
3402 2845 3498 2899 est

2000 2952 2302 2996 mensura
2328 2952 2520 3015 quam
2549 2953 2875 2997 numerus
2892 2932 3214 2997 Certitudo
3243 2952 3496 3015 quoque

384 3034 843 3090 mensurantur
870 3026 1245 3090 affectiones
1274 3028 1739 3109 angelorum,et
1770 3048 1890 3109 qua
1927 3030 1971 3095 G
2000 3030 2357 3113 acquiritur
2399 3033 2476 3094 de
2521 3032 2734 3093 minus
2781 3038 2931 3094 noto
2981 3050 3097 3114 per
3143 3031 3343 3113 magis
3389 3048 3497 3095 no-

384 3124 929 3187 mensurabuntur
950 3125 1331 3188 variationes
1360 3146 1503 3207 quae
1530 3134 1717 3188 erunt
1748 3133 1891 3207 post

384 3222 585 3285 finale
642 3221 984 3303 judicium,
1044 3223 1349 3305 quoniam
1407 3231 1561 3285 tunc
1618 3222 1890 3285 cessabit

386 3322 509 3385 hoc
555 3327 830 3404 tempus.
874 3357 955 3367 -
995 3322 1140 3385 Haec
1180 3323 1420 3385 Petrus.

468 3419 588 3493 Qui
620 3420 855 3482 iterum
886 3420 1135 3501 quaerit,
1165 3428 1379 3483 utrum
1410 3440 1617 3484 aevum
1652 3422 1891 3503 incepit

385 3526 535 3581 ante
580 3526 857 3599 tempus.
901 3518 1260 3599 Respondet
1302 3538 1317 3582 ε
1361 3519 1723 3581 Secundum
1764 3520 1888 3582 Au-

384 3615 721 3697 gustinum
768 3614 1147 3679 duodecimo
1190 3616 1695 3692 confessionum,
1737 3617 1889 3681 alte-

386 3734 535 3777 rum
581 3714 784 3777 altero
830 3713 1067 3776 dicitur
1114 3714 1291 3797 prius
1340 3723 1611 3796 quatuor
1659 3716 1885 3790 modiS,

384 3812 689 3875 videlicet
741 3831 756 3876 :
808 3812 1179 3887 aeternitate‚
1231 3813 1399 3875 sicut
1447 3814 1613 3877 Deus
1663 3823 1891 3877 cuncta

384 3910 729 3992 praecedit3
770 3918 1078 3993 tempore,
1121 3919 1192 3973 ut
1238 3911 1359 3973 flos
1408 3910 1724 3991 fructum;
1764 3913 1889 3975 ele-

386 4008 601 4072 ctione
654 4026 769 4071 seu
818 4008 1147 4089 dignitate,
1201 4016 1273 4071 ut
1319 4009 1565 4071 fructus
1622 4009 1887 4090 florem3

385 4106 658 4189 origine,
692 4107 1233 4189 quemadmodum
1260 4125 1453 4169 sonus
1484 4115 1761 4169 cantum.
1785 4109 1890 4171 Di-

2002 3138 2160 3192 tum.
2196 3130 2398 3193 Motus
2437 3138 2648 3192 autem
2694 3129 2886 3211 primi
2933 3129 3194 3192 mobilis
3233 3129 3496 3192 manife-

2000 3235 2095 3290 ste
2139 3227 2324 3290 nobis
2367 3227 2498 3289 noti
2528 3227 2726 3309 (quod
2768 3226 2913 3291 dico
2952 3234 3210 3309 propter
3250 3244 3492 3289 nonum

2000 3325 2275 3405 orbem),
2329 3324 2493 3389 inter
2549 3343 2771 3388 omnes
2827 3326 2984 3388 alios
3043 3334 3252 3389 motus
3310 3325 3496 3388 nobis

2000 3423 2339 3487 manifeste
2377 3423 2660 3504 cognitos
2699 3424 2844 3505 plus
2887 3423 3078 3486 habet
3115 3424 3193 3487 de
3233 3423 3497 3486 causali-

1998 3530 2125 3586 tate
2153 3528 2448 3604 respectu
2480 3528 2768 3584 motuum
2803 3522 3310 3585 inferiorum.Est
3340 3522 3492 3585 item

1999 3620 2375 3703 simplicior,
2399 3620 2699 3703 quoniam
2731 3620 3253 3702 regularissimuS,
3277 3629 3342 3683 et
3370 3640 3498 3685 mo-

2000 3719 2128 3781 bile
2167 3719 2326 3781 illud
2373 3719 2436 3781 in
2478 3718 2712 3781 minori
2753 3736 2930 3782 mora
2968 3720 3112 3801 plus
3156 3720 3380 3783 transit
3417 3722 3496 3783 de

1999 3818 2203 3900 spatio
2245 3836 2438 3899 quam
2481 3816 2740 3899 aliquod
2783 3834 3014 3899 corpus
3057 3817 3343 3881 inferius.
3387 3820 3497 3883 Est

1998 3916 2191 3978 etiam
2242 3915 2450 3978 notior
2495 3914 2680 3978 nobis
2729 3934 2807 3977 ex
2852 3923 3026 3997 parte
3074 3918 3196 3991 sui,
3237 3916 3320 3979 ob
3363 3937 3495 3980 ma-

1996 4014 2200 4095 jorem
2264 4014 2364 4076 sui
2417 4012 2918 4095 simplicitatem,
2969 4022 3033 4076 et
3079 4033 3194 4096 per
3242 4032 3496 4097 compa-

1998 4112 2308 4175 rationem
2369 4113 2447 4175 ad
2503 4130 2639 4186 noS,
2693 4120 2951 4194 propt-er
3005 4112 3493 4176 sensibilitatem

389 4224 465 4270 co
493 4224 669 4287 erg0,
689 4206 863 4288 quod
897 4224 1105 4268 aevum
1138 4206 1439 4287 praeccdit
1467 4214 1721 4288 tempus
1753 4225 1891 4288 pro·
1918 4213 1969 4275 D
1999 4209 2482 4273 distinctionum
2525 4209 2852 4291 signorum
2890 4229 3030 4292 quae
3064 4210 3131 4273 in
3171 4210 3310 4293 ipso
3348 4229 3496 4275 con·

388 4304 529 4387 prie
568 4311 929 4385 sumptum,
963 4302 1269 4383 dignitate
1307 4322 1418 4366 seu
1462 4304 1794 4380 electione,
1828 4313 1891 4367 et

390 4402 766 4465 duratione:
800 4401 1103 4483 quoniam
1133 4409 1388 4483 tempus
1421 4402 1578 4465 illud
1611 4421 1736 4466 non
1767 4402 1891 4465 fuit

388 4520 429 4563 a
470 4499 795 4582 principio
838 4498 1199 4575 creationiS,
1233 4501 1345 4563 sed
1388 4519 1426 4562 a
1470 4510 1645 4564 motu
1696 4502 1889 4585 primi

390 4599 670 4662 mobilis.
714 4598 993 4680 Tempus
1037 4616 1187 4661 vero
1228 4607 1562 4681 acceptum
1606 4619 1890 4664 commu-

390 4696 556 4759 niter
605 4714 723 4779 pro
766 4714 1065 4759 mensura
1114 4698 1577 4779 cujuscumque
1624 4699 1889 4763 actualis

392 4794 763 4857 mutationis
802 4793 1127 4877 praecessit
1157 4812 1455 4857 mensura
1484 4816 1626 4877 quae
1656 4797 1893 4860 dicitur

390 4912 621 4966 aevum,
667 4892 997 4973 dignitate,
1049 4910 1176 4955 non
1227 4894 1575 4957 duratione.
1618 4931 1701 4941 --
1747 4896 1890 4959 Haec

390 4990 515 5053 ille.
548 4990 841 5053 Procedit
874 4998 1088 5053 autem
1135 4992 1257 5054 ista
1298 4994 1627 5074 responsio
1672 5013 1892 5057 secun-

390 5089 543 5151 dum
583 5088 970 5171 positionem
1005 5088 1356 5154 dicentium
1390 5108 1583 5173 opera
1620 5110 1730 5156 sex
1760 5093 1890 5156 die-

392 5206 533 5249 rum
575 5186 745 5250 facta
793 5206 909 5270 per
950 5188 1257 5271 temporis
1308 5188 1658 5253 intervalla.
1704 5192 1891 5255 Porro

388 5287 745 5348 secundum
789 5285 1241 5366 Augustinum,
1282 5294 1539 5370 tempus
1588 5290 1890 5372 propriis-

1999 4310 2255 4383 sistunt,
2307 4327 2420 4391 per
2470 4327 2661 4391 quam
2710 4308 2791 4371 ab
2839 4308 3212 4372 hominibus
3261 4310 3496 4373 certius

2001 4406 2550 4490 universaliusque
2581 4408 3003 4489 cognoscitur.
3019 4409 3165 4473 Ideo
3195 4408 3327 4472 sola
3357 4426 3500 4471 con-

1998 4504 2269 4567 tinuatio
2311 4512 2520 4567 motus
2561 4505 2734 4568 illius
2773 4512 2844 4567 ut
2880 4514 3212 4570 numerata
3246 4506 3326 4569 ab
3364 4508 3497 4569 ani-

2000 4622 2125 4677 ma,
2160 4604 2348 4684 plene
2379 4603 2568 4665 habet
2597 4603 2907 4667 rationem
2943 4624 3256 4669 mensurae
3286 4626 3496 4688 respe-

1999 4707 2104 4763 ctu
2136 4709 2424 4764 motuum
2453 4701 2724 4765 aliorum
2748 4702 2926 4765 :ideo
2955 4702 3088 4765 sola
3115 4710 3212 4765 est
3242 4710 3494 4786 tempus

1998 4799 2440 4883 propriissime
2489 4801 2753 4863 dictum.
2807 4798 2966 4862 Hinc
3025 4800 3307 4883 loquitur
3354 4802 3496 4864 Avi-

2000 4917 2203 4961 cenna
2235 4897 2301 4959 in
2331 4915 2447 4960 suo
2477 4897 2643 4960 libro
2670 4898 3080 4981 physicorum
3107 4915 3122 4959 ε
3145 4898 3281 4961 Non
3311 4916 3493 4982 opor-

2002 5004 2091 5059 tet
2139 5004 2207 5057 ut
2266 5014 2796 5079 unumquemque
2854 5003 3098 5059 motum
3157 4998 3496 5061 comitetur

2002 5114 2117 5177 per
2155 5113 2223 5156 se
2260 5094 2586 5177 proprium
2623 5102 2901 5176 tempus,
2933 5113 3052 5157 nec
3082 5104 3152 5157 ut
3181 5096 3493 5178 quidquid

2005 5200 2331 5255 mensurat
2372 5192 2614 5274 aliquid
2657 5193 2739 5255 sit
2781 5192 3074 5256 accidens
3117 5193 3230 5255 illi.

2083 5292 2274 5355 Porro
2317 5291 2556 5354 nullius
2599 5291 2886 5356 aevitemi
2927 5308 3087 5367 esse,
3120 5291 3311 5355 habet
3353 5312 3496 5356 cau-

3543 1581 3588 1623 p.
3615 1570 3690 1611 128
3702 1566 3750 1610 C.
