4334 6242
843 491 961 556 164

1527 511 1589 557 IN
1630 509 1851 557 LIBRUM
1893 511 1937 556 11
1980 507 2461 558 SENTENTIARUM.
2507 527 2588 536 -·-
2627 509 2780 556 msr.
2829 510 2912 572 113
2957 509 3181 566 QUAEST.
3223 510 3262 556 V
3333 473 3340 478 Ι

842 698 1014 762 pore.
1036 681 1264 764 Aliqua
1294 701 1567 764 namque
1600 681 1952 764 proprietas
1982 688 2077 743 est
2109 680 2174 741 in
2207 698 2340 742 cor·
2366 678 2420 741 A
2449 677 2613 742 libro
2643 680 2721 742 de
2753 680 2992 763 Spiritu
3026 681 3254 743 Sancto
3293 679 3519 742 scribit
3544 676 3948 748 Ambrosius,

843 797 997 861 pore
1026 781 1338 862 superiori
1379 781 1731 843 secundum
1764 799 1955 861 quam
1989 788 2210 841 natum
2242 787 2338 840 est

840 879 1138 958 angelum
1188 880 1530 941 continere.
1583 879 1721 941 Nou
1774 886 1984 940 tamen
2036 877 2333 950 dicimuS,

842 978 1011 1058 quod
1041 977 1123 1039 sit
1162 978 1513 1060 proprietas
1552 977 1897 1059 corporalis
1937 995 2013 1038 ex
2054 977 2336 1058 corporis

840 1081 1018 1156 parte
1059 1076 1461 1157 provenienS‚
1495 1076 1605 1137 sed
1645 1075 1952 1138 divinitus
1984 1076 2144 1137 data.
2181 1074 2338 1136 Con-

838 1172 1129 1236 formiter
1169 1182 1265 1235 est
1304 1175 1520 1256 aliqua
1559 1174 1915 1256 proprietas
1957 1173 2163 1253 angeli
2211 1191 2338 1255 qua

840 1279 1025 1333 natus
1072 1278 1169 1334 est
1212 1273 1544 1334 contineri.
1579 1273 1651 1334 Et
1701 1273 1821 1334 hoc
1870 1271 2146 1334 dicimus
2196 1271 2333 1332 sine

838 1369 1211 1450 praejudicio
1248 1371 1577 1432 sententiae
1621 1371 1904 1432 melioris
1939 1387 1952 1431 :
1988 1387 2113 1432 non
2159 1369 2332 1431 enim

838 1467 1201 1529 invenimus
1267 1468 1387 1531 hoc
1457 1469 1642 1549 plane
1709 1468 2202 1530 determinatum
2265 1466 2332 1527 in

836 1565 1205 1646 Scripturis‚
1247 1585 1365 1628 nec
1406 1585 1442 1628 a
1486 1566 1753 1641 SanctiS,
1800 1585 1917 1629 nec
1959 1564 2039 1629 ab
2082 1565 2331 1646 exposi-

836 1662 1082 1725 toribus
1127 1664 1618 1747 Scripturarum.
2187 1735 2194 1740 ,

914 1762 1009 1822 Ad
1057 1763 1225 1842 quod
1270 1763 1502 1825 clarius
1549 1762 2040 1845 explanandum,
2073 1763 2330 1824 adverte

836 1859 1005 1940 quod
1036 1861 1201 1922 Deus
1238 1879 1315 1922 ex
1348 1880 1461 1923 sua
1498 1868 1722 1924 natura
1752 1860 1941 1923 habet
1975 1862 2121 1932 duo,
2155 1860 2330 1922 vide·
2367 1860 2414 1923 B

835 1957 1005 2031 licet,
1057 1959 1224 2039 quod
1276 1959 1494 2022 omnia
1547 1960 1849 2032 continet,
1903 1966 1965 2021 et
2012 1959 2183 2041 quod
2235 1967 2330 2020 est

835 2055 1091 2139 ubique.
1145 2057 1292 2131 Quae
1349 2059 1476 2121 duo
1537 2058 1971 2120 communicat
2024 2065 2328 2120 creaturae

834 2163 1021 2236 prout
1078 2155 1187 2218 illa
1240 2175 1463 2238 capere
1516 2164 1741 2239 potest.
1794 2157 2123 2218 Rationem
2179 2172 2329 2236 ergo

833 2255 1199 2317 continendi
1230 2254 1659 2317 communicat
1689 2262 2010 2318 creaturae.
2046 2255 2167 2316 Sed
2199 2273 2329 2316 cre-

831 2361 1011 2415 atura
1062 2352 1413 2434 spiritualis
1474 2373 1614 2435 quae
1668 2361 1766 2416 est
1821 2353 2129 2434 angelica,
2187 2372 2328 2415 eam

831 2451 1121 2534 nequivit
1161 2450 1509 2534 suscipere,
1543 2453 1847 2533 quoniam
1886 2451 2095 2532 angeli
2124 2452 2203 2513 ad
2234 2451 2328 2512 in-

830 2549 1037 2610 vicem
1070 2558 1218 2611 sunt
1255 2550 1539 2612 distincti
1582 2550 1934 2612 secundum
1970 2568 2115 2610 suas
2147 2557 2326 2610 natu-

830 2666 951 2721 raS,
985 2667 1103 2710 nec
1134 2649 1221 2710 ita
1260 2668 1425 2710 unus
1457 2648 1784 2710 ordinatur
1812 2649 1889 2710 ad
1928 2648 2124 2710 alium
2161 2647 2328 2709 sicut

828 2764 905 2807 ex
947 2754 1125 2828 parte
1168 2764 1507 2829 corporum
1550 2756 1664 2809 est.
1700 2746 2007 2809 Similiter
2048 2747 2326 2808 dicimus

828 2861 907 2905 ex
956 2850 1132 2925 parte
1180 2843 1558 2906 animarum.
1609 2844 1911 2924 Congruit
1959 2861 2108 2924 ergo
2157 2861 2327 2905 crea-

830 2948 989 3004 turae
1030 2943 1363 3023 corporali,
1395 2950 1607 3005 tamen
1649 2949 1837 3024 prout
1867 2941 2176 3023 possibile
2206 2950 2324 3016 est,

2449 779 2615 860 quod
2676 797 3072 862 unaquaeque
3121 786 3409 842 creatura
3454 777 3698 840 finibus
3754 785 3950 858 atque

2451 877 2765 940 limitibus
2798 879 2987 940 certis
3017 885 3113 940 est
3142 876 3427 940 definita.
3459 877 3536 938 Et
3566 876 3653 938 ita
3681 875 3952 957 spiritus

2447 975 2772 1055 angelicus
2825 974 3017 1037 habet
3062 977 3139 1038 ad
3193 975 3408 1037 minus
3454 995 3532 1036 ex
3579 981 3756 1055 parte
3805 992 3947 1046 sua,

2448 1073 2616 1154 quod
2659 1073 2797 1136 loco
2840 1073 3067 1136 debeat
3106 1073 3386 1149 definiri,
3421 1081 3484 1135 et
3523 1073 3692 1155 quod
3732 1071 3818 1133 ita
3860 1072 3950 1132 sit

2446 1170 2573 1245 hic,
2610 1172 2778 1252 quod
2810 1190 2936 1234 non
2976 1171 3128 1234 alibi
3163 1189 3176 1233 ε
3211 1172 3430 1254 sicque
3470 1171 3603 1233 haec
3643 1171 3768 1232 duo
3799 1187 3949 1230 con-

2447 1267 2661 1330 ferunt
2706 1270 2765 1332 ei
2815 1270 2986 1352 quod
3033 1271 3117 1332 sit
3165 1270 3232 1332 in
3283 1270 3438 1333 loco.
3477 1270 3690 1331 Posset
3739 1267 3947 1330 nihilo

2447 1367 2660 1429 minus
2692 1368 2842 1441 dici,
2877 1369 3047 1450 quod
3077 1368 3338 1449 angelus
3370 1386 3498 1430 non
3539 1366 3773 1429 dicitur
3800 1385 3946 1428 esse

2446 1465 2512 1526 in
2555 1466 2690 1528 loco
2731 1467 2854 1528 nisi
2895 1467 3046 1549 quia
3085 1485 3362 1548 praesens
3401 1474 3499 1529 est
3528 1466 3666 1528 loco
3699 1483 3714 1527 ε
3747 1473 3810 1527 θῖ
3847 1466 3945 1527 sic

2444 1581 2572 1626 non
2629 1573 2877 1647 oportet
2928 1584 3068 1628 esse
3118 1565 3396 1647 aliquam
3451 1564 3944 1647 dependentiam

2441 1663 2583 1744 ejus
2621 1664 2696 1726 ad
2740 1664 2950 1726 locum
2991 1664 3384 1747 corporalem
3419 1672 3527 1726 aut
3567 1664 3646 1726 ad
3682 1663 3943 1744 aliquod

2444 1779 2693 1844 corpus.
2735 1798 2816 1807 —
2857 1763 3000 1826 Haec
3042 1762 3414 1825 Alexander.

2522 1862 2789 1942 Insuper
2837 1862 2916 1924 ad
2964 1861 3382 1942 quaestionem
3433 1881 3559 1943 qua
3609 1861 3940 1944 quaeritur,

2441 1976 2523 2019 an
2551 1958 2813 2039 angelus
2844 1959 3043 2040 possit
3082 1977 3221 2021 esse
3251 1957 3491 2040 ubique
3531 1958 3724 2020 simul
3755 1965 3816 2020 et
3847 1979 3944 2021 sck

2443 2056 2591 2131 mel,
2645 2058 2983 2138 respondet
3031 2057 3199 2140 quod
3253 2074 3401 2120 non.
3454 2056 3678 2137 Arguit
3727 2065 3944 2118 tamen

2440 2156 2610 2236 quod
2664 2156 2811 2218 imo.
2865 2155 3094 2230 Primo,
3146 2155 3448 2236 quoniam
3496 2155 3710 2217 anima
3756 2156 3944 2218 ratio-

2439 2253 2602 2314 nalis
2650 2261 2746 2315 est
2788 2260 2915 2315 tota
2961 2254 3026 2314 in
3076 2260 3206 2315 toto
3247 2261 3309 2315 et
3359 2259 3488 2316 tota
3539 2253 3603 2314 in
3654 2252 3942 2336 qualibet

2440 2351 2721 2432 corporis
2765 2352 2865 2412 sui
2910 2358 3104 2433 parte.
3150 2351 3486 2434 Quumque
3527 2352 3790 2433 angelus
3831 2352 3944 2414 ali-

2439 2448 2582 2530 quis
2625 2456 2828 2511 motor
2859 2450 2941 2511 sit
2981 2449 3149 2523 coeli,
3183 2449 3436 2510 videtur
3466 2467 3604 2511 esse
3639 2449 3706 2511 in
3739 2449 3946 2530 quali-

2437 2546 2546 2610 bet
2574 2548 2721 2611 coeli
2759 2555 2969 2628 parte3
3001 2556 3064 2609 ct
3102 2548 3253 2628 quia
3284 2567 3399 2629 per
3437 2548 3671 2610 coelum
3712 2547 3944 2610 immu-

2436 2653 2526 2709 tat
2573 2653 2636 2708 et
2676 2646 2805 2726 agit
2849 2646 2912 2707 in
2958 2645 3280 2718 inferiora,
3316 2654 3470 2727 puta
3514 2645 3579 2706 in
3623 2645 3944 2708 elementa

2436 2753 2500 2807 et
2557 2745 2776 2815 mixta,
2831 2744 3084 2806 videtur
3139 2745 3310 2826 quod
3369 2745 3452 2806 sit
3510 2744 3574 2806 in
3633 2743 3940 2807 omnibus

2437 2843 2576 2904 istis
2621 2861 2634 2904 :
2677 2843 2980 2925 quoniam
3030 2841 3141 2904 ubi
3191 2851 3509 2924 operatur,
3553 2843 3643 2904 ibi
3685 2851 3804 2918 est,
3845 2862 3944 2906 se—

2438 2942 2719 3003 cundum
2785 2943 3264 3003 Damascenum.
3329 2941 3704 3016 Dicendum,
3766 2942 3942 3023 quod

829 3047 899 3101 ut
930 3040 1099 3122 quod
1131 3039 1197 3101 in
1228 3041 1355 3102 Deo
1383 3047 1480 3102 est
1508 3040 2010 3114 indivisibiliter,
2045 3040 2109 3103 in
2142 3060 2216 3102 ea
2245 3041 2328 3102 sit
2361 3041 2405 3105 C
2438 3041 2730 3121 quamvis
2779 3049 3030 3102 moveat
3088 3039 3344 3114 coelum,
3397 3058 3523 3102 non
3571 3047 3784 3102 tamen
3841 3047 3942 3101 est

828 3139 1183 3201 secundum
1226 3139 1626 3201 divisionem.
1664 3140 1837 3201 Unde
1881 3140 2164 3220 potentia
2208 3139 2328 3200 ista

828 3235 895 3298 in
938 3237 1067 3300 Deo
1108 3244 1205 3299 est
1248 3236 1525 3310 infinita,
1561 3237 1625 3298 in
1670 3245 1957 3298 creatura
1998 3255 2149 3299 vero
2193 3255 2327 3299 cor-

829 3335 1029 3416 porali
1078 3334 1281 3397 finita.
1334 3335 1575 3416 Nempe
1626 3343 1697 3396 ut
1742 3336 1830 3396 ait
1879 3335 2323 3418 PhilosophuS,

824 3433 1032 3495 omnis
1060 3433 1263 3496 virtus
1295 3433 1473 3495 unita
1506 3433 1703 3513 magis
1732 3441 1828 3495 est
1858 3432 2113 3495 infinita
2142 3453 2328 3516 quam

826 3531 1029 3592 virtus
1078 3531 1519 3612 multiplicata.
1553 3532 1631 3593 Et
1672 3533 1991 3615 praecipue
2034 3532 2328 3613 congruit

829 3628 923 3690 illi
963 3647 1281 3711 corporeae
1319 3638 1621 3692 creaturae
1660 3650 1802 3711 quae
1840 3639 1937 3692 est
1974 3631 2328 3712 composita

830 3727 896 3789 in
928 3727 1228 3790 universo
1262 3745 1276 3788 ε
1312 3734 1375 3789 θῖ
1402 3728 1523 3789 hoc
1553 3737 1650 3789 est
1680 3728 1893 3810 ipsum
1926 3729 2320 3804 universum,

828 3826 998 3908 quod
1047 3844 1249 3888 unum
1296 3833 1413 3900 est,
1446 3833 1511 3886 et
1553 3844 1629 3887 ex
1672 3845 1739 3888 εθ
1781 3826 1974 3889 habet
2021 3827 2323 3889 virtutem

828 3924 1194 3986 continendi
1259 3932 1385 3986 tam
1452 3942 1715 4006 corpora
1778 3943 1969 4007 quam
2036 3925 2320 4008 spiritus

827 4022 1002 4096 Quod
1068 4022 1387 4104 praecipue
1454 4023 1964 4084 communicatur
2022 4031 2326 4086 creaturae

828 4141 969 4203 quae
998 4120 1247 4182 exsistit
1276 4120 1574 4196 nobilior,
1609 4128 1827 4202 utpote
1859 4121 2055 4200 coelo;
2088 4129 2151 4182 et
2181 4122 2324 4183 aliis

828 4219 1029 4300 magis
1080 4227 1142 4280 et
1198 4220 1431 4294 minuS,
1488 4220 1842 4281 secundum
1904 4219 2209 4300 maj0rem
2263 4228 2326 4282 et
2357 4226 2624 4300 unam
2677 4219 2741 4281 in
2789 4219 2913 4281 alio
2967 4236 2980 4280 :

828 4318 1143 4381 minorem
1191 4318 1457 4398 gradum
1507 4317 1858 4380 nobilitatis
1908 4335 2149 4380 eorum.
2195 4319 2324 4381 Sic-

827 4435 951 4499 que
991 4416 1177 4479 nobis
1205 4417 1458 4478 videtur
1486 4416 1849 4490 dicendum,
1884 4416 2055 4498 quod
2094 4416 2159 4478 in
2197 4437 2324 4480 cre—

824 4524 1007 4577 atura
1036 4513 1344 4597 corporali
1377 4521 1473 4575 est
1503 4513 1855 4595 proprietas
1887 4514 2196 4577 divinitus
2227 4516 2326 4576 da·

826 4622 887 4675 ta
935 4632 1060 4695 qua
1108 4619 1314 4695 potest
1371 4612 1636 4694 spiritus
1685 4612 2011 4674 continere
2064 4631 2078 4675 :
2131 4633 2323 4696 quam

826 4729 952 4774 non
989 4710 1180 4772 habet
1220 4729 1298 4772 ex
1335 4729 1409 4772 ea
1445 4717 1623 4791 parte
1665 4729 1790 4793 qua
1824 4695 2054 4793 corpus
2094 4719 2208 4773 est.
2243 4747 2324 4758 —-

824 4810 1109 4892 Denique
1155 4810 1319 4871 Deus
1364 4826 1491 4870 non
1534 4808 1741 4870 solum
1787 4808 1977 4870 habet
2018 4809 2320 4872 virtutem

823 4909 1040 4972 omnia
1090 4907 1480 4980 continendi,
1532 4908 1641 4969 sed
1691 4907 1882 4969 etiam
1939 4907 2128 4970 habet
2183 4927 2320 4970 esse

825 5005 1085 5088 ubique,
1122 5013 1184 5067 et
1230 5005 1352 5067 hoc
1402 5005 1831 5067 communicat
1879 5015 2182 5070 creaturae
2231 5025 2324 5068 se·-

824 5105 1106 5167 cundum
1152 5103 1320 5185 quod
1361 5109 1663 5166 creaturae
1705 5102 2009 5185 possibile
2048 5113 2161 5166 est.
2200 5105 2320 5167 Sed

822 5222 961 5266 esse
1009 5202 1249 5284 ubique
1294 5201 1456 5263 nulli
1500 5208 1707 5284 potest
1749 5209 2110 5284 competere
2152 5223 2322 5265 crea-

822 5311 1001 5378 turae,
1049 5301 1159 5364 sed
1208 5301 1606 5364 solummodo
1657 5319 1795 5363 esse
1842 5300 1971 5374 hic,
2016 5310 2202 5383 prout
2253 5302 2318 5364 in

2439 3156 2552 3219 per
2581 3146 2783 3200 totum
2817 3137 3069 3201 coelum.
3105 3137 3241 3200 Non
3271 3137 3445 3200 enim
3481 3139 3700 3201 unitur
3729 3138 3790 3199 ei
3821 3138 3942 3200 sic-

2439 3244 2510 3297 ut
2557 3236 2761 3299 forma
2812 3236 3111 3311 materiae,
3155 3255 3363 3319 neque
3413 3236 3579 3299 sicut
3627 3235 3941 3319 perfectio

2437 3352 2553 3396 suo
2593 3334 2902 3415 subject0,
2937 3335 3047 3396 sed
3089 3343 3160 3396 ut
3199 3343 3404 3398 motor
3443 3343 3614 3398 moto
3653 3342 3764 3397 aut
3809 3353 3942 3398 mo-

2439 3431 2574 3494 bili.
2609 3432 2807 3493 Motor
2847 3439 3059 3494 autem
3101 3431 3515 3494 indivisibilis
3557 3439 3764 3514 potest
3811 3450 3940 3495 mo-

2438 3548 2584 3592 vere
2615 3529 2938 3592 divisibile
2973 3529 3208 3592 mobile
3238 3531 3427 3593 etiam
3457 3549 3572 3613 per
3599 3531 3940 3593 essentiam

2436 3636 2796 3710 separatum
2847 3627 2926 3689 ab
2979 3627 3126 3706 illo;
3176 3636 3239 3690 et
3287 3628 3340 3690 si
3391 3637 3558 3691 esset
3607 3628 3674 3691 in
3722 3629 3941 3711 aliqua

2435 3734 2612 3807 parte
2644 3726 2902 3788 mobilis
2934 3733 3003 3787 ut
3034 3727 3100 3788 in
3144 3726 3303 3802 loco,
3338 3735 3551 3809 posset
3591 3727 3738 3790 inde
3773 3735 3938 3789 cete-

2435 3843 2535 3888 ras
2587 3832 2796 3907 partes
2842 3843 3117 3898 movere,
3157 3825 3693 3906 quemadmodum
3741 3833 3937 3888 nauta

2435 3923 2660 3984 sedens
2707 3922 2772 3983 in
2824 3931 3000 4004 parte
3048 3923 3247 3984 naviS.
3284 3959 3364 3969 —
3393 3922 3458 3986 Si
3505 3942 3726 3985 rursus
3772 3921 3938 4004 obji-

2435 4020 2586 4094 cias,
2618 4021 2789 4103 quod
2839 4021 3101 4101 angelus
3148 4021 3591 4084 indifferenter
3633 4041 3702 4083 se
3741 4021 3937 4084 habet

2433 4120 2511 4181 ad
2569 4138 2826 4182 omnem
2887 4120 3120 4193 locum,
3171 4138 3290 4182 nec
3342 4121 3488 4202 plus
3537 4128 3634 4182 est
3686 4120 3751 4182 in
3805 4139 3935 4184 uno

3034 4236 3184 4298 ergo
3232 4218 3286 4280 si
3337 4227 3431 4280 est
3480 4219 3547 4280 in
3596 4237 3746 4294 uno,
3793 4220 3936 4301 pari

2435 4317 2676 4379 ratione
2717 4325 2812 4380 est
2844 4319 2910 4380 in
2940 4316 3230 4400 quolibet
3259 4317 3406 4390 alio,
3438 4325 3503 4379 et
3541 4318 3628 4380 ita
3663 4316 3927 4400 ubique.

2435 4417 2808 4490 Dicendum,
2841 4419 3011 4500 quod
3053 4417 3315 4499 angelus
3361 4417 3448 4480 ita
3488 4417 3934 4482 indifferenter

2434 4533 2501 4576 se
2543 4516 2734 4577 habet
2777 4516 2855 4577 ad
2898 4533 3154 4579 omnem
3201 4517 3433 4590 locum,
3471 4518 3641 4598 quod
3689 4535 3768 4579 ex
3815 4537 3934 4580 sua

2433 4620 2658 4674 natura
2696 4632 2824 4676 non
2866 4614 3324 4676 determinatur
3355 4614 3414 4676 ei
3453 4613 3686 4696 aliquis
3727 4615 3928 4691 Ιοοιιε,

2436 4719 2504 4772 ut
2561 4730 2816 4773 sursum
2873 4719 2982 4773 aut
3045 4712 3396 4791 deorsum3
3455 4719 3668 4774 tamen
3726 4733 3930 4794 quum

2432 4829 2604 4871 nunc
2659 4810 2762 4871 bic
2815 4817 2912 4872 est
2963 4818 3072 4872 aut
3125 4818 3443 4892 operatur,
3495 4830 3774 4894 praesens
3831 4821 3930 4876 est

2431 4909 2581 4970 huic
2611 4909 2766 4984 loco,
2785 4917 2847 4972 et
2879 4910 3239 4972 continetur
3264 4909 3345 4971 ab
3376 4929 3452 4973 eo
3482 4911 3570 4973 ita
3597 4911 3768 4993 quod
3797 4931 3927 4976 non

2429 5006 2511 5070 ab
2540 5008 2666 5070 alio
2701 5026 2714 5069 :
2748 5015 2811 5069 θῖ
2851 5007 2970 5071 hoc
3010 5008 3173 5080 ideo,
3208 5009 3508 5089 quoniam
3551 5009 3930 5073 determina-

2431 5113 2508 5168 tae
2537 5105 2794 5168 virtutis
2833 5113 2949 5179 est,
2984 5106 3061 5168 ad
3101 5105 3534 5169 differentiam
3569 5108 3704 5180 Dei,
3739 5108 3928 5190 cujus

2428 5204 2633 5266 virtus
2677 5213 2773 5267 est
2816 5204 3090 5267 infinita.

2509 5304 2812 5368 Praeterea
2851 5304 2906 5366 si
2945 5312 3285 5386 quaeratur,
3321 5325 3400 5368 an
3430 5305 3692 5388 angelus
3727 5307 3924 5374 simul
