4334 6242
111 1419 216 1463 lCor.
235 1433 275 1470 ιι,
291 1423 331 1462 ⁶.

123 1606 150 1648 ll
161 1606 246 1650 Cor.
261 1621 331 1659 ιιι,

109 2689 307 2740 Romania
317 2722 328 2732 .

1559 530 1703 588 Qum
1744 530 1837 577 SIT
1877 527 2258 577 nmRARcmA

3347 501 3467 569 475

361 721 616 788 quoque
673 703 1043 767 clarissima.
1094 703 1312 785 Itaque
1359 702 1710 766 secundum
1767 700 1859 763 lu-
1887 699 1938 764 A
1967 698 2346 761 sublimium
2390 696 2911 771 substantiarum,
2945 693 3244 758 videlicet
3283 709 3467 772 ange-

363 821 509 864 men
549 803 926 885 praedictum
969 809 1213 864 constat
1249 810 1312 864 et
1341 801 1696 882 assignatur
1731 799 1856 862 dis-

361 901 586 963 tinctio
625 901 900 983 triplicis
944 900 1314 964 hierarchiae
1353 899 1704 963 secundum
1749 898 1856 960 do-

361 999 629 1061 ctrinam
671 999 872 1061 divini
915 999 1221 1082 Dionysii,
1255 1017 1446 1080 quam
1490 1016 1558 1060 se
1593 1015 1629 1059 a
1667 996 1857 1058 Paulo

358 1091 646 1179 apostolo
681 1097 980 1159 didicisse
1020 1097 1324 1178 gloriatur
1361 1103 1537 1158 sexto
1571 1094 1857 1158 Coelestis

359 1195 732 1260 hierarchiae
771 1195 1073 1277 capitulo,
1107 1213 1338 1257 vocans
1377 1190 1857 1256 eum⁸divinum

359 1311 550 1355 suum
593 1301 658 1356 et
699 1303 990 1356 sanctum
1029 1292 1470 1376 perfectorem.
1503 1291 1647 1354 Haec
1680 1291 1858 1371 equi-

359 1393 506 1455 dem
545 1392 670 1454 fuit
709 1393 1022 1475 sapientia
1059 1410 1250 1474 quam
1289 1389 1666 1474 loquebatur
1698 1390 1858 1471 Apo-

358 1488 560 1552 stolus
606 1491 772 1553 inter
814 1489 1151 1573 perfectOS,
1183 1496 1246 1552 et
1294 1489 1427 1552 haec
1474 1495 1623 1550 sunt
1662 1487 1859 1550 verba

357 1607 589 1650 arcana
630 1607 770 1670 quae
800 1589 960 1651 vidit
1001 1589 1136 1670 ipse
1178 1588 1243 1651 in
1279 1587 1462 1650 tertio
1500 1586 1683 1660 coe10,
1715 1604 1857 1667 quae

358 1705 489 1749 non
521 1686 670 1749 licet
709 1687 954 1750 homini
987 1687 1179 1768 loqui.
1213 1721 1294 1732 ——
1321 1686 1464 1749 Haec
1505 1684 1852 1748 Udalricus.

442 1787 630 1850 Porro
689 1787 1022 1849 Durandus
1074 1803 1088 1848 :
1142 1785 1682 1848 Considerandum
1735 1791 1852 1857 est,

1968 797 2198 872 lorum,
2233 815 2345 859 seu
2382 796 2574 858 etiam
2614 795 2973 870 hominum,
3006 794 3085 855 ad
3124 791 3343 855 officia
3370 807 3467 852 or-

1967 897 2190 959 dinum
2236 914 2349 958 seu
2393 895 2732 958 chororum
2775 892 3000 955 sacrati
3041 910 3114 954 ac
3155 889 3462 972 deputati,

1966 993 2340 1056 hierarchiae
2400 993 2723 1066 dicunt-ur,
2771 991 2954 1072 juxta
3009 987 3465 1071 sapientissimi

1967 1093 2252 1175 Dionysii
2278 1092 2709 1155 intentionem.
2726 1089 3021 1152 Distinxit
3047 1088 3285 1170 quippe
3308 1086 3469 1148 hier·
3494 1099 3757 1208 Μὲῗέἒοι.

1967 1191 2214 1253 archias
2256 1191 2323 1252 in
2356 1199 2503 1264 tres,
2538 1198 2713 1272 puta,
2748 1189 3053 1260 divinam,
3086 1184 3461 1266 angelicam,

1967 1296 2030 1351 et
2068 1289 2436 1351 humanam.

2049 1388 2328 1451 Dicendo
2364 1394 2600 1461 autem,
2633 1385 2803 1467 quod
2847 1383 3203 1447 hierarchia
3244 1389 3339 1444 est-
3378 1381 3469 1444 di-

1968 1485 2156 1548 vinus
2206 1487 2382 1559 ordo,
2424 1484 2691 1547 scientia
2738 1493 2801 1545 et
2853 1483 3039 1557 actio,
3078 1480 3469 1544 intellexisse

1967 1584 2241 1659 videtur,
2275 1584 2446 1666 quod
2485 1591 2654 1646 totus
2686 1581 2792 1645 ille
2832 1581 3297 1644 sacratissimus
3330 1579 3472 1641 hea-

1969 1682 2361 1745 tissimorum
2406 1681 2749 1765 spirituum
2792 1680 3210 1762 principatuS,
3244 1685 3340 1740 est
3376 1678 3469 1740 di-

1967 1781 2209 1843 vinitus
2268 1782 2556 1844 ordinata
2614 1779 2881 1842 societas
2933 1797 2948 1840 :
3002 1779 3309 1851 ordinata,
3372 1777 3470 1838 in-

358 1885 592 1968 inquit,
654 1903 847 1967 super
903 1885 1058 1965 quid
1113 1883 1471 1946 hierarchia
1531 1882 1850 1945 fundatur.
1892 1882 1940 1945 B
1970 1897 2184 1960 quam,
2200 1879 2631 1961 pulcherrima
2660 1877 3108 1940 distributione
3140 1877 3465 1948 donorum,

355 1983 603 2046 Idcirco
650 1983 1021 2056 notandum,
1069 1983 1237 2064 quod
1288 1982 1580 2064 quamvis
1637 1998 1858 2044 omnes

356 2081 566 2162 angeli
611 2081 811 2144 sancti
858 2080 1222 2143 immediate
1269 2081 1526 2143 videant
1575 2079 1857 2141 divinam

357 2180 726 2253 essentiam,
780 2180 844 2240 in
894 2198 1021 2261 qua
1066 2179 1311 2242 visione
1361 2178 1651 2241 consistit
1697 2178 1860 2259 ipso-

357 2298 505 2340 rum
554 2278 864 2357 felicitas;
911 2278 1210 2360 mysteria
1257 2287 1466 2339 tamen
1515 2275 1753 2358 gratiae,
1796 2284 1860 2338 et

357 2395 433 2438 ea
464 2395 605 2458 quae
645 2376 816 2438 circa
853 2393 968 2438 nos
1006 2393 1190 2456 agere
1227 2374 1460 2438 debent
1492 2382 1559 2436 ut
1598 2374 1858 2436 reduca-

358 2493 509 2536 mur
537 2475 602 2536 in
632 2475 858 2544 Deum,
893 2492 1019 2537 non
1059 2481 1374 2536 noverunt
1401 2473 1526 2535 nisi
1567 2471 1631 2535 in
1663 2491 1859 2553 quan-

355 2580 500 2634 tum
538 2572 632 2634 eis
676 2573 1038 2635 revelantur
1075 2575 1264 2652 atque
1305 2572 1383 2633 de
1424 2571 1580 2652 ipsis
1621 2568 1858 2631 illumi-

358 2677 614 2731 nantur.
650 2669 726 2731 Et
765 2669 1067 2751 quoniam
1112 2676 1269 2731 teste
1297 2667 1617 2750 Apostolo,
1651 2687 1793 2750 quae
1822 2686 1859 2728 a

356 2768 490 2830 Deo
519 2775 686 2842 sunt,
712 2767 998 2830 ordinata
1027 2775 1197 2841 sunt,
1222 2767 1718 2829 illuminationes
1749 2785 1856 2828 an-

1968 1995 2042 2038 ae
2072 1977 2521 2039 decentissima
2550 1975 3003 2039 constitutione
3033 1975 3367 2056 graduum,
3389 1975 3469 2036 ad

1967 2075 2275 2157 obsequia
2342 2075 2673 2146 Creatoris,
2738 2075 2918 2156 juxta
2985 2073 3467 2154 congruentiam

1969 2157 2482 2254 exigentiamque
2521 2173 2856 2245 donorum,
2892 2172 3012 2234 hoc
3052 2178 3146 2233 est
3180 2171 3470 2232 scientia-

1970 2290 2111 2333 rum
2159 2279 2223 2332 et
2271 2271 2603 2345 virtutum,
2646 2270 2883 2353 quibus
2932 2268 3275 2332 illuminati
3320 2276 3471 2331 sunt

1967 2368 2048 2430 ab
2096 2369 2342 2442 eodem,
2376 2376 2437 2431 et
2474 2370 2657 2450 juxta
2698 2369 3055 2430 decentiam
3099 2367 3467 2431 officiorum

1967 2465 2203 2548 quibus
2252 2466 2498 2548 proediti
2549 2475 2695 2529 sunt
2746 2483 2761 2528 z
2814 2466 3117 2549 quoniam
3169 2466 3279 2528 alii
3337 2484 3469 2547 prae

1965 2573 2109 2635 aliis
2140 2572 2551 2654 perfectiores
2582 2581 2645 2635 et
2674 2572 3189 2635 exuberantiores
3219 2578 3368 2634 sunt
3400 2572 3466 2634 in

1969 2671 2124 2734 istis.
2178 2671 2324 2733 Ideo
2381 2671 2473 2732 eis
2532 2671 2609 2732 de
2668 2671 3065 2752 plenitudine
3118 2689 3233 2732 sua
3286 2670 3468 2751 juxta

1969 2769 2279 2834 Creatoris
2323 2769 2803 2850 dispositionem
2846 2788 2919 2831 ac
2963 2768 3271 2851 placitum
3322 2787 3467 2830 con-

354 2865 641 2946 gelorum
673 2865 750 2926 de
781 2864 1096 2947 mysteriis
1124 2865 1339 2944 gratiae
1369 2871 1432 2926 et
1462 2863 1689 2925 ceteris
1719 2883 1857 2944 quae
1966 2868 2141 2930 venit
2180 2868 2324 2929 aliis
2364 2865 2855 2929 communicare.
2893 2867 3039 2940 Quae
3086 2885 3260 2928 sacra
3305 2866 3465 2929 soci-

357 2963 528 3025 circa
567 2979 681 3024 nos
721 2981 838 3044 per
878 2980 985 3024 eos
1029 2962 1337 3024 divinitus
1377 2961 1662 3023 ordinata
1710 2968 1858 3023 sunt
1966 2974 2097 3027 etas
2145 2974 2241 3027 est
2290 2964 2599 3027 deiforme
2652 2972 2961 3046 quantum
3014 2962 3319 3046 possibile
3369 2972 3465 3026 est

355 3060 528 3134 fieri,
561 3060 850 3122 ordinem
883 3059 1134 3122 hahent.
1169 3059 1326 3122 Nam
1357 3059 1616 3140 quidam
1648 3059 1724 3120 de
1757 3059 1857 3121 his
1890 3064 1933 3126 C
1967 3063 2278 3136 similanS,
2331 3063 2394 3124 id
2442 3069 2560 3135 est,
2611 3062 2953 3124 increatam
3002 3061 3464 3125 formositatem

356 3157 724 3220 immediate
756 3157 1200 3220 illuminantur
1228 3176 1265 3219 a
1296 3158 1443 3229 De0,
1475 3156 1584 3217 alii
1625 3156 1858 3219 media-

355 3265 419 3318 te
469 3273 482 3317 :
533 3255 727 3318 medii
775 3256 1036 3336 quidem
1086 3273 1200 3337 per
1245 3272 1600 3337 supremoS,
1644 3255 1856 3316 infimi

355 3370 509 3416 vero
553 3371 668 3434 per
716 3351 978 3414 medios.
1012 3352 1228 3433 Itaque
1278 3351 1381 3413 hic
1430 3352 1586 3415 ordo
1633 3353 1858 3435 recipi-

354 3451 505 3512 endi
555 3450 1056 3512 illuminationes
1104 3450 1373 3524 divinas,
1407 3451 1558 3531 quia
1598 3449 1679 3512 ab
1727 3468 1856 3513 uno

354 3549 688 3611 descendit
726 3548 1119 3629 originaliter
1145 3566 1220 3609 ac
1258 3548 1593 3629 dependet,
1629 3556 1782 3631 puta
1820 3567 1856 3610 a

355 3647 506 3720 De0,
540 3653 607 3708 et
641 3647 718 3708 ad
761 3664 961 3708 unum
1002 3644 1206 3707 tendit
1244 3645 1544 3719 finaliter,
1580 3655 1649 3707 ut
1686 3646 1855 3708 scili·

353 3752 455 3807 cet
513 3744 897 3807 reducamur
943 3743 1009 3805 in
1059 3744 1280 3818 Deum,
1331 3743 1566 3806 dicitur
1623 3743 1856 3805 hierar-

353 3842 601 3917 chia,id
633 3849 726 3904 est
756 3860 934 3903 sacer
962 3841 1358 3924 principatus
1387 3859 1499 3903 seu
1531 3842 1686 3903 ordo
1715 3841 1856 3903 bea-

353 3949 568 4002 torum
616 3940 959 4021 spirituum
1008 3939 1129 4001 suh
1179 3940 1326 4013 Deo,
1373 3939 1435 4001 in
1488 3939 1854 4021 recipiendo

352 4039 606 4100 divinas
647 4037 1145 4100 illuminationes
1179 4037 1260 4099 ab
1302 4038 1441 4120 ipso
1479 4038 1667 4100 modo
1698 4057 1854 4120 prae-

352 4144 542 4198 tacto.
580 4136 809 4217 Sicque
854 4143 1027 4217 patet
1068 4154 1259 4217 super
1301 4136 1457 4218 quid
1500 4136 1855 4199 hierarchia

1966 3161 2199 3223 eximie
2232 3161 2488 3222 imitans
2519 3169 2827 3242 quantum
2867 3159 3179 3241 permittit
3210 3159 3467 3222 infinita

1964 3267 2028 3320 et
2059 3257 2564 3338 inexcogitabilis
2608 3257 3013 3330 inferioritaS‚
3049 3257 3317 3319 remotio
3351 3277 3464 3320 seu

1965 3355 2265 3418 distantia
2290 3375 2327 3417 a
2357 3355 3059 3437 supereminentissima
3092 3354 3468 3417 excellentia

1967 3453 2295 3518 CreatoriS.
2330 3453 2508 3514 Vires
2548 3471 2824 3535 namque
2866 3453 3363 3516 substantiarum
3398 3453 3466 3514 il-

1967 3551 2170 3614 larum
2205 3552 2268 3613 in
2310 3550 2813 3633 perfectionibus
2852 3558 3093 3614 naturae
3132 3558 3194 3613 et
3224 3549 3461 3632 gloriae,

1966 3657 2115 3711 sunt
2157 3649 2223 3711 in
2263 3669 2377 3711 sua
2414 3649 2779 3723 ultimitate,
2814 3649 2876 3710 id
2915 3657 3011 3711 est
3051 3650 3114 3711 in
3156 3659 3297 3712 actu
3337 3667 3465 3730 quo

1966 3755 2234 3829 possunt
2266 3746 2513 3827 majori,
2548 3747 2671 3809 nisi
2712 3747 2838 3809 alio
2867 3764 3031 3810 novo
3068 3765 3331 3810 munere
3360 3747 3465 3809 ad-

1961 3845 2285 3925 juventur.
2338 3845 2476 3908 Non
2534 3846 2708 3908 enim
2767 3863 2835 3907 se
2894 3846 3294 3920 contrahunt,
3351 3846 3461 3908 sed

1966 3943 2177 4023 potius
2208 3943 2555 4004 extendunt
2589 3943 2651 4004 in
2685 3950 2995 4025 quantum
3029 3950 3461 4024 possunt3nec

1965 4058 2032 4102 se
2071 4041 2463 4122 restringunt
2501 4042 2580 4104 ad
2620 4060 2835 4123 parva,
2871 4041 3141 4104 scientes
3180 4043 3349 4124 quod
3396 4043 3460 4106 in

1963 4138 2085 4200 hoc
2126 4139 2343 4220 gloriae
2385 4140 2784 4202 detraherent
2831 4139 3161 4203 Creatoris.
3198 4141 3458 4214 RursuS,

351 4235 679 4309 fundetur,
713 4233 1008 4296 videlicet
1055 4252 1247 4314 super
1287 4234 1640 4296 ordinatam
1685 4253 1854 4297 rece·
1882 4238 1933 4299 D
1965 4237 2132 4319 quod
2163 4237 2272 4311 ait,
2307 4237 2620 4311 Quantum
2654 4237 2960 4319 possibile
2988 4243 3106 4311 est,
3143 4246 3347 4319 potest
3377 4239 3463 4300 ita

353 4332 640 4414 ptionem
687 4330 1228 4393 illuminationum
1275 4350 1312 4393 a
1361 4332 1506 4395 Deo.
1542 4333 1684 4396 Haec
1735 4333 1854 4394 Du-

351 4429 610 4491 raudus.

419 4528 688 4609 Insuper
717 4528 794 4591 de
825 4528 925 4590 his
956 4527 1177 4591 scribit
1207 4527 1442 4590 diffuse
1475 4528 1852 4592 Guillelmus

352 4626 634 4688 secunda
675 4633 852 4707 parte
898 4626 1041 4688 libri
1086 4627 1164 4688 de
1210 4626 1515 4689 Universo
1547 4644 1560 4689 ε
1595 4628 1852 4691 Manife-

351 4732 524 4785 stum
555 4721 673 4798 est,
705 4725 946 4798 dicenS,
980 4725 1151 4806 q’uod
1182 4724 1535 4787 hierarchia
1564 4725 1648 4787 sit
1676 4745 1854 4789 sacer

353 4821 864 4904 principatus3et
890 4823 1066 4902 juxta
1096 4823 1512 4885 intentionem
1547 4824 1851 4906 sapientis

351 4938 426 4981 ac
465 4919 669 4982 sancti
707 4919 1013 5003 Dionysii,
1047 4920 1398 4982 nominatio
1441 4921 1560 4982 ista
1602 4922 1851 5002 potissi-

355 5037 458 5080 me
488 5018 789 5080 convenit
827 5019 1491 5100 supergloriosissimae
1523 5037 1596 5080 ac
1627 5019 1850 5082 beatis-

353 5116 532 5178 simae
580 5116 895 5190 Trinitati,
946 5136 1088 5198 quae
1142 5126 1239 5180 est
1297 5136 1461 5179 unus
1519 5118 1704 5191 Deus,
1755 5136 1850 5180 es-

353 5215 708 5277 sentialiter
745 5224 1022 5290 sanctuS,
1055 5217 1355 5278 omnibus
1398 5215 1755 5288 dominans»,
1788 5224 1851 5277 et

339 5315 610 5379 infinite
657 5314 974 5379 universis
1027 5314 1382 5380 sublimior.
1437 5316 1648 5381 Coetus
1697 5334 1848 5381 vero

1964 4335 2258 4417 intelligi,
2292 4345 2601 4418 quantum
2633 4337 2727 4398 fas
2760 4344 2857 4399 est
2885 4344 2946 4399 et
2978 4337 3242 4418 dignum
3272 4345 3461 4419 atque

1964 4435 2369 4497 conveniens.
2404 4435 2622 4516 Neque
2665 4434 2836 4498 enim
2883 4436 3048 4498 ultra
3089 4435 3180 4498 fas
3224 4443 3331 4499 aut
3374 4435 3464 4498 di-

1961 4553 2158 4614 gnum
2219 4540 2315 4595 est
2363 4539 2432 4594 ut
2479 4533 2761 4595 divinam
2812 4540 2871 4596 et
2922 4534 3267 4597 increatam
3319 4535 3462 4617 pul-

1962 4631 2392 4693 chritudinem
2436 4630 2788 4706 imitentur,
2821 4633 2947 4694 nisi
2976 4641 3285 4713 quantum
3322 4632 3463 4714 ipsa

1962 4729 2235 4792 instituit
2282 4738 2345 4792 et
2390 4729 2665 4810 gratuita
2704 4730 2973 4791 contulit
3016 4730 3313 4793 bonitate.

2041 4828 2106 4890 Si
2138 4829 2283 4910 quis
2313 4837 2527 4889 autem
2557 4835 2817 4908 quaerat,
2839 4827 3110 4909 qualiter
3139 4837 3201 4891 et
3226 4830 3290 4891 in
3322 4829 3461 4911 qui-

1961 4925 2082 4987 bus
2140 4925 2491 4987 beatissimi
2557 4925 2652 4986 illi
2709 4925 2961 4988 ordines
3025 4927 3461 4989 assimilentur

1961 5023 2195 5086 divinae
2225 5023 2688 5105 pulchritudini
2716 5040 2732 5102 3
2768 5023 2932 5097 dico,
2964 5024 3135 5104 quod
3166 5043 3461 5105 unaquae-

1960 5140 2085 5204 que
2129 5121 2629 5184 substantiarum
2676 5121 2927 5182 illarum
2972 5122 3459 5202 superdignissi-

1961 5237 2078 5282 mae
2118 5219 2443 5282 Trinitatis
2466 5219 2848 5301 ‘exemplum
2888 5226 2984 5280 est
3021 5227 3208 5302 atque
3246 5219 3456 5282 claris-

1959 5316 2196 5381 simum
2226 5316 2561 5401 speculum
2582 5335 2595 5379 :
2616 5317 2931 5400 siquidem
2962 5335 3079 5401 per
3107 5317 3451 5382 virtuosam
