4334 6242
1251 504 1336 550 AN
1378 504 1441 550 ΙΝ
1484 504 1741 550 Axenus
1782 505 1875 550 SlT
1917 505 2286 552 PERSONAms
2329 505 2640 552 Discass‘rto

3375 486 3495 552 213

388 670 647 734 ritatem
707 682 1049 748 contracta,
1101 693 1387 738 seorsum
1436 684 1499 737 et
1546 677 1885 758 separatim
1919 675 1970 738 A
2003 696 2161 758 pura
2203 677 2473 758 negati0‚
2509 678 2853 759 positivum
2890 685 2947 739 ει
2985 676 3494 758 dignificativum

385 771 765 834 consistens,
799 773 1011 837 Nihilo
1052 775 1263 837 minus
1301 793 1525 837 verum
1567 784 1684 848 est,
1718 777 1886 857 quod

384 867 452 930 in
491 877 721 932 natura
760 872 852 933 sic
882 873 1225 935 exsistente
1264 873 1614 936 fundabilis
1649 882 1743 936 est
1774 894 1888 956 per

380 973 599 1029 actum
658 969 1019 1033 intellectus
1076 971 1236 1033 ratio
1284 971 1779 1034 universalitatis
1824 979 1886 1034 et

384 1067 889 1142 communitatiS,
928 1069 1057 1131 imo
1100 1069 1337 1150 speciei
1386 1088 1459 1130 ac
1507 1071 1780 1150 generiS,
1824 1079 1887 1132 et

382 1163 579 1226 etiam
609 1165 887 1228 absoluti
918 1169 1269 1229 secundum
1302 1168 1493 1242 se‚ita
1523 1169 1693 1250 quod
1724 1169 1885 1231 nihil

384 1263 645 1326 illorum
694 1273 793 1327 εει
841 1265 919 1328 de
964 1285 1079 1328 sua
1138 1265 1482 1329 intrinseca
1534 1268 1775 1331 ratione
1825 1276 1889 1330 et

384 1361 649 1443 proprio
698 1362 1025 1426 intellectu
1073 1382 1147 1425 ac
1196 1364 1616 1447 quidditativa
1664 1365 1889 1427 defini-

382 1459 581 1532 tione,
604 1468 796 1542 prout
823 1461 1146 1524 Avicenna
1175 1462 1467 1536 intendit,
1487 1470 1549 1524 ει
1580 1463 1887 1526 Henricus

385 1557 629 1621 diffuse
667 1560 981 1641 explanat.
1016 1560 1258 1622 Idcirco
1296 1561 1651 1623 substantia
1693 1569 1885 1623 mate-

386 1656 563 1718 rialis
600 1675 729 1720 non
768 1665 866 1720 est
896 1658 1224 1721 individua
1252 1677 1329 1721 ex
1368 1678 1483 1721 sua
1521 1667 1767 1736 natura,
1802 1661 1887 1722 ita

385 1757 556 1837 quod
590 1755 1005 1819 individuitas
1035 1757 1117 1819 sit
1146 1757 1223 1819 de
1254 1758 1497 1820 ratione
1529 1758 1752 1840 ipsiuS‚
1778 1767 1887 1821 aut

2002 793 2128 838 non
2189 775 2380 838 habet
2438 776 2767 850 effectum,
2820 777 2929 844 sed
2990 795 3102 858 per
3149 774 3495 858 positivum

1998 875 2385 937 substratum
2417 895 2528 938 seu
2559 867 3304 955 subintellectumAgcre
3336 874 3502 957 equi-

1999 974 2143 1034 dem
2201 974 2636 1056 praesupponit
2679 993 2835 1036 esse.
2871 1009 2951 1020 -
2988 972 3226 1035 Deinde
3276 972 3500 1035 Scotus

1999 1091 2180 1134 suam
2232 1073 2411 1154 ponit
2459 1073 2828 1155 opinionem
2872 1092 2886 1136 t
2929 1071 3199 1134 Necesse
3246 1077 3362 1146 est,
3407 1070 3500 1132 in-

1998 1171 2249 1252 quienS,
2302 1171 2455 1233 huic
2505 1171 2697 1253 lapidi
2750 1190 2861 1233 seu
2914 1170 3224 1233 materiali
3273 1169 3501 1232 indivi-

1999 1270 2147 1344 duo,
2203 1288 2316 1351 per
2371 1269 2615 1352 aliquid
2678 1269 3022 1351 positivum
3079 1267 3498 1331 intrinsecum

1998 1374 2302 1449 tanquam
2342 1386 2456 1449 per
2486 1367 2791 1430 rationem
2831 1366 3153 1448 propriam
3193 1385 3500 1448 repugna-

2000 1484 2067 1527 re
2116 1465 2314 1528 dividi
2368 1466 2432 1527 in
2482 1472 2694 1548 partes
2753 1464 3178 1544 subJectivas3
3229 1472 3293 1525 et
3339 1463 3499 1525 illud

2002 1563 2346 1646 positivum
2406 1564 2526 1626 erit
2574 1564 2742 1646 quod
2801 1562 3035 1624 dicitur
3083 1581 3221 1625 esse
3270 1580 3384 1643 per
3431 1581 3497 1624 se

2000 1681 2191 1725 causa
2229 1661 2774 1736 individuationiS,
2808 1660 2960 1744 quia
2999 1680 3113 1742 per
3148 1661 3500 1723 individua-

2001 1760 2238 1823 tionem
2291 1760 2576 1840 intelligo
2620 1759 3195 1823 indivisibilitatem
3245 1778 3356 1821 seu
3407 1778 3500 1820 re-

385 1856 567 1936 quasi
629 1855 1055 1918 communitas
1102 1856 1162 1918 ei
1210 1865 1539 1937 repugnet.
1591 1857 1882 1920 Attamen
1924 1858 1971 1920 B
2002 1860 2415 1941 pugnantiam
2465 1859 2540 1920 ad
2591 1857 3098 1920 divisibilitatem
3147 1855 3492 1940 praefatam.

386 1954 745 2015 secundum
788 1973 927 2016 εεεε
971 1955 1140 2037 quod
1184 1954 1375 2016 habet
1416 1953 1481 2016 in
1530 1974 1741 2018 rerum
1782 1975 1888 2018 na-

386 2059 549 2126 tura,
584 2053 919 2115 individua
960 2061 1058 2114 est
1100 2061 1163 2115 et
1206 2071 1475 2114 numero
1522 2072 1667 2128 una,
1705 2054 1887 2134 juxta

386 2151 811 2213 intentionem
852 2151 1088 2230 Boetii3
1129 2151 1441 2232 aliterque
1490 2151 1747 2226 sentire,
1792 2171 1885 2214 re-

388 2256 652 2331 putatur
692 2248 1105 2311 Platonicum.

464 2347 760 2410 Secundo
804 2346 1145 2428 interrogat
1188 2348 1435 2422 Scotus,
1478 2350 1699 2412 Utrum
1743 2350 1889 2412 sub-

384 2445 619 2508 stantia
676 2445 1023 2508 materialis
1077 2464 1191 2527 per
1236 2446 1478 2528 aliquid
1539 2447 1885 2529 positivum

386 2544 808 2606 intrinsecum
854 2544 938 2605 sit
974 2544 1051 2606 de
1092 2564 1159 2607 se
1200 2544 1545 2606 individua.
1582 2545 1887 2618 Quocirca

382 2650 598 2705 narrat
638 2643 1063 2723 quorumdam
1106 2642 1499 2724 opinionem,
1532 2643 1881 2706 dicentium

382 2741 557 2822 quod
606 2739 1011 2802 individuum
1058 2740 1213 2802 dicit
1256 2740 1681 2821 negationem,
1715 2741 1886 2803 vide-

383 2839 534 2901 licet
587 2838 1037 2900 indivisionem
1095 2838 1158 2899 in
1209 2857 1299 2910 se,
1352 2845 1415 2899 et
1464 2838 1883 2920 privationem

380 2935 735 2999 identitatis
792 2936 871 2997 ad
928 2934 1101 2997 aliud
1155 2953 1168 2998 ε
1222 2943 1482 3018 propter
1528 2937 1696 3018 quod
1757 2956 1883 3000 non

2001 1958 2143 2019 Haec
2176 1956 2419 2019 Scotus.
2456 1956 2572 2030 Qui
2611 1957 2820 2018 adhuc
2851 1973 2976 2018 non
3013 1955 3312 2036 exprimit
3344 1954 3498 2037 quid

1999 2054 2082 2116 sit
2126 2054 2304 2116 illud.

2078 2153 2226 2216 Ideo
2277 2153 2459 2215 tertio
2508 2153 2756 2236 quaerit,
2797 2149 2904 2216 'An
2956 2151 3312 2214 substantia
3369 2171 3498 2213 ma·-

1998 2252 2240 2314 terialis
2273 2271 2386 2333 per
2413 2251 2727 2314 actualem
2758 2250 3196 2314 exsistentiam
3227 2250 3308 2313 sit
3340 2250 3500 2313 indi-

1997 2350 2209 2413 vidua.
2245 2349 2338 2412 Ad
2379 2351 2547 2432 quod
2597 2345 2753 2412 di‘cit
2798 2350 2968 2432 quod
3011 2367 3160 2422 non,
3194 2348 3497 2431 quoniam

1997 2447 2369 2510 exsistentia
2407 2455 2502 2510 εει
2541 2456 2718 2510 extra
2760 2447 3300 2511 coordinationem
3342 2465 3496 2528 prae-

1997 2545 2486 2608 dicamentalem
2517 2545 2906 2619 substantiae,
2937 2554 3000 2609 et
3030 2545 3168 2627 ipsa
3196 2544 3499 2607 exsisten-

2000 2643 2087 2705 tia
2141 2644 2222 2705 de
2279 2663 2346 2706 se
2404 2643 2764 2706 communis
2821 2651 2916 2706 est
2974 2643 3141 2706 sicut
3197 2643 3490 2706 essentia.

1996 2777 2076 2786 —
2105 2743 2198 2804 Ad
2232 2762 2373 2825 quae
2412 2742 2685 2805 faciliter
2725 2744 3161 2825 respondetur,
3194 2739 3365 2824 quod
3398 2761 3500 2803 ex-

1998 2839 2288 2902 sistentia
2316 2841 2416 2902 vel
2465 2840 2718 2903 realiter
2751 2849 2847 2903 est
2886 2841 3020 2923 ipsa
3063 2840 3360 2914 essentia,
3393 2839 3495 2902 vel

1998 2956 2125 3001 non
2174 2946 2472 3000 extranca
2526 2938 2607 3001 ab
2664 2938 2906 3012 eadem,
2959 2940 3066 3001 sed
3129 2937 3496 3000 immediate

382 3042 592 3118 potest
623 3041 833 3115 partes
866 3032 1255 3115 subjectivas
1286 3034 1541 3109 habere,
1576 3055 1693 3097 nec
1735 3056 1887 3117 prae-
1922 3043 1967 3107 C
1998 3035 2358 3098 reducenda
2401 3038 2479 3099 ad
2529 3037 2697 3098 idem
2739 3055 2961 3116 genuS,
2995 3056 3111 3099 nec
3157 3036 3220 3098 in
3275 3034 3498 3118 praedi-

380 3133 585 3196 dicari
642 3134 721 3196 de
771 3131 1084 3214 pluribus.
1139 3132 1369 3194 Contra
1425 3134 1593 3214 quod
1652 3135 1880 3215 arguit,

380 3232 539 3315 quia
576 3231 739 3292 nihil
773 3229 1154 3312 simpliciter
1188 3239 1498 3312 repugnat
1529 3232 1720 3294 alicui
1752 3233 1881 3295 enti

380 3351 501 3415 per
528 3332 727 3394 solam
762 3329 1204 3413 privationem.
1234 3329 1410 3402 Quod
1450 3331 1694 3412 probat,
1730 3350 1883 3413 quo-

380 3429 559 3491 niam
609 3437 1201 3510 quantumcumque
1248 3429 1499 3510 negatio
1550 3430 1723 3492 tollat
1776 3448 1883 3511 po-

384 3527 653 3590 tentiam
702 3527 1081 3608 proximam,
1124 3546 1253 3590 non
1304 3534 1515 3589 tamen
1566 3528 1744 3609 ponit
1794 3547 1885 3590 re-

382 3625 841 3710 pugnationem
892 3625 1245 3688 formalem.
1278 3625 1371 3688 Ad
1414 3627 1583 3707 quod
1633 3627 1885 3689 videtur

382 3725 755 3796 dicendum,
787 3724 957 3804 quod
1000 3724 1271 3805 negatio,
1311 3724 1440 3787 imo
1481 3732 1543 3786 et
1588 3724 1881 3806 privatin,

382 3825 479 3886 sic
530 3823 712 3905 ponit
762 3823 1245 3903 repugnantiam
1305 3821 1663 3896 formalem,
1714 3826 1881 3905 quod

381 3923 477 3986 eis
537 3919 1061 3983 inexsistentibus
1120 3921 1234 3993 rei,
1289 3929 1615 4002 nequeunt
1672 3922 1881 3984 eidem

382 4021 475 4083 rei
522 4019 865 4082 convenire
905 4018 1245 4100 opposita:
1279 4019 1447 4080 sicut
1490 4038 1608 4080 nec
1652 4039 1879 4094 caecuS,

380 4126 589 4181 stante
646 4116 929 4178 caecitate
987 4136 1122 4189 sua,
1186 4123 1392 4198 potest
1450 4117 1701 4196 videre3
1764 4138 1884 4181 nec

1997 3141 2290 3196 camento
2341 3134 2685 3196 accidentis
2745 3135 3053 3216 ponenda.
3108 3135 3184 3196 Et
3232 3134 3498 3217 insuper

1998 3232 2210 3314 ipsum
2257 3251 2394 3294 esse
2437 3239 2505 3294 ut
2542 3240 2638 3294 εει
2680 3233 2992 3295 terminus
3035 3232 3220 3294 realis
3267 3233 3496 3314 produ-

1995 3331 2248 3405 ctioniS,
2281 3338 2377 3393 est
2417 3331 2570 3412 quid
2617 3330 2959 3393 limitatum
2999 3338 3062 3392 ει
3105 3330 3494 3393 individuale

1996 3448 2063 3492 εε
2096 3429 2253 3512 ἰρεο.
2289 3430 2412 3491 Ista
2450 3429 2825 3492 scholastice
2856 3435 3063 3509 tango,
3099 3428 3262 3491 infra
3291 3429 3494 3491 dictu-

1998 3547 2105 3589 rus
2149 3527 2305 3609 quid
2350 3526 2559 3609 potius
2602 3527 2892 3589 videatur
2933 3527 3298 3588 tenendum.

2075 3626 2306 3700 Quarto
2348 3625 2597 3709 quaerit,
2643 3625 2863 3688 Utrum
2909 3624 3262 3687 substantia
3303 3633 3496 3687 mate-

1996 3724 2170 3786 rialis
2231 3744 2344 3806 per
2402 3723 2818 3806 quantitatem
2881 3722 3209 3785 individua
3266 3722 3365 3784 sit.
3417 3723 3492 3784 Et

1996 3823 2442 3905 multipliciter
2500 3829 2690 3905 atque
2750 3822 2848 3902 (ut
2910 3821 3080 3902 reor)
3141 3821 3494 3884 efficaciter

1997 3922 2222 4004 probat
2264 3921 2434 4002 quod
2478 3938 2603 3982 non
2640 3937 2654 3981 :
2691 3921 2820 3982 imo
2861 3939 2938 3982 ex
2985 3918 3203 3981 multis
3255 3920 3492 4000 praeha—

1994 4020 2147 4082 bitis
2206 4027 2447 4082 constat
2502 4018 2669 4100 quod
2729 4035 2874 4080 non.
2931 4017 3008 4079 Et
3056 4016 3120 4078 in
3178 4018 3298 4080 hoc
3355 4037 3494 4100 spe-

1995 4117 2243 4180 cialiter
2298 4115 2588 4197 confligit
2649 4123 2866 4177 contra
2911 4113 3252 4196 AEgidium,
3305 4115 3491 4196 cujus

380 4215 616 4278 surdus
666 4223 737 4274 ut
784 4213 898 4287 sic,
947 4215 1186 4276 audire.
1229 4249 1310 4259 ——
1358 4215 1597 4278 Rursus
1646 4215 1738 4278 sic
1787 4236 1883 4278 ar-
1914 4225 1964 4286 D
1997 4216 2226 4298 posit-io
2271 4232 2396 4277 non
2439 4213 2694 4275 videtur
2734 4211 3104 4294 probabilis,

379 4312 518 4394 guit
570 4333 585 4376 ε
634 4311 978 4392 Negatione
1030 4329 1159 4374 non
1217 4313 1478 4394 ponitur
1522 4313 1765 4396 aliquid
1816 4315 1881 4377 in
1930 4365 1945 4376 .

380 4411 649 4474 entitate
689 4409 1088 4492 perfectiori3
1130 4411 1240 4473 sed
1282 4412 1488 4494 prima
1530 4413 1885 4476 substantia

382 4530 497 4574 seu
555 4508 963 4572 individuum
1020 4516 1116 4570 est
1178 4511 1451 4574 maxime
1503 4512 1879 4586 substantia,

380 4609 742 4672 secundum
784 4607 1238 4690 Philosophum
1282 4626 1295 4669 :
1338 4627 1487 4688 ergo
1531 4628 1656 4672 non
1708 4611 1885 4692 poni-

386 4715 491 4770 tur
528 4707 597 4769 in
636 4706 748 4768 tali
788 4705 1137 4768 eminentia
1176 4706 1308 4769 sola
1346 4708 1695 4789 negatione.
1732 4710 1885 4771 Con-

382 4815 483 4867 tra
520 4805 692 4887 quod
731 4805 909 4886 argui
952 4811 1177 4884 potest,
1216 4806 1697 4886 quod·essentia
1728 4807 1885 4869 divi-

382 4905 561 4965 ditur
603 4903 669 4964 in
713 4902 1055 4964 essentiam
1100 4910 1371 4964 creatam
1414 4910 1475 4964 et
1516 4902 1877 4966 increatam.

384 5003 742 5062 lncreatum
773 5017 926 5062 vero
952 4998 1110 5061 dicit
1140 5000 1557 5080 negationem,
1579 5009 1641 5062 et
1675 5009 1883 5064 tamen

387 5099 671 5160 increata
708 5097 983 5159 essentia
1022 5096 1608 5180 incomparabiliter
1640 5099 1889 5180 dignior

388 5203 491 5260 est
520 5215 713 5278 quam
755 5203 981 5258 creata.
1018 5195 1210 5257 Multa
1248 5195 1483 5258 similia
1511 5197 1706 5277 objici
1748 5189 1889 5280 po's-

392 5303 557 5358 sent.
590 5295 885 5357 Attamen
915 5311 1139 5355 verum
1182 5300 1298 5368 est,
1328 5295 1497 5376 quod
1536 5295 1785 5376 negatio
1820 5304 1889 5359 ut

2075 4315 2306 4388 Quinto
2349 4313 2542 4395 igitur
2582 4313 2830 4395 quaerit,
2876 4313 3098 4376 Utrum
3149 4312 3492 4376 materialis

1996 4413 2350 4476 substantia
2419 4411 2748 4475 individua
2813 4411 2896 4473 sit
2957 4430 3072 4492 per
3138 4411 3488 4475 materiam.

1996 4511 2301 4587 Quocirca
2341 4511 2573 4573 fatetur
2602 4517 2666 4571 et
2702 4508 2946 4591 probat,
2980 4510 3149 4591 quod
3191 4529 3269 4572 ex
3299 4510 3493 4573 variis

1995 4609 2479 4673 auctoritatibus
2509 4607 2871 4688 Philosophi
2905 4607 3158 4669 videtur
3187 4608 3279 4670 sic
3309 4627 3448 4671 esse
3476 4629 3489 4672 :

1996 4716 2255 4791 propter
2296 4707 2464 4789 quod
2504 4725 2541 4768 a
2581 4705 2800 4767 multis
2838 4711 3090 4766 tenetur
3128 4707 3295 4786 quod
3340 4706 3487 4769 imo.

1997 4807 2072 4868 Et
2132 4805 2284 4887 quia
2344 4803 2711 4886 quaestionis
2776 4801 2979 4875 ἰειίυε,
3041 4803 3490 4866 auctoritatum

1996 4921 2250 4987 quoque
2290 4900 2676 4982 Philosophi,
2711 4899 2939 4982 pendet
2980 4899 3210 4963 solutio
3247 4920 3324 4962 ex
3367 4901 3492 4963 alia

1996 5001 2381 5085 quaestione3
2417 5000 2560 5061 ideo
2588 4997 2832 5080 quaerit,
2857 4998 2948 5060 An
2982 4998 3323 5062 materialis
3351 4999 3494 5062 sub-

1998 5099 2230 5164 stantia
2288 5099 2370 5161 sit
2431 5097 2758 5160 individua
2821 5116 2934 5178 per
2990 5096 3316 5160 entitatem
3374 5099 3492 5162 ali-

1998 5218 2192 5282 quam
2251 5196 2612 5280 positivam,
2671 5213 2783 5276 per
2837 5214 2904 5257 se
2962 5195 3491 5260 determinantem

2002 5297 2207 5379 ipsam
2269 5303 2559 5358 naturam
2612 5293 2690 5355 ad
2739 5291 3262 5373 singularitatem.
3315 5295 3493 5360 Circa
