4334 6242
843 488 925 552 38
1814 506 1988 553 unna
2029 507 2073 552 11
2115 504 2596 552 sni-mammam.
2640 523 2721 534 —
2760 506 2913 551 msr.
2960 505 2981 551 1

847 679 1037 744 turis.
1078 681 1338 763 Quippe
1375 699 1583 764 quum
1631 680 1916 745 dicimus
1953 699 2106 745 eum
2152 681 2403 762 aliquid
2448 681 2680 760 facere,
2713 698 2847 744 non
2894 679 3181 762 aliquem
3219 679 3287 742 in
3325 679 3653 762 operando
3691 681 3942 743 motum

850 797 948 859 illi
988 798 1201 862 inesse
1241 798 1694 880 intelligimus,
1727 797 1832 860 vel
1871 798 2160 879 aliquam
2205 799 2273 860 in
2310 796 2663 860 laborando
2700 797 3101 878 passionem,
3134 797 3305 860 sicut
3345 795 3538 859 nobis
3574 796 3744 860 solet
3780 797 3946 859 acci-

851 914 1040 995 dere3
1080 914 1195 977 sed
1233 915 1377 994 ejus
1415 915 1829 996 sempiternae
1868 914 2228 978 voluntatis
2267 931 2512 976 novum
2554 913 2843 995 aliquem
2881 913 3332 994 significamus
3370 914 3699 992 effectum,
3740 913 3808 976 id
3849 915 3946 977 est

849 1029 1092 1092 aeterna
1130 1028 1274 1109 ejus
1315 1029 1652 1093 voluntate
1698 1030 1951 1110 aliquid
1994 1030 2253 1092 noviter
2298 1029 2631 1092 exsistere.
2675 1028 2897 1102 Quum
2944 1045 3097 1110 ergo
3136 1029 3387 1110 aliquid
3423 1029 3663 1091 dicitur
3710 1027 3940 1107 facere,

845 1144 977 1207 tale
1015 1147 1114 1208 est
1143 1163 1218 1208 ac
1249 1145 1306 1208 si
1345 1146 1622 1225 dicatur,
1649 1145 1844 1225 juxta
1880 1145 2026 1226 ejus
2055 1145 2463 1208 voluntatem
2501 1145 2606 1208 vel
2642 1162 2759 1225 per
2795 1145 2939 1225 ejus
2968 1144 3376 1207 voluntatem
3404 1145 3655 1226 aliquid
3691 1146 3946 1208 noviter

851 1261 1226 1342 contingere
1267 1261 1372 1324 vel
1421 1280 1586 1339 esse,
1630 1263 1704 1324 ut
1742 1262 1809 1324 in
1856 1262 2001 1343 ipso
2052 1261 2221 1323 nihil
2268 1261 2424 1323 novi
2475 1261 2833 1342 contingat,
2883 1260 2999 1324 sed
3046 1277 3294 1323 novum
3346 1261 3619 1341 aliquid,
3660 1261 3832 1324 sicut
3875 1261 3943 1324 in

849 1375 995 1456 ejus
1032 1379 1275 1440 aeterna
1316 1377 1652 1440 voluntate
1689 1377 2229 1458 praedestinatum
2269 1377 2502 1454 fuerat,
2535 1376 2650 1439 fiat·
2684 1376 2824 1440 sine
2862 1376 3083 1457 aliqua
3119 1375 3411 1440 motione
3449 1377 3553 1440 vel
3590 1377 3693 1440 sui
3734 1379 3945 1440 muta-

845 1492 1046 1555 tione.
1089 1493 1229 1556 Nos
1280 1510 1433 1556 vero
1483 1494 1810 1574 operando
1859 1494 2100 1556 mutari
2150 1493 2456 1573 dicimur,
2501 1493 2659 1573 quia
2707 1509 3052 1556 movemur
3096 1513 3111 1554 :
3154 1510 3287 1555 non
3338 1493 3511 1556 enim
3566 1493 3707 1556 sine
3758 1495 3943 1556 motu

844 1607 1096 1688 aliquid
1144 1593 1445 1672 facimusss
1488 1610 1670 1672 Deus
1709 1627 1860 1690 ergo
1909 1609 2158 1690 aliquid
2207 1626 2397 1690 agere
2440 1608 2543 1671 vel
2592 1607 2803 1673 facere
2840 1609 3103 1688 dicitur,
3143 1609 3300 1690 quia
3347 1626 3543 1672 causa
3589 1610 3688 1673 est
3725 1626 3943 1673 rerum

843 1723 1103 1787 noviter
1151 1725 1635 1805 exsistentium,
1681 1725 1841 1787 dum
1893 1725 2037 1805 eJus
2085 1724 2423 1788 voluntate
2471 1742 2575 1787 res
2624 1741 2812 1788 novae
2862 1742 3004 1788 esse
3051 1725 3378 1806 incipiunt
3420 1743 3569 1806 quae
3616 1727 3765 1788 ante
3810 1742 3944 1788 non

845 1841 1050 1920 erant,
1101 1840 1347 1921 absque
1399 1842 1610 1923 ipsius
1659 1843 2036 1922 agitatione,
2089 1843 2162 1904 ut
2212 1843 2396 1904 actus
2446 1842 2708 1922 proprie
2756 1842 2884 1904 dici
2937 1858 3068 1904 non
3114 1843 3333 1923 queat,
3384 1859 3590 1923 quum
3641 1842 3945 1906 videlicet

843 1957 1030 2018 actus
1066 1957 1284 2019 omnis
1313 1957 1381 2019 in
1419 1959 1604 2020 motu
1635 1958 1972 2038 consistat,
2007 1959 2073 2020 in
2111 1958 2252 2021 Deo
2282 1959 2501 2021 autem
2542 1959 2763 2020 motus
2799 1957 3023 2021 nullus
3051 1959 3171 2021 est.
3206 1958 3387 2022 Sicut
3419 1975 3571 2038 ergo
3611 1976 3694 2021 ex
3732 1959 3944 2022 calore

845 2072 1006 2135 solis
1044 2072 1265 2154 aliqua
1301 2073 1442 2136 fieri
1481 2075 1824 2155 contingit,
1867 2073 2049 2137 nulla
2083 2075 2304 2137 tamen
2344 2074 2409 2135 in
2448 2074 2591 2155 ipso
2630 2073 2735 2136 vel
2772 2073 2840 2137 in
2878 2073 3023 2155 ejus
3062 2074 3274 2137 calore
3312 2074 3482 2136 facta
3519 2075 3809 2138 motione
3838 2073 3943 2138 vel

844 2189 1246 2271 mutatione3
1288 2189 1380 2251 ita
1417 2208 1498 2253 ex
1535 2191 1657 2253 Dei
1703 2190 2037 2253 voluntate
2075 2207 2247 2253 nova
2288 2189 2531 2253 habent
2567 2207 2710 2253 esse
2756 2189 2898 2254 sine
2948 2191 3310 2253 mutatione
3348 2191 3658 2271 auctoriS,
3691 2190 3806 2272 qui
3844 2193 3945 2254 est

845 2321 1056 2368 unum
1099 2307 1164 2368 et
1207 2306 1425 2370 solum
1474 2307 1771 2369 omnium
1821 2307 2243 2387 principium.

575 2429 719 2473 Ambr-
739 2428 820 2473 ¹10-
977 2420 1364 2485 Aristoteles
1401 2439 1555 2486 vero
1594 2422 1726 2485 duo
1771 2422 1997 2503 posuit
2031 2422 2379 2503 principia,
2420 2421 2670 2485 scilicet
2706 2423 3048 2486 materiam
3080 2423 3145 2486 et
3182 2423 3505 2504 speciem3
3546 2425 3611 2486 et
3647 2424 3939 2504 tertium,

550 2505 687 2534 uem.
699 2491 774 2535 lib.
789 2507 818 2544 ι,

549 2567 593 2598 n.
619 2557 658 2599 ι.
846 2539 1288 2620 operatorium
1333 2539 1624 2621 dictum3
1675 2541 1998 2603 mundum
2046 2556 2313 2620 quoque
2360 2556 2619 2620 semper
2664 2557 2807 2604 esse
2854 2539 2919 2602 et
2964 2539 3191 2602 fuisse.

1763 2773 1834 2836 C.
1883 2775 2080 2842 Quod
2125 2775 2570 2837 catholicum
2618 2775 2749 2849 est,
2792 2775 3021 2836 docet.

975 2987 1234 3050 Horum
1279 3005 1430 3068 ergo
1470 2990 1535 3051 et
1571 2987 1892 3051 similium
1931 3005 2219 3051 errorem
2266 2987 2552 3069 Spiritus
2599 2988 2876 3052 Sanctus
2918 3005 3242 3052 evacuans
3279 2989 3703 3070 veritatisque
3750 2990 3945 3053 disci-

843 3103 1095 3184 plinam
1142 3105 1428 3182 tradenS,
1477 3105 1695 3167 Deum
1743 3105 1814 3166 in
1863 3104 2187 3186 principio
2236 3105 2611 3185 temporum
2662 3104 2986 3167 mundum
3036 3123 3288 3168 creasse
3334 3106 3399 3168 et
3449 3107 3599 3169 ante
3648 3107 3945 3188 tempora

845 3221 1238 3285 aeternaliter
1275 3223 1606 3286 exstitisse
1644 3221 1991 3302 significat,
2034 3221 2245 3302 ipsius
2283 3221 2715 3284 aeternitatem
2760 3223 2825 3284 et
2866 3223 3410 3304 omnipotentiam
3451 3224 3941 3287 commendans·

843 3338 967 3402 Cui
1017 3338 1329 3419 voluisse,
1378 3340 1587 3403 facere
1639 3341 1740 3403 est
1780 3358 1795 3399 τ
1836 3338 1993 3420 quia
2043 3340 2118 3400 ut
2163 3338 2620 3419 praediximus,
2666 3357 2749 3402 ex
2799 3339 2944 3419 eJus
2996 3339 3331 3402 voluntate
3379 3341 3445 3403 et
3492 3340 3785 3404 bonitate
3840 3359 3945 3405 res

551 3475 820 3532 Ααμουειῑ-
844 3473 1032 3518 novae
1079 3456 1428 3519 exsistunt.
1471 3455 1828 3519 Credamus
1875 3472 2052 3536 erg0,
2094 3473 2317 3518 rerum
2363 3457 2727 3518 creatarum
2775 3455 3140 3518 coelestium
3180 3455 3284 3519 vel
3324 3457 3755 3536 terrestrium,
3790 3457 3945 3520 visi-

547 3539 690 3647 {fac-10
713 3539 814 3590 Μ’
842 3571 1092 3636 bilium'
1133 3571 1244 3635 vel
1286 3572 1744 3652 invisibilium,
1787 3588 2052 3635 causam
2099 3535 2231 3634 ison
2278 3589 2421 3634 esse
2470 3572 2597 3634 nisi
2646 3572 3007 3636 bonitatem
3059 3573 3407 3651 CreatoriS,
3448 3573 3563 3652 qui
3616 3575 3717 3636 est
3764 3574 3945 3637 Deus

841 3707 1016 3752 unus
1066 3690 1131 3752 et
1179 3707 1396 3752 verus.
1448 3688 1654 3769 Cujus
1703 3689 1884 3751 tanta
1934 3691 2034 3753 est
2077 3689 2372 3768 bonitas,
2422 3690 2496 3751 ut
2545 3706 2805 3752 summe
2858 3689 3094 3769 bonus,
3139 3687 3564 3752 beatitudinis
3618 3708 3759 3753 suae
3814 3708 3945 3772 qua

844 3803 1238 3868 aeternaliter
1265 3804 1494 3868 beatus
1531 3805 1631 3867 est
1667 3805 1833 3868 alios
1863 3804 2023 3869 velit
2059 3822 2202 3868 esse
2241 3805 2590 3886 participes
2625 3824 2639 3865 ε
2674 3822 2871 3884 quam
2905 3804 3083 3866 videt
3120 3806 3186 3868 et
3214 3805 3683 3868 communicari
3721 3823 3939 3887 posse,

844 3923 910 3985 et
946 3921 1159 3984 minui
1201 3921 1470 3984 omnino
1510 3939 1641 3984 non
1678 3939 1894 4003 posse.
1929 3922 2102 3984 Illud
2141 3938 2293 4002 ergo
2341 3920 2591 3984 bonum
2629 3922 2806 4002 quod
2853 3922 2994 4002 ipse
3032 3923 3191 4000 erat,
3233 3923 3298 3985 et
3334 3938 3465 4002 quo
3512 3921 3742 3985 beatus
3778 3925 3940 4003 erat,

844 4039 986 4102 sola
1037 4037 1352 4117 bonitate,
1404 4054 1536 4099 non
1582 4038 1991 4117 necessitate,
2044 4038 2193 4100 aliis
2243 4037 2716 4100 communicari
2762 4037 2975 4100 voluit
3026 4056 3041 4097 t
3093 4037 3250 4117 quia
3294 4054 3554 4101 summe
3598 4037 3756 4100 boni
3808 4041 3947 4103 erat

843 4154 1154 4234 prodesse
1201 4154 1393 4235 velle,
1435 4156 1500 4218 et
1545 4154 2174 4235 omnipotentissimi
2220 4170 2453 4218 nocere
2497 4171 2629 4216 non
2676 4171 2891 4234 posse.

1570 4386 1652 4448 D.
1712 4389 1955 4453 Quare
2000 4389 2409 4452 rationalis
2454 4390 2813 4452 creatura
2857 4389 3061 4462 facta
3109 4391 3229 4453 sit.

593 4619 771 4663 ibidem.
980 4603 1065 4665 Et
1101 4601 1258 4683 quia
1303 4617 1438 4663 non
1473 4599 1648 4664 valet
1685 4600 1829 4680 eJus
1874 4587 2301 4664 beatitudinis
2346 4603 2673 4683 particeps
2720 4603 3032 4666 exsistere
3080 4603 3321 4684 aliquis
3368 4604 3495 4668 nisi
3542 4623 3658 4686 per
3701 4605 3946 4669 intelli—

845 4720 1158 4800 gentiam,
1199 4735 1348 4798 quae
1386 4718 1631 4798 quanto
1671 4717 1883 4798 magis
1921 4716 2331 4798 intelligitur,
2362 4719 2545 4780 tanto
2584 4718 2845 4799 plenius
2892 4719 3201 4800 habetur3
3245 4721 3399 4783 fecit
3442 4721 3624 4784 Deus
3659 4721 3947 4785 rationa-

844 4837 976 4900 lem
1014 4836 1401 4914 creaturam,
1434 4851 1582 4914 quae
1612 4850 1950 4896 summurn
1989 4834 2239 4897 bonum
2278 4835 2691 4916 intelligeret,
2724 4837 2791 4898 et
2818 4836 3240 4918 intelligendo
3270 4838 3541 4918 amaret,
3572 4839 3638 4901 et
3664 4839 3945 4918 amando

845 4952 1232 5034 possideret,
1274 4968 1349 5013 ac
1399 4950 1796 5032 possidendo
1849 4950 2194 5014 frueretur.
2246 4952 2542 5031 Eamque
2598 4951 2722 5014 hoc
2780 4952 2978 5015 modo
3030 4953 3355 5032 distinxit,
3397 4957 3471 5017 ut
3519 4971 3671 5035 pars
3720 4955 3788 5017 in
3838 4957 3947 5019 sui

845 5068 1129 5149 puritate
1165 5067 1598 5148 permaneret,
1638 5083 1755 5128 nec
1792 5066 2050 5147 corpori
2087 5067 2407 5147 uniretur,
2450 5067 2701 5131 scilicet
2744 5068 2996 5149 angeli3
3038 5085 3187 5149 pars
3236 5069 3489 5150 corpori
3532 5069 3941 5150 Jungeretur,

595 5199 780 5255 quaque
849 5184 1099 5248 scilicet
1133 5183 1394 5246 animae.
1428 5182 1754 5245 Distincta
1792 5183 1892 5245 est
1919 5179 2187 5263 utique*
2214 5183 2552 5246 rationalis
2589 5186 2883 5247 creatura
2919 5185 2986 5246 in
3024 5185 3477 5266 incorpoream
3516 5188 3581 5250 et
3610 5186 3677 5247 in
3715 5203 3947 5268 corpo-

847 5319 1062 5384 ream3
1121 5301 1186 5365 et
1241 5299 1620 5380 incorporea
1684 5297 1950 5379 quidem
2017 5298 2313 5379 angeluS,
2372 5317 2682 5381 corporea
2746 5317 2898 5364 vero
2958 5301 3157 5364 homo
3224 5302 3515 5382 vocatur,
3576 5319 3659 5365 ex
3722 5301 3944 5366 anima
