4334 6242
1194 499 1280 544 AN
1324 498 1386 544 m
1427 497 1683 545 monus
1728 497 1820 542 511·
1859 495 2228 542 pausemus
2271 475 2582 541 niscaan'o

3319 476 3438 540 205

332 669 623 742 materia,
676 669 955 731 dicimus
1016 677 1226 731 tamen
1294 687 1435 730 eam
1492 666 1837 748 multiplici
1867 665 1918 729 A
1944 667 2209 749 aliquid,
2243 667 2335 728 sic
2374 665 2578 748 accipi
2623 672 2848 748 potest.
2885 663 3308 746 Intelligentia
3349 683 3442 725 se-

331 766 801 848 compositione
850 786 987 830 esse
1032 767 1469 848 compositam.
1516 766 1624 828 Est
1664 765 1837 827 enim

330 865 691 946 composita
719 884 798 928 ex
831 869 1003 945 quod
1030 876 1119 926 εει
1151 874 1215 928 et
1243 885 1373 926 esse
1402 887 1427 925 .·
1456 883 1532 927 eo
1570 864 1738 946 quod
1774 863 1838 924 in

332 963 477 1044 ipsa
502 963 678 1026 aliud
720 972 817 1026 est
856 965 1025 1046 quod
1067 965 1205 1046 ipsa
1242 971 1359 1038 est,
1392 970 1455 1025 et
1492 962 1663 1024 aliud
1702 980 1840 1024 esse

330 1061 559 1142 ipsiuS.
595 1062 706 1124 Est
746 1079 1000 1144 quoque
1043 1063 1109 1124 in
1151 1063 1290 1144 ipsa
1328 1061 1705 1142 compositio
1750 1066 1840 1122 to-

334 1159 463 1220 tius
512 1161 900 1241 potestativi,
942 1161 1293 1223 secundum
1346 1167 1470 1221 tres
1521 1158 1839 1220 naturales

331 1256 503 1319 vires
550 1276 676 1320 seu·
706 1258 1126 1341 proprietates
1169 1277 1325 1339 quas
1373 1255 1563 1319 habet
1604 1256 1670 1317 in
1714 1275 1781 1318 se
1820 1273 1835 1317 :

332 1363 557 1436 utpote
596 1365 787 1438 prout
827 1357 891 1417 in
932 1375 1047 1418 sua
1086 1363 1310 1417 natura
1349 1353 1539 1416 habet
1572 1354 1702 1417 vim
1744 1353 1837 1415 in-

334 1452 749 1528 tellectivam,
782 1462 846 1516 et
891 1455 1021 1516 vim
1073 1453 1263 1516 habet
1312 1452 1456 1515 coeli
1510 1451 1835 1526 motivam,

331 1557 557 1632 estque
586 1551 804 1633 gratiae
836 1552 1129 1615 minister
1156 1571 1270 1635 per
1300 1550 1838 1634 comparationem

328 1648 411 1709 ad
460 1649 684 1711 Deum.
741 1650 818 1711 Et
866 1657 1090 1712 neutra
1145 1650 1372 1711 harum
1434 1648 1838 1730 compositio-

332 1765 489 1808 num
530 1756 629 1810 est
667 1749 1042 1811 essentialis,
1079 1748 1187 1810 Est
1229 1765 1379 1830 ergo
1418 1746 1837 1828 intelligentia

1946 765 2228 826 cundum
2275 764 2515 847 aliquid
2562 764 2658 826 sui
2705 771 2802 825 est
2851 763 2914 825 in
2965 763 3265 845 potentia,
3299 781 3442 844 quae

1946 863 2013 924 in
2058 881 2440 945 unaquaque
2487 862 2903 942 intelligentia
2941 869 3036 924 est
3083 861 3338 944 propria
3381 868 3444 922 et

1947 962 2248 1024 distincta
2275 981 2313 1023 a
2343 960 2626 1042 potentia
2665 960 3011 1041 cujuslibet
3047 959 3308 1022 alterius
3348 958 3442 1020 in-

1949 1060 2333 1141 telligenti&
2368 1059 2905 1141 quemadmodum
2935 1067 2998 1120 et
3027 1059 3182 1140 ipsae
3211 1057 3444 1119 intelli-

1947 1158 2176 1238 gentiae
2223 1158 2304 1219 ab
2349 1157 2624 1219 invicem
2669 1165 2816 1220 sunt
2865 1157 3199 1219 distinctae.
3234 1156 3440 1230 Quum

1947 1274 2094 1336 ergo
2134 1254 2436 1337 quaelibet
2476 1255 2894 1336 intelligentia
2931 1254 3157 1316 habeat
3201 1255 3446 1337 propri-

1946 1373 2049 1416 am
2081 1373 2262 1416 suam
2295 1354 2664 1435 potentiam,
2698 1373 2838 1435 quae
2869 1352 3091 1414 fundat
3118 1360 3306 1434 atque
3337 1353 3444 1414 de-

1948 1452 2246 1514 terminat
2303 1451 2657 1513 secundum
2717 1470 2856 1512 6556
2913 1449 3034 1512 sibi
3095 1451 3444 1532 proportio-

1948 1559 2190 1624 natum,
2243 1559 2456 1612 act-um
2507 1569 2694 1611 suum
2743 1549 2822 1610 ad
2879 1566 3067 1611 omne
3127 1557 3332 1611 ratum
3381 1556 3445 1610 et

1947 1649 2438 1710 determinatum
2483 1648 2546 1709 in
2589 1654 2832 1721 natura,
2867 1656 2929 1709 et
2968 1648 3054 1709 ita
3091 1646 3442 1711 individuat

1946 1753 2155 1808 actum
2209 1746 2435 1826 illum3
2477 1747 2570 1807 sic
2615 1745 3032 1826 intelligentia
3080 1754 3175 1808 est
3217 1747 3443 1809 indivi-

331 1844 453 1908 hoc
500 1846 745 1928 aliquid
793 1847 882 1908 ita
929 1847 1377 1929 compositum,
1420 1845 1659 1907 habens
1710 1845 1835 1907 duo
1872 1844 1919 1906 B
1949 1844 2073 1906 dua
2121 1844 2496 1918 substantia,
2543 1844 2708 1905 sicut
2760 1844 2824 1904 in
2875 1844 3309 1925 corporalibus
3355 1845 3446 1906 in-

329 1943 399 2004 in
440 1963 557 2006 sua
596 1952 845 2020 natura,
886 1944 1185 2007 videlicet
1219 1963 1232 2006 ε
1266 1953 1503 2018 actum,
1538 1944 1604 2005 in
1644 1962 1839 2025 quan-

332 2049 470 2102 tum
520 2049 617 2104 est
660 2062 697 2105 a
742 2042 951 2125 prima
996 2061 1221 2122 causa3
1252 2049 1315 2104 et
1363 2043 1735 2124 potentiam,
1770 2041 1835 2102 in

330 2149 645 2220 quantum
678 2160 793 2223 per
822 2142 1185 2204 distantiam
1228 2142 1397 2204 cadit
1424 2161 1461 2202 a
1500 2141 1708 2222 primo
1738 2133 1837 2201 ac-

330 2247 421 2300 tu.
466 2238 699 2322 Sic-que
744 2249 893 2302 sunt
940 2241 1008 2302 in
1059 2239 1499 2322 intelligentiis
1544 2245 1725 2301 actus
1773 2245 1837 2300 et

332 2337 639 2417 potentia,
692 2339 1047 2400 secundum
1103 2338 1274 2420 quod
1332 2345 1481 2400 sunt
1539 2337 1605 2399 in
1659 2337 1834 2398 omni

328 2443 590 2516 creat03
642 2443 707 2498 et
753 2437 820 2498 in
869 2444 1094 2499 natura
1142 2436 1504 2499 intellectus
1554 2435 1837 2518 potentia

330 2531 443 2594 illa
470 2542 569 2596 est
608 2534 893 2615 potentia
928 2533 1237 2608 formalis,
1270 2540 1334 2596 et
1371 2543 1550 2595 actus
1590 2533 1699 2595 ille
1740 2539 1837 2594 est

326 2639 511 2693 actus
581 2633 863 2696 materiae
930 2632 1092 2696 nulli
1160 2633 1521 2695 immersus,
1593 2631 1835 2694 Idcirco

328 2729 643 2793 Averroes
699 2731 951 2794 solvens
1010 2731 1428 2813 quaestionem
1480 2730 1835 2812 Theophra-

328 2828 437 2901 sti,
488 2829 765 2910 qualiter
822 2829 1078 2892 difserat
1132 2830 1415 2911 potentia
1473 2830 1834 2891 intellectus

329 2926 665 3008 possibilis
712 2947 751 2988 a
799 2929 1083 3010 potentia
1131 2928 1431 3002 materiae,
1465 2928 1621 2990 dicit
1664 2929 1833 3010 quod

1948 1943 2298 2004 dividuatio
2328 1951 2424 2004 est
2463 1961 2576 2024 per
2607 1941 2955 2023 potentiam
2996 1943 3274 2005 materiae
3304 1941 3446 2005 fun-

1945 2043 2198 2105 dantem
2227 2051 2291 2104 et
2320 2042 2840 2105 determinantem
2869 2042 3141 2105 formam.
3154 2043 3444 2117 Quamvis

1945 2140 2117 2203 enim
2180 2141 2386 2203 unitas
2436 2141 2529 2203 rei
2577 2141 2877 2204 consistat
2935 2142 3002 2204 in
3051 2141 3276 2214 forma,
3328 2161 3444 2203 nu-

1948 2257 2159 2301 merus
2193 2246 2404 2301 tamen
2446 2239 2512 2300 in
2543 2247 2852 2321 quantum
2888 2239 3270 2303 divisionem
3301 2259 3446 2302 con-

1945 2338 2255 2419 sequitur,
2288 2346 2586 2401 causatur
2613 2358 2651 2400 a
2689 2339 2972 2413 materia,
3006 2339 3108 2402 vel
3149 2359 3186 2402 a
3223 2347 3443 2421 poten-

1947 2435 2034 2498 tia
2069 2436 2350 2500 materiae
2389 2436 2607 2510 simili,
2641 2443 2950 2518 quantum
2989 2438 3067 2498 ad
3107 2438 3228 2500 boc
3273 2438 3441 2519 quod

1945 2535 2230 2617 potentia
2259 2543 2355 2596 est
2385 2553 2573 2597 causa
2602 2535 2934 2597 divisionis
2973 2533 3194 2598 formae
3225 2554 3445 2598 secun-

1945 2632 2100 2694 dum
2142 2651 2300 2695 esse.
2348 2633 2491 2696 Haec
2535 2632 2881 2695 Udalricus,

2024 2730 2219 2812 Cujus
2251 2731 2486 2813 scripta
2515 2731 2898 2794 concordant
2927 2730 3206 2806 Alberto‚
3226 2740 3290 2793 et
3321 2739 3449 2794 tam

1943 2830 2215 2892 obscura
2264 2830 2563 2892 videntur
2609 2839 2681 2892 ut
2725 2830 2918 2892 verba
2969 2829 3336 2913 praehabita.
3382 2832 3446 2895 Si

1943 2927 2115 2990 enim
2172 2927 2590 3009 intelligentia
2643 2937 2739 2990 est
2795 2929 3002 2992 forma
3061 2935 3332 3003 tantum,
3383 2937 3448 2992 et

328 3043 595 3087 necesse
626 3033 719 3088 est
761 3045 899 3088 esse
928 3027 1051 3088 alia
1089 3026 1407 3109 principia
1445 3045 1661 3088 rerum
1699 3044 1834 3089 cor·
1870 3030 1913 3093 C
1943 3026 2147 3088 forma
2197 3026 2304 3088 illa
2351 3035 2448 3089 est
2494 3048 2619 3106 quo
2669 3037 2782 3097 est,
2833 3046 2943 3089 seu
2994 3047 3108 3090 sua
3152 3035 3376 3090 natura
3426 3046 3441 3091 ε

330 3140 700 3204 porearum,
737 3124 863 3186 alia
910 3124 1424 3207 incorporearum
1460 3142 1475 3186 :
1508 3125 1660 3207 quia
1704 3142 1836 3188 cor-

331 3238 531 3302 porea
587 3221 825 3284 habent
882 3223 1212 3284 materiam
1270 3230 1333 3284 et
1388 3222 1683 3296 formam,
1742 3223 1835 3283 in-

330 3338 641 3402 corporea
668 3329 881 3383 autem
921 3321 1185 3384 omnino
1214 3329 1363 3382 sunt
1401 3323 1639 3384 formae.
1674 3321 1834 3382 Hinc

329 3419 697 3480 intellectus
743 3420 1068 3501 possibilis
1118 3420 1279 3482 nihil
1328 3420 1518 3482 habet
1565 3420 1643 3481 de
1692 3437 1835 3502 pro-

329 3517 716 3601 prietatibus
777 3517 1077 3592 materiae,
1140 3518 1263 3580 nisi
1319 3518 1662 3600 aequivoce.
1726 3519 1835 3580 Est

330 3618 549 3699 itaque
582 3615 1003 3697 intelligentia
1033 3617 1153 3679 hoc
1182 3617 1445 3698 aliquid,
1480 3619 1835 3681 secundum

329 3714 504 3796 quod
542 3732 737 3776 omne
774 3716 1177 3796 suppositum
1218 3734 1331 3797 per
1370 3735 1437 3778 se
1482 3715 1833 3780 subsistens

328 3822 525 3896 atque
568 3821 813 3876 naturae
856 3815 1182 3876 communi
1226 3814 1545 3890 substanS,
1579 3816 1712 3877 sive
1752 3818 1836 3879 sit

330 3913 700 3973 communis
732 3912 1001 3974 univoce
1042 3911 1177 3973 sive
1210 3911 1556 3994 analogice,
1591 3932 1835 3976 nuncu-

332 4018 524 4091 patur
573 4010 695 4071 hoc
752 4009 1015 4090 aliquid.
1066 4011 1257 4073 Porro
1313 4010 1718 4092 suppositum
1770 4011 1835 4075 in

334 4125 723 4189 unoquoque
754 4115 850 4168 est
878 4108 997 4170 hoc
1027 4109 1196 4190 quod
1229 4109 1440 4190 ipsum
1473 4117 1588 4183 est,
1608 4117 1671 4172 et
1700 4111 1835 4174 haec

1944 3125 2263 3206 quomodo
2301 3127 2474 3204 quod
2511 3134 2605 3184 εει
2649 3124 3002 3188 individuat
3045 3124 3220 3186 illam
3266 3132 3443 3187 natu-

1946 3241 2079 3284 ram
2124 3241 2238 3284 seu
2281 3223 2574 3296 formam,
2609 3242 2810 3304 quum
2851 3227 3023 3302 quod
3058 3232 3149 3283 εει
3189 3207 3445 3304 sit'ipsa

1945 3321 2166 3383 eadem
2219 3320 2423 3383 forma
2480 3330 2541 3383 et
2596 3321 2806 3403 ipsum
2865 3320 3222 3403 hyliathim,
3274 3321 3442 3403 quod

1946 3427 2128 3482 vocat
2159 3419 2485 3481 Udalricus
2524 3419 2834 3482 formam?
2869 3419 2992 3481 nisi
3027 3419 3190 3482 forte
3231 3419 3442 3502 ipsum

1946 3521 2119 3598 quod
2147 3527 2238 3578 εει
2281 3536 2391 3580 5611
2433 3517 2860 3599 suppositum,
2895 3517 2960 3580 in
3001 3525 3310 3599 quantum
3349 3526 3446 3581 est

1945 3616 2252 3698 potentia,
2279 3616 2676 3679 individuare
2708 3615 2972 3678 dicatur.
2994 3617 3443 3679 Verumtamen

1947 3715 2518 3778 individuationem
2582 3723 2830 3796 oportet
2889 3714 3240 3796 intelligere
3297 3723 3442 3777 ante

1946 3813 2351 3896 suppositum
2390 3813 2612 3875 ordine
2655 3820 2917 3887 naturae,
2957 3820 3256 3894 tanquam
3299 3813 3443 3875 rati-

1945 3930 2132 3974 onem
2166 3930 2278 3974 seu
2322 3930 2576 3974 causam
2616 3910 2950 3974 formalem
2981 3911 3296 3992 suppositi
3327 3930 3439 3972 seu

1948 4010 2286 4084 individui,
2309 4011 2476 4092 quod
2509 4007 3078 4072 individuationem
3112 4009 3436 4091 supponit,

1946 4109 2485 4191 quemadmodum
2515 4107 2732 4169 album
2773 4107 3124 4169 secundum
3158 4107 3325 4187 quod
3356 4107 3440 4169 al-

330 4204 759 4286 intelligentia
788 4206 977 4268 estid
1018 4207 1187 4288 quod
1217 4225 1254 4267 a
1284 4207 1413 4269 Deo
1454 4207 1833 4289 productum
1864 4213 1914 4273 D
1946 4206 2123 4278 bum,
2176 4205 2555 4268 albedinem.
2617 4205 2736 4267 Sed
2795 4203 3022 4267 horum
3081 4203 3440 4268 intellectus

330 4310 430 4366 est
469 4303 552 4365 ad
596 4303 1029 4385 receptionem
1072 4322 1211 4366 esse
1247 4322 1261 4366 :
1297 4305 1439 4367 ideo
1482 4312 1576 4367 est
1620 4305 1685 4366 in
1732 4323 1838 4386 po-

332 4401 536 4464 tentia
583 4401 1023 4483 dependentiae
1071 4402 1149 4463 ad
1205 4401 1463 4485 ipsum;
1511 4411 1575 4464 et
1624 4410 1719 4465 est
1767 4403 1835 4465 in

333 4499 693 4582 privatione
735 4499 801 4561 in
839 4507 1150 4582 quantum
1191 4517 1268 4562 ex
1300 4500 1503 4562 nihilo
1536 4508 1653 4574 est,
1688 4501 1838 4582 quia

334 4598 429 4660 sic
458 4598 817 4660 secundum
846 4617 913 4660 se
944 4599 1107 4660 nibil
1137 4605 1250 4660 est.
1287 4599 1517 4680 Sicque
1549 4599 1838 4680 supposi-

335 4702 477 4757 tum
527 4695 686 4757 illud
736 4695 803 4757 in
852 4695 953 4758 his
998 4695 1472 4759 conditionibus
1521 4696 1839 4759 similatur

336 4793 642 4856 materiae.
698 4794 848 4856 Esse
893 4803 1105 4857 autem
1165 4795 1694 4878 uniuscujusque,
1743 4803 1839 4858 est

334 4911 453 4955 sua
490 4900 740 4965 natura,
772 4893 875 4953 cui
914 4892 1159 4954 substat
1191 4912 1380 4955 suum
1421 4898 1595 4973 quod
1623 4902 1739 4964 est,
1774 4893 1837 4956 id

332 4998 433 5052 est
470 5009 663 5051 suum
704 4989 1127 5071 suppositum.
1163 4991 1499 5073 Propterea
1538 4990 1742 5053 fertur
1772 4989 1839 5051 in

333 5089 504 5153 libro
549 5090 631 5152 de
680 5090 921 5164 CausiS,
968 5091 1136 5171 quod
1187 5090 1607 5171 intelligentia
1650 5089 1841 5151 habet

332 5188 704 5272 hyliathim,
736 5189 799 5250 id
830 5190 965 5250 est*
996 5188 1287 5251 formam.
1321 5224 1401 5235 —
1431 5189 1711 5263 Qualiter
1740 5208 1844 5251 ve-

334 5304 413 5354 ro
442 5287 868 5368 intelligentia
898 5305 1011 5367 per
1040 5287 1340 5368 praedicta
1369 5287 1691 5349 efficiatur
1721 5287 1841 5350 1106

1945 4325 2022 4366 ex
2066 4302 2480 4386 sequentibus
2524 4302 2724 4382 magis
2775 4301 3034 4384 patebit.

2023 4403 2310 4484 Denique
2352 4401 2515 4465 libro
2556 4401 2633 4484 de
2674 4401 2751 4464 lV
2788 4401 3170 4484 Coaequaevis
3219 4401 3443 4464 scribit

1944 4501 2240 4564 Albertus
2279 4501 2498 4563 eadem
2540 4519 2682 4582 quae
2716 4499 2848 4581 jam
2889 4519 2966 4562 ex
3007 4501 3269 4564 Summa
3300 4501 3440 4582 ejus

1946 4600 2205 4663 inducta
2253 4607 2402 4662 sunt
2451 4618 2467 4662 :
2518 4599 2616 4662 Nil
2670 4599 2866 4672 aliud,
2921 4600 3237 4681 inquiens,
3289 4599 3441 4662 facit

1946 4717 2280 4782 personam
2333 4718 2447 4780 per
2492 4717 2558 4760 se
2607 4717 2822 4772 unam,
2863 4699 2988 4761 nisi
3037 4699 3440 4780 particulatio

1944 4797 2164 4861 formae
2197 4817 2387 4879 super
2419 4795 2580 4859 hanc
2623 4797 2970 4859 materiam.
3005 4797 3339 4878 Quumque
3373 4797 3439 4860 in

1944 4895 2185 4976 angelis
2215 4895 2294 4957 sit
2327 4915 2455 4954 esse
2484 4902 2548 4956 et
2576 4898 2750 4974 quod
2777 4904 2893 4965 esc,
2911 4914 3040 4954 esse
3066 4894 3438 4957 distinctum

1946 5013 2137 5075 super
2167 4996 2340 5072 quod
2367 5003 2456 5054 εει
2488 4993 2640 5055 facit
2667 4993 2964 5074 angelum
3002 5013 3113 5075 per
3142 5012 3208 5056 se
3243 5013 3441 5055 unum

1949 5091 2013 5152 in
2055 5097 2280 5152 natura
2317 5090 2604 5171 angelica
2639 5097 2704 5151 et
2732 5108 2870 5152 esse
2911 5107 3264 5172 personam.
3298 5091 3442 5152 Haec

1950 5189 2061 5251 ibi.
2094 5223 2176 5233 —-
2216 5186 2456 5261 Quibus
2507 5196 2855 5251 consonant
2903 5189 3138 5270 scripta
3183 5188 3323 5269 ejus
3375 5188 3440 5250 in

1952 5285 2409 5350 commentario
2451 5305 2644 5369 super
2682 5286 2760 5348 de
2801 5286 3041 5359 CausiS,
3077 5285 3187 5348 ubi
3232 5286 3444 5368 saepis-
