4334 6242
574 490 662 537 An
703 490 930 537 nAEuoN
973 490 1168 537 saum.
1209 488 1416 537 vici-us
1459 490 1542 535 AB
1581 488 1840 547 nonina,
1881 488 1959 534 nn
2001 486 2229 535 carano
2270 488 2313 533 A
2354 488 2733 536 ‘mmm-iona
2774 489 3084 548 namsi-AT,
3124 488 3251 535 mc.
3352 468 3472 533 365

368 668 466 723 cet
507 680 638 725 non
679 662 748 723 in
797 670 946 725 toto.
989 661 1064 723 Et
1113 660 1368 742 quando
1410 660 1502 722 sic
1547 659 1866 741 praevalet,
1898 661 1951 723 A
1977 676 2128 740 qu0,
2164 666 2372 740 potest
2419 678 2672 743 sperare
2717 662 2884 744 quod
2927 662 3084 725 alios
3127 660 3340 723 vincet
3390 658 3471 720 si-

367 778 493 823 non
542 760 823 839 recedit3
866 760 978 822 sed
1027 758 1282 841 quando
1329 756 1612 819 vincitur
1656 756 1866 838 plene,

364 858 605 919 recedit
661 860 886 921 saltem
939 858 1017 919 ad
1071 865 1347 937 tempuS,
1406 863 1476 917 ut
1531 873 1733 936 usque
1793 854 1870 916 ad

365 954 564 1018 finem
608 956 755 1020 vitae
799 955 1001 1019 sancti
1045 973 1082 1016 a
1123 972 1251 1036 quo
1295 953 1502 1016 victus
1546 959 1642 1015 est
1689 970 1702 1013 :
1746 951 1868 1013 nisi

365 1071 442 1114 ex
503 1053 767 1135 speciali
827 1052 1250 1136 permissione
1307 1050 1491 1113 aliter
1548 1050 1873 1131 permitta-

364 1159 490 1225 tur,
537 1151 703 1213 sicut
752 1159 814 1214 et
863 1149 1118 1213 Lucifer
1167 1150 1233 1211 in
1284 1148 1416 1211 l'ine
1467 1148 1873 1231 permittetur

365 1258 628 1312 tentare.
684 1286 765 1295 —
816 1250 961 1314 Haec
1013 1251 1251 1313 Petrus,
1298 1250 1366 1311 ln
1421 1247 1648 1311 ceteris
1707 1247 1872 1309 sicut

365 1346 654 1410 Thomas,

452 1447 739 1530 Denique
785 1447 1135 1510 Richardus
1185 1447 1264 1509 ad
1312 1447 1447 1509 haec
1497 1445 1728 1508 clarius
1777 1462 1872 1506 re-

367 1545 687 1627 spondens
721 1564 736 1607 ι
771 1545 1109 1607 Diabolum
1139 1544 1406 1625 (inquit.)
1433 1544 1604 1606 vinci
1646 1544 1725 1605 ab
1762 1543 1872 1605 illo

365 1659 558 1723 quem
617 1648 840 1715 tentat,
903 1641 1244 1722 dupliciter
1307 1647 1514 1721 potest
1576 1638 1865 1720 intelligi.

363 1738 576 1802 Primo
616 1739 694 1800 de
726 1739 991 1801 victoria
1032 1746 1161 1801 tam
1201 1736 1502 1819 perfecta,
1537 1738 1706 1818 quod
1740 1737 1872 1798 dia-

1980 756 2118 818 mili
2177 758 2523 821 tentatione
2582 777 2595 821 :
2654 760 2803 841 quia
2861 778 2987 823 non
3046 778 3265 823 omnes
3324 763 3473 819 sunt

1979 873 2158 936 aeque
2187 855 2473 919 virtuosi.
2496 857 2704 919 Potest
2726 859 2916 921 etiam
2950 858 3273 920 confidere
3303 856 3472 937 quod

1980 953 2195 1015 vincet
2241 956 2538 1017 eumdem
2590 956 2667 1017 de
2718 956 2844 1019 alio
2891 956 3046 1019 vitio
3098 974 3111 1017 :
3164 954 3315 1038 quia
3362 954 3473 1035 qui

1981 1069 2107 1113 non
2139 1058 2236 1113 est
2266 1069 2504 1133 pronus
2543 1053 2620 1115 ad
2663 1043 2860 1116 u'num
2893 1054 3145 1128 vitium,
3178 1070 3345 1134 saepe
3382 1058 3478 1113 est

1981 1168 2222 1231 pronus
2270 1150 2349 1212 ad
2396 1150 2588 1212 aliud.
2632 1152 2751 1214 Sed
2801 1152 3047 1215 daemon
3098 1168 3223 1213 non
3274 1156 3480 1233 potest

1981 1266 2235 1329 sperare
2265 1248 2434 1331 quod
2466 1250 2762 1312 eumdem
2801 1251 3024 1313 eodem
3056 1250 3245 1312 modo
3276 1267 3342 1311 se
3373 1249 3481 1311 ha-

1981 1345 2263 1423 bentem,
2304 1346 2518 1409 vincet
2566 1349 2785 1410 eadem
2837 1348 2935 1410 vel
2988 1347 3183 1410 simili
3231 1346 3482 1409 tentati-

1981 1462 2102 1507 one
2144 1463 2158 1507 :
2201 1446 2505 1526 quoniam
2549 1446 2717 1508 idern
2761 1466 3023 1509 manens
3064 1447 3257 1520 idem,
3294 1452 3482 1507 natus

1981 1551 2078 1605 est
2117 1545 2341 1606 eodem
2383 1545 2573 1607 modo
2610 1545 2923 1607 resistere.
2953 1545 3095 1608 Haec
3124 1544 3477 1606 Durandus.

2063 1642 2370 1715 Quocirca
2399 1643 2818 1724 pensandum,
2852 1643 3021 1724 quod
3052 1642 3377 1724 persuasio
3408 1642 3483 1704 is·

1982 1748 2044 1803 ta
2073 1758 2201 1802 non
2241 1748 2430 1802 tenet.
2468 1740 2598 1803 Scit
2638 1759 2912 1823 namque
2952 1740 3243 1803 diabolus
3282 1741 3484 1802 homi-

365 1837 552 1900 bolus
597 1838 890 1919 desperat
933 1845 1152 1899 contra
1201 1835 1384 1897 illum
1431 1835 1719 1898 obtinere
1768 1836 1946 1903 tri-B
1983 1857 2130 1900 nem
2186 1856 2313 1901 non
2373 1845 2502 1900 tam
2562 1858 2677 1901 sua
2733 1857 2924 1921 quam
2984 1839 3201 1901 divina
3247 1838 3480 1901 virtute

365 1937 684 2019 umphum
737 1936 814 1997 de
862 1936 1018 1999 vitio
1065 1936 1177 1997 illo
1225 1935 1528 2017 omnique
1575 1934 1699 1996 alio
1748 1952 1761 1996 :
1809 1942 1872 1995 et

366 2035 518 2117 quia
565 2032 859 2097 diabolus
907 2040 1004 2095 est
1053 2032 1388 2115 superbuS,
1431 2032 1600 2095 vinci
1650 2030 1872 2095 abhor-

367 2153 535 2209 renS,
571 2134 718 2195 ideo
763 2132 1042 2215 amplius
1090 2132 1274 2194 illum
1319 2149 1444 2193 non
1490 2138 1710 2205 tentat,
1745 2129 1870 2192 nisi

369 2233 766 2312 conjecturet
829 2231 1011 2293 illum
1073 2238 1292 2313 postea
1355 2230 1730 2292 debiliorem
1799 2247 1870 2290 ac

370 2330 738 2411 proniorem
785 2329 866 2391 ad
915 2329 1156 2391 malum
1204 2328 1530 2390 effectum.
1575 2328 1696 2390 Sed
1743 2345 1870 2390 non

369 2428 554 2490 video
614 2448 731 2490 cur
789 2446 916 2491 non
975 2435 1177 2489 tentet
1236 2425 1432 2488 alium
1493 2444 1683 2506 quem
1743 2442 1869 2487 non

368 2527 638 2589 aestimat
683 2527 773 2590 ita
812 2526 1044 2589 fortem
1087 2533 1158 2587 ut
1200 2525 1384 2587 illum
1422 2544 1459 2587 a
1498 2542 1626 2606 quo
1663 2524 1870 2586 vict-us

367 2633 480 2687 est.
517 2626 644 2689 Cur
685 2625 878 2688 etiam
923 2625 1030 2687 ille
1073 2624 1184 2707 qui
1227 2624 1384 2686 vicit
1425 2622 1706 2706 perfecte
1744 2622 1873 2684 dia-¹

371 2724 589 2787 bolum
635 2723 1029 2797 inferiorem,
1063 2740 1190 2785 non
1228 2730 1505 2785 tentetur
1543 2740 1580 2783 a
1617 2720 1870 2783 diabolo

369 2822 734 2905 potentiori,
769 2840 896 2885 non
927 2823 1131 2885 vide0.
1168 2822 1266 2903 (ln
1305 2821 1532 2883 ceteris
1571 2822 1739 2883 sicut
1767 2820 1871 2882 Pe-

369 2922 557 3002 trus)
593 2958 674 2967 —
715 2921 837 2985 Sed
883 2921 1081 3001 objici
1130 2928 1358 3002 potest,
1405 2920 1707 3001 quoniam
1754 2918 1869 2981 Job

1981 1944 2170 2017 atque
2200 1936 2487 2017 angelica
2526 1956 2647 2019 ope
2688 1936 3142 2001 tentat-ionibus
3182 1936 3480 2019 praevale-

1981 2054 2068 2097 re.
2112 2035 2411 2108 Quamvis
2458 2044 2673 2099 autem
2723 2037 2891 2099 Deus
2939 2044 3247 2117 quantum
3297 2035 3365 2097 in
3414 2054 3483 2097 se

1981 2140 2098 2208 est,
2124 2134 2289 2196 nulli
2319 2154 2507 2197 suum
2538 2143 2724 2216 neget
2752 2135 3087 2210 auxilium,
3110 2153 3236 2196 non
3267 2142 3480 2197 tamen

1983 2230 2236 2313 semper
2286 2231 2690 2296 uniformiter
2736 2233 2932 2307 adest,
2974 2251 3199 2315 neque·
3226 2232 3483 2314 aequali·

1985 2336 2078 2391 ter
2109 2331 2416 2411 praevenit
2446 2331 2791 2394 hominem.
2826 2332 3025 2396 Homo
3054 2350 3307 2413 quoque
3342 2351 3480 2393 mu-

1983 2427 2199 2489 tabilis
2258 2438 2373 2503 est,
2432 2438 2495 2491 et
2562 2430 2926 2512 importuna
2981 2428 3479 2511 impugnationis

1984 2526 2401 2589 diuturnitate
2440 2527 2631 2608 dejici
2670 2528 2847 2591 solet.
2883 2528 3042 2590 Hinc
3077 2527 3479 2591 beatissimos

1983 2625 2177 2699 viros,
2217 2626 2586 2700 Antonium,
2639 2626 3048 2702 Hilarionem,
3088 2645 3161 2688 ac
3210 2626 3476 2702 similes,

1983 2742 2111 2787 non
2153 2724 2360 2787 solum
2398 2724 2620 2787 eodem
2655 2725 2844 2787 modo
2884 2744 2951 2787 se
2988 2725 3315 2800 habenteS,
3350 2725 3480 2787 imo

1986 2821 2266 2903 quotidie
2295 2821 2543 2886 fortiter
2573 2821 3259 2904 proficienteS,daemon
3291 2823 3482 2885 forni-

1983 2920 2250 2982 cationis
2289 2920 2686 3003 interpolatis
2718 2921 2970 2983 vicibus
3013 2922 3321 2984 acerrime
3360 2921 3477 2983 im·

370 3039 407 3082 a
434 3019 688 3083 diabolo
719 3038 886 3102 saepe
925 3018 1051 3081 fuit
1088 3025 1387 3092 tentatuS,
1421 3026 1482 3080 et
1516 3017 1748 3099 saepius
1779 3016 1870 3079 vi·
1908 3025 1950 3090 C
1982 3020 2311 3100 pugnavit,
2374 3026 2443 3081 ut
2498 3019 2565 3081 in
2628 3037 2849 3082 eorum
2910 3029 3201 3082 narratur
3263 3020 3476 3101 legen·
3500 3078 3513 3091 ,

370 3119 475 3179 cit.
509 3117 605 3179 Ad
649 3118 769 3180 hoc
811 3118 1177 3192 dicendum,
1223 3117 1390 3199 quod
1433 3115 1534 3177 vel
1576 3116 1690 3178 Job
1741 3132 1866 3177 non
1980 3118 2097 3179 dis.
2132 3117 2410 3198 Angelus
2442 3135 2697 3199 quoque
2728 3118 2971 3181 Satanae
3000 3117 3474 3182 sanctissimum
3524 3152 3767 3209 neema.

369 3216 593 3279 habuit
624 3216 1006 3279 tentationes
1038 3215 1178 3279 illas
1208 3215 1289 3277 ab
1318 3215 1541 3278 eodem
1573 3214 1866 3292 diab0103
1979 3215 2243 3277 Paulum
2272 3215 2630 3298 apostolum
2657 3216 2896 3297 jugiter
2926 3215 3372 3299 proficientem
3401 3236 3474 3280 ac
3504 3220 3545 3261 ⁷·

121 3726 238 3771 Jacob.
248 3742 300 3781 iv,

370 3316 470 3377 vel
511 3314 802 3377 diabolus
842 3314 951 3376 ille
991 3315 1198 3377 victus
1227 3332 1264 3375 a
1299 3308 1414 3375 Job
1445 3313 1510 3375 in
1550 3330 1699 3388 uno,
1733 3330 1871 3394 spe—

371 3414 535 3477 ravit
575 3414 834 3489 vincere
875 3431 1026 3475 eum
1070 3414 1136 3475 in
1178 3413 1321 3476 alio.

449 3512 566 3586 Qui
615 3520 829 3575 autem
879 3512 1102 3574 dicunt
1158 3510 1484 3573 diabolum
1537 3510 1734 3573 semel
1780 3511 1870 3572 vi-

372 3618 544 3673 ctum
591 3629 719 3673 non
760 3610 1014 3684 reverti,
1049 3618 1316 3692 possunt
1348 3609 1616 3690 allegare
1657 3627 1772 3692 pro
1803 3628 1871 3671 se

330 3762 342 3774 .
373 3710 532 3772 illud
571 3708 788 3773 Jacobi
823 3726 836 3769 ε
869 3708 1164 3771 Resistite
1197 3708 1470 3783 diabolO,
1503 3715 1565 3769 et
1604 3707 1804 3789 fugiet
1834 3727 1871 3770 a

371 3809 573 3872 vobis.
607 3843 690 3853 -
720 3808 864 3871 Haec
905 3807 1275 3869 Richardus.

451 3906 766 3970 Hannibal
816 3912 1119 3968 consonat
1165 3906 1438 3969 Thomae.
1479 3941 1561 3951 —
1603 3904 1872 3967 Thomas

373 4008 450 4069 de
481 4006 828 4088 Argentina
855 4004 1018 4067 nihil
1050 4004 1449 4080 determinat,
1484 4003 1595 4066 sed
1627 4003 1874 4086 opinio-

373 4124 486 4169 nes
529 4112 778 4167 tantum
820 4104 1044 4166 recitat
1085 4103 1376 4166 aliorum.

1981 3314 2453 3396 praevalentem,
2479 3313 3024 3397 importunissime
3053 3316 3472 3399 impugnavit,

1983 3422 2048 3476 ut
2083 3414 2357 3497 ipsemet
2388 3422 2789 3497 protestatur.
2824 3415 2983 3478 Hinc
3020 3415 3369 3478 Richardus
3399 3417 3475 3479 de

1983 3513 2042 3575 S.
2077 3513 2328 3576 Victore
2372 3513 2538 3576 inter
2580 3514 2799 3576 modos
2842 3532 2953 3576 seu
2997 3513 3243 3596 species
3283 3521 3481 3577 tenta-

1982 3611 2253 3687 tionum,
2298 3631 2490 3674 unam
2534 3612 2824 3676 nominat
2866 3611 3317 3695 importunam.

2065 3710 2245 3773 Circa
2273 3710 2408 3773 haec
2438 3711 2665 3791 quaerit
2694 3710 3064 3785 Richardus,
3098 3718 3314 3773 utrum
3349 3728 3482 3793 poe·

1984 3827 2065 3870 na
2104 3808 2467 3871 daemonum
2507 3808 2928 3891 compatiatur
2967 3827 3186 3871 secum
3224 3808 3483 3891 aliquod

1983 3907 2307 3988 gaudium.
2344 3907 2419 3969 Et
2459 3908 2800 3989 respondet
2839 3907 3011 3989 quod
3053 3908 3167 3982 sic,
3198 3916 3345 3971 ante
3387 3907 3485 3970 fu·

1984 4013 2202 4067 turum
2244 4004 2584 4085 judicium,
2637 4024 2763 4069 non
2814 4006 3220 4088 postmodum
3270 4023 3285 4067 :
3332 4024 3486 4089 quo-

1981 4103 2156 4165 niam
2205 4103 2460 4165 interim
2513 4122 2702 4186 poena
2755 4103 3137 4179 daemonum,
3187 4105 3483 4186 quamvis

451 4203 790 4267 Durandus
839 4202 1038 4283 magis
1088 4202 1426 4265 concordat
1474 4200 1872 4284 responsioni
1902 4212 1953 4274 D
1985 4220 2233 4283 magna,
2267 4220 2394 4265 non
2424 4211 2520 4264 est
2550 4210 2761 4265 tamen
2794 4203 3145 4284 completa3
3177 4202 3318 4265 ideo
3349 4222 3483 4267 sus-

369 4304 690 4378 Richardi,
723 4311 914 4385 atque
945 4322 1076 4384 prae
1105 4302 1332 4365 ceteris
1364 4300 1644 4382 loquitur
1673 4320 1873 4363 asser-

369 4404 499 4465 tive
534 4420 548 4464 :
583 4403 865 4476 Daemon,
900 4402 1219 4484 inquienS‚
1252 4401 1581 4465 hominem
1627 4407 1872 4462 tentans

369 4503 446 4565 de
493 4503 710 4584 aliquo
747 4502 926 4577 vitio,
960 4508 1550 4583 quantumcumque
1592 4498 1872 4581 perfecte

369 4602 452 4663 sit
493 4602 726 4675 victuS,
760 4600 958 4662 alium
1001 4608 1215 4661 tamen
1257 4606 1464 4681 potest
1509 4605 1752 4660 tentare
1794 4597 1871 4660 de

369 4700 594 4762 eodem
640 4700 1010 4762 viti0.1tem
1059 4697 1359 4759 eumdem
1407 4716 1444 4759 a
1490 4715 1619 4779 quo
1665 4696 1874 4758 victus

370 4807 486 4873 est,
518 4804 728 4881 potest
765 4790 1008 4859 tentare
1047 4798 1125 4858 de
1163 4796 1289 4858 alio
1324 4795 1515 4875 vitio;
1549 4796 1658 4857 sed
1697 4813 1874 4857 eum-

371 4899 516 4961 dem
551 4898 774 4960 eodem
808 4896 995 4958 modo
1025 4914 1092 4957 se
1122 4896 1484 4969 habentem,
1508 4912 1634 4957 non
1669 4902 1876 4975 potest

372 4999 448 5061 de
479 4998 638 5061 vitio
667 4997 892 5059 eodem
923 5002 1182 5057 tentare.
1219 4995 1394 5068 Quod
1423 5001 1626 5057 totum
1658 4994 1878 5076 proba·

375 5106 476 5160 tur
504 5098 624 5159 hac
656 5095 848 5157 unica
886 5094 1126 5156 ratione
1163 5110 1176 5157 :
1211 5092 1428 5157 Omnis
1463 5100 1710 5154 tentans
1745 5100 1875 5155 ten-

372 5204 462 5259 tat
499 5196 621 5259 sub
662 5212 777 5277 spe
816 5192 1091 5272 alicujus
1131 5191 1431 5254 victoriae.
1466 5191 1585 5254 Sed
1628 5192 1877 5255 daemon

375 5302 969 5381 quantumcumque
1027 5290 1306 5373 peri-ecte
1359 5290 1567 5353 victus
1623 5289 1703 5352 ab
1761 5290 1877 5353 ali-

1982 4302 2142 4363 tinet
2165 4301 2618 4369 admixtionem
2646 4302 2859 4382 gaudii
2888 4302 3163 4385 alicujus
3192 4302 3271 4365 de
3297 4320 3482 4365 even-

1983 4408 2052 4461 tu
2102 4399 2417 4462 malorum
2464 4418 2607 4481 quae
2656 4400 3035 4475 desiderant,
3079 4401 3261 4481 juxta
3319 4401 3479 4463 illud

1943 4528 1954 4537 ·
1982 4499 2462 4561 proverbiorum
2482 4515 2496 4559 ε
2516 4497 2906 4561 Desiderium
2934 4499 2987 4560 si
3018 4500 3365 4591 impleatur,
3381 4501 3481 4563 de·
3532 4526 3666 4573 pm,
3682 4540 3771 4582 m,

1985 4599 2173 4661 lectat
2202 4598 2502 4660 animam.
2537 4599 2711 4661 Unde
2741 4607 2804 4661 et
2840 4606 3065 4681 quarto
3102 4599 3179 4661 de
3211 4600 3476 4663 Civitate
3509 4594 3573 4635 ¹⁹·

1985 4699 2096 4761 Dei
2153 4698 2436 4780 loquitur
2492 4698 2903 4779 AugustinuS,
2953 4699 3123 4779 quod
3182 4699 3479 4781 turpibus

1983 4797 2278 4878 gaudent.
2330 4796 2473 4859 Post
2516 4796 2835 4879 judicium
2881 4813 3033 4858 vero
3090 4796 3475 4873 ultimatum,

1985 4894 2225 4958 nullius
2260 4896 2474 4976 gaudii
2504 4901 2692 4957 erunt
2721 4902 3067 4977 compoteS,
3102 4895 3330 4977 repleti
3360 4896 3477 4957 mi-

1985 4993 2188 5056 seriis.

2065 5091 2226 5154 Huic
2256 5093 2653 5174 responsioni
2685 5092 2937 5157 videtur
2965 5094 3293 5178 responsio
3318 5093 3482 5158 Guil-

1987 5190 2164 5253 lelmi
2208 5192 2400 5273 paulo
2440 5200 2585 5255 ante
2634 5193 2912 5269 inducta,
2956 5193 3315 5276 aliqualiter
3355 5193 3479 5259 dis-

1988 5290 2243 5353 sentire.
