<?xml version="1.0" encoding="UTF-8"?>
<!DOCTYPE html PUBLIC "-//W3C//DTD XHTML 1.0 Transitional//EN"
    "http://www.w3.org/TR/xhtml1/DTD/xhtml1-transitional.dtd">
<html xmlns="http://www.w3.org/1999/xhtml" xml:lang="en" lang="en">
 <head>
  <title>
</title>
<meta http-equiv="Content-Type" content="text/html;charset=utf-8" />
  <meta name='ocr-system' content='tesseract 3.04.00' />
  <meta name='ocr-capabilities' content='ocr_page ocr_carea ocr_par ocr_line ocrx_word'/>
</head>
<body>
  <div class='ocr_page' id='page_1' title='image "./doctorisecstati01denigoog_0571.png"; bbox 0 0 4334 6242; ppageno 0'>
   <div class='ocr_carea' id='block_1_1' title="bbox 685 499 3261 558">
    <p class='ocr_par' dir='ltr' id='par_1_1' title="bbox 685 499 3261 558">
     <span class='ocr_line' id='line_1_1' title="bbox 685 499 3261 558; baseline -0.001 -10"><span class='ocrx_word' id='word_1_1' title='bbox 685 502 891 549; x_wconf 75' lang='lat' dir='ltr'><strong>mlum</strong></span> <span class='ocrx_word' id='word_1_2' title='bbox 933 504 1132 550; x_wconf 71' lang='lat' dir='ltr'>OMNES</span> <span class='ocrx_word' id='word_1_3' title='bbox 1174 501 1458 550; x_wconf 67' lang='lat' dir='ltr'><strong>Anat-:mol</strong></span> <span class='ocrx_word' id='word_1_4' title='bbox 1499 503 1766 558; x_wconf 78' lang='lat' dir='ltr'><strong>sruu&#39;rus</strong></span> <span class='ocrx_word' id='word_1_5' title='bbox 1809 501 2177 549; x_wconf 74' lang='lat' dir='ltr'><strong>mmsmmn·</strong></span> <span class='ocrx_word' id='word_1_6' title='bbox 2217 500 2329 548; x_wconf 80' lang='lat' dir='ltr'><strong>SEU</strong></span> <span class='ocrx_word' id='word_1_7' title='bbox 2370 501 2437 547; x_wconf 80' lang='grc' dir='ltr'><strong>ΙΝ</strong></span> <span class='ocrx_word' id='word_1_8' title='bbox 2476 499 2875 547; x_wconf 76' lang='lat' dir='ltr'><strong>mNJSTEmtm</strong></span> <span class='ocrx_word' id='word_1_9' title='bbox 2914 499 3261 546; x_wconf 73' lang='lat' dir='ltr'><strong>MlT‘rAN&#39;rtm</strong></span> 
     </span>
    </p>
   </div>
   <div class='ocr_carea' id='block_1_2' title="bbox 3396 480 3518 544">
    <p class='ocr_par' dir='ltr' id='par_1_2' title="bbox 3396 480 3518 544">
     <span class='ocr_line' id='line_1_2' title="bbox 3396 480 3518 544; baseline 0 0"><span class='ocrx_word' id='word_1_10' title='bbox 3396 480 3518 544; x_wconf 76' lang='lat'><strong>529</strong></span> 
     </span>
    </p>
   </div>
   <div class='ocr_carea' id='block_1_3' title="bbox 417 665 3521 758">
    <p class='ocr_par' dir='ltr' id='par_1_3' title="bbox 417 665 3521 758">
     <span class='ocr_line' id='line_1_3' title="bbox 417 665 3521 758; baseline -0.002 -21"><span class='ocrx_word' id='word_1_11' title='bbox 417 692 527 737; x_wconf 90' lang='lat' dir='ltr'><strong>mo</strong></span> <span class='ocrx_word' id='word_1_12' title='bbox 555 683 619 737; x_wconf 90' lang='lat' dir='ltr'><strong>et</strong></span> <span class='ocrx_word' id='word_1_13' title='bbox 649 695 764 757; x_wconf 88' lang='lat' dir='ltr'><strong>per</strong></span> <span class='ocrx_word' id='word_1_14' title='bbox 792 695 882 750; x_wconf 90' lang='lat' dir='ltr'><strong>se,</strong></span> <span class='ocrx_word' id='word_1_15' title='bbox 915 695 1030 757; x_wconf 90' lang='lat' dir='ltr'><strong>per</strong></span> <span class='ocrx_word' id='word_1_16' title='bbox 1059 675 1228 758; x_wconf 86' lang='lat' dir='ltr'><strong>quod</strong></span> <span class='ocrx_word' id='word_1_17' title='bbox 1259 665 1558 738; x_wconf 82' lang='lat' dir='ltr'><strong>videntur</strong></span> <span class='ocrx_word' id='word_1_18' title='bbox 1587 681 1649 736; x_wconf 89' lang='lat' dir='ltr'><strong>et</strong></span> <span class='ocrx_word' id='word_1_19' title='bbox 1678 674 1822 748; x_wconf 90' lang='lat' dir='ltr'><strong>alia,</strong></span> <span class='ocrx_word' id='word_1_20' title='bbox 1849 673 1915 735; x_wconf 92' lang='lat' dir='ltr'><strong>in</strong></span> <span class='ocrx_word' id='word_1_21' title='bbox 1943 673 1994 736; x_wconf 87' lang='grc' dir='ltr'><strong>Α</strong></span> <span class='ocrx_word' id='word_1_22' title='bbox 2023 693 2181 735; x_wconf 90' lang='lat' dir='ltr'><strong>nans</strong></span> <span class='ocrx_word' id='word_1_23' title='bbox 2212 672 2607 734; x_wconf 89' lang='lat' dir='ltr'><strong>intellectum</strong></span> <span class='ocrx_word' id='word_1_24' title='bbox 2638 673 2715 735; x_wconf 88' lang='lat' dir='ltr'><strong>ad</strong></span> <span class='ocrx_word' id='word_1_25' title='bbox 2748 670 3521 753; x_wconf 89' lang='lat' dir='ltr'><strong>cognoscendum.Verum</strong></span> 
     </span>
    </p>
   </div>
   <div class='ocr_carea' id='block_1_4' title="bbox 413 771 1918 1838">
    <p class='ocr_par' dir='ltr' id='par_1_4' title="bbox 413 771 1918 1838">
     <span class='ocr_line' id='line_1_4' title="bbox 415 771 1916 856; baseline -0.002 -22"><span class='ocrx_word' id='word_1_26' title='bbox 415 781 728 854; x_wconf 90' lang='lat' dir='ltr'><strong>quantum</strong></span> <span class='ocrx_word' id='word_1_27' title='bbox 769 774 1154 856; x_wconf 88' lang='lat' dir='ltr'><strong>participant</strong></span> <span class='ocrx_word' id='word_1_28' title='bbox 1193 773 1410 835; x_wconf 90' lang='lat' dir='ltr'><strong>lumen</strong></span> <span class='ocrx_word' id='word_1_29' title='bbox 1452 780 1515 834; x_wconf 90' lang='lat' dir='ltr'><strong>et</strong></span> <span class='ocrx_word' id='word_1_30' title='bbox 1559 772 1802 834; x_wconf 90' lang='lat' dir='ltr'><strong>lumine</strong></span> <span class='ocrx_word' id='word_1_31' title='bbox 1843 771 1916 832; x_wconf 84' lang='lat' dir='ltr'><strong>il-</strong></span> 
     </span>
     <span class='ocr_line' id='line_1_5' title="bbox 415 869 1912 952; baseline -0.001 -21"><span class='ocrx_word' id='word_1_32' title='bbox 415 871 798 950; x_wconf 84' lang='lat' dir='ltr'><strong>lustrantur3</strong></span> <span class='ocrx_word' id='word_1_33' title='bbox 831 873 922 934; x_wconf 92' lang='lat' dir='ltr'><strong>sic</strong></span> <span class='ocrx_word' id='word_1_34' title='bbox 963 871 1030 932; x_wconf 91' lang='lat' dir='ltr'><strong>in</strong></span> <span class='ocrx_word' id='word_1_35' title='bbox 1061 871 1504 952; x_wconf 82' lang='lat' dir='ltr'><strong>spiritualibus</strong></span> <span class='ocrx_word' id='word_1_36' title='bbox 1546 871 1654 932; x_wconf 84' lang='lat' dir='ltr'><strong>lux</strong></span> <span class='ocrx_word' id='word_1_37' title='bbox 1687 869 1912 951; x_wconf 91' lang='lat' dir='ltr'><strong>prima,</strong></span> 
     </span>
     <span class='ocr_line' id='line_1_6' title="bbox 413 968 1918 1050; baseline -0.001 -20"><span class='ocrx_word' id='word_1_38' title='bbox 413 987 559 1050; x_wconf 84' lang='lat' dir='ltr'><strong>quae</strong></span> <span class='ocrx_word' id='word_1_39' title='bbox 588 968 753 1031; x_wconf 90' lang='lat' dir='ltr'><strong>Deus</strong></span> <span class='ocrx_word' id='word_1_40' title='bbox 784 976 900 1042; x_wconf 88' lang='lat' dir='ltr'><strong>est,</strong></span> <span class='ocrx_word' id='word_1_41' title='bbox 923 977 1018 1031; x_wconf 90' lang='lat' dir='ltr'><strong>est</strong></span> <span class='ocrx_word' id='word_1_42' title='bbox 1050 969 1334 1050; x_wconf 88' lang='lat' dir='ltr'><strong>primum</strong></span> <span class='ocrx_word' id='word_1_43' title='bbox 1369 968 1771 1050; x_wconf 80' lang='lat' dir='ltr'><strong>intelligibile</strong></span> <span class='ocrx_word' id='word_1_44' title='bbox 1803 986 1918 1049; x_wconf 91' lang='lat' dir='ltr'><strong>per</strong></span> 
     </span>
     <span class='ocr_line' id='line_1_7' title="bbox 415 1066 1918 1149; baseline 0 -22"><span class='ocrx_word' id='word_1_45' title='bbox 415 1079 506 1140; x_wconf 90' lang='lat' dir='ltr'><strong>se,</strong></span> <span class='ocrx_word' id='word_1_46' title='bbox 541 1066 727 1147; x_wconf 90' lang='lat' dir='ltr'><strong>cujus</strong></span> <span class='ocrx_word' id='word_1_47' title='bbox 769 1067 1254 1149; x_wconf 76' lang='lat' dir='ltr'><strong>participatione</strong></span> <span class='ocrx_word' id='word_1_48' title='bbox 1287 1067 1350 1128; x_wconf 90' lang='lat' dir='ltr'><strong>in</strong></span> <span class='ocrx_word' id='word_1_49' title='bbox 1389 1085 1527 1128; x_wconf 89' lang='lat' dir='ltr'><strong>esse</strong></span> <span class='ocrx_word' id='word_1_50' title='bbox 1567 1066 1818 1128; x_wconf 90' lang='lat' dir='ltr'><strong>formali</strong></span> <span class='ocrx_word' id='word_1_51' title='bbox 1852 1073 1918 1127; x_wconf 90' lang='lat' dir='ltr'><strong>et</strong></span> 
     </span>
     <span class='ocr_line' id='line_1_8' title="bbox 415 1163 1915 1244; baseline -0.001 -18"><span class='ocrx_word' id='word_1_52' title='bbox 415 1163 840 1228; x_wconf 79' lang='lat' dir='ltr'><strong>illustratione</strong></span> <span class='ocrx_word' id='word_1_53' title='bbox 871 1165 1085 1227; x_wconf 90' lang='lat' dir='ltr'><strong>omnia</strong></span> <span class='ocrx_word' id='word_1_54' title='bbox 1113 1164 1238 1227; x_wconf 86' lang='lat' dir='ltr'><strong>alia</strong></span> <span class='ocrx_word' id='word_1_55' title='bbox 1269 1164 1730 1244; x_wconf 88' lang='lat' dir='ltr'><strong>intelliguntur.</strong></span> <span class='ocrx_word' id='word_1_56' title='bbox 1755 1164 1915 1226; x_wconf 87' lang='lat' dir='ltr'><strong>Hinc</strong></span> 
     </span>
     <span class='ocr_line' id='line_1_9' title="bbox 415 1261 1918 1342; baseline -0.001 -17"><span class='ocrx_word' id='word_1_57' title='bbox 415 1263 584 1325; x_wconf 90' lang='lat' dir='ltr'><strong>sicut</strong></span> <span class='ocrx_word' id='word_1_58' title='bbox 624 1263 680 1326; x_wconf 90' lang='lat' dir='ltr'><strong>is</strong></span> <span class='ocrx_word' id='word_1_59' title='bbox 717 1263 953 1324; x_wconf 88' lang='lat' dir='ltr'><strong>dicitur</strong></span> <span class='ocrx_word' id='word_1_60' title='bbox 989 1263 1250 1325; x_wconf 91' lang='lat' dir='ltr'><strong>domum</strong></span> <span class='ocrx_word' id='word_1_61' title='bbox 1290 1281 1404 1324; x_wconf 91' lang='lat' dir='ltr'><strong>seu</strong></span> <span class='ocrx_word' id='word_1_62' title='bbox 1443 1261 1661 1324; x_wconf 87' lang='lat' dir='ltr'><strong>oculos</strong></span> <span class='ocrx_word' id='word_1_63' title='bbox 1701 1279 1918 1342; x_wconf 92' lang='lat' dir='ltr'><strong>corpo·</strong></span> 
     </span>
     <span class='ocr_line' id='line_1_10' title="bbox 419 1360 1918 1442; baseline -0.001 -20"><span class='ocrx_word' id='word_1_64' title='bbox 419 1361 580 1424; x_wconf 88' lang='lat' dir='ltr'><strong>rales</strong></span> <span class='ocrx_word' id='word_1_65' title='bbox 613 1360 999 1436; x_wconf 91' lang='lat' dir='ltr'><strong>illuminare,</strong></span> <span class='ocrx_word' id='word_1_66' title='bbox 1022 1361 1130 1442; x_wconf 92' lang='lat' dir='ltr'><strong>qui</strong></span> <span class='ocrx_word' id='word_1_67' title='bbox 1163 1360 1314 1422; x_wconf 90' lang='lat' dir='ltr'><strong>facit</strong></span> <span class='ocrx_word' id='word_1_68' title='bbox 1345 1378 1756 1441; x_wconf 89' lang='lat' dir='ltr'><strong>quocumque</strong></span> <span class='ocrx_word' id='word_1_69' title='bbox 1787 1377 1918 1421; x_wconf 90' lang='lat' dir='ltr'><strong>mo-</strong></span> 
     </span>
     <span class='ocr_line' id='line_1_11' title="bbox 418 1459 1916 1544; baseline -0.001 -22"><span class='ocrx_word' id='word_1_70' title='bbox 418 1461 502 1522; x_wconf 91' lang='lat' dir='ltr'><strong>do</strong></span> <span class='ocrx_word' id='word_1_71' title='bbox 559 1469 630 1521; x_wconf 93' lang='lat' dir='ltr'><strong>ut</strong></span> <span class='ocrx_word' id='word_1_72' title='bbox 677 1461 894 1523; x_wconf 91' lang='lat' dir='ltr'><strong>lumen</strong></span> <span class='ocrx_word' id='word_1_73' title='bbox 944 1461 1008 1523; x_wconf 90' lang='lat' dir='ltr'><strong>in</strong></span> <span class='ocrx_word' id='word_1_74' title='bbox 1071 1460 1280 1522; x_wconf 88' lang='lat' dir='ltr'><strong>medio</strong></span> <span class='ocrx_word' id='word_1_75' title='bbox 1329 1459 1678 1544; x_wconf 81' lang='lat' dir='ltr'><strong>splendeat,</strong></span> <span class='ocrx_word' id='word_1_76' title='bbox 1728 1467 1792 1521; x_wconf 91' lang='lat' dir='ltr'><strong>et</strong></span> <span class='ocrx_word' id='word_1_77' title='bbox 1836 1459 1916 1521; x_wconf 91' lang='lat' dir='ltr'><strong>ad</strong></span> 
     </span>
     <span class='ocr_line' id='line_1_12' title="bbox 417 1556 1917 1638; baseline -0.001 -18"><span class='ocrx_word' id='word_1_78' title='bbox 417 1566 633 1620; x_wconf 89' lang='lat' dir='ltr'><strong>actum</strong></span> <span class='ocrx_word' id='word_1_79' title='bbox 684 1559 942 1622; x_wconf 88' lang='lat' dir='ltr'><strong>videndi</strong></span> <span class='ocrx_word' id='word_1_80' title='bbox 991 1560 1322 1638; x_wconf 83' lang='lat' dir='ltr'><strong>immutet3</strong></span> <span class='ocrx_word' id='word_1_81' title='bbox 1360 1559 1452 1620; x_wconf 90' lang='lat' dir='ltr'><strong>sic</strong></span> <span class='ocrx_word' id='word_1_82' title='bbox 1501 1556 1917 1638; x_wconf 85' lang='lat' dir='ltr'><strong>spiritualiter</strong></span> 
     </span>
     <span class='ocr_line' id='line_1_13' title="bbox 417 1656 1916 1738; baseline -0.001 -19"><span class='ocrx_word' id='word_1_83' title='bbox 417 1657 654 1720; x_wconf 90' lang='lat' dir='ltr'><strong>dicitur</strong></span> <span class='ocrx_word' id='word_1_84' title='bbox 697 1657 994 1738; x_wconf 81' lang='lat' dir='ltr'><strong>angelum</strong></span> <span class='ocrx_word' id='word_1_85' title='bbox 1034 1657 1418 1729; x_wconf 87' lang='lat' dir='ltr'><strong>illuminare,</strong></span> <span class='ocrx_word' id='word_1_86' title='bbox 1461 1656 1572 1738; x_wconf 92' lang='lat' dir='ltr'><strong>qui</strong></span> <span class='ocrx_word' id='word_1_87' title='bbox 1613 1674 1916 1738; x_wconf 90' lang='lat' dir='ltr'><strong>quocum-</strong></span> 
     </span>
     <span class='ocr_line' id='line_1_14' title="bbox 417 1754 1916 1838; baseline -0.001 -20"><span class='ocrx_word' id='word_1_88' title='bbox 417 1775 543 1838; x_wconf 89' lang='lat' dir='ltr'><strong>que</strong></span> <span class='ocrx_word' id='word_1_89' title='bbox 596 1757 784 1818; x_wconf 96' lang='lat' dir='ltr'><strong>modo</strong></span> <span class='ocrx_word' id='word_1_90' title='bbox 826 1757 955 1837; x_wconf 89' lang='lat' dir='ltr'><strong>agit</strong></span> <span class='ocrx_word' id='word_1_91' title='bbox 998 1755 1062 1817; x_wconf 90' lang='lat' dir='ltr'><strong>in</strong></span> <span class='ocrx_word' id='word_1_92' title='bbox 1107 1755 1433 1817; x_wconf 85' lang='lat' dir='ltr'><strong>intellectu</strong></span> <span class='ocrx_word' id='word_1_93' title='bbox 1476 1754 1764 1835; x_wconf 88' lang='lat' dir='ltr'><strong>angelico</strong></span> <span class='ocrx_word' id='word_1_94' title='bbox 1805 1754 1916 1816; x_wconf 91' lang='lat' dir='ltr'><strong>ali-</strong></span> 
     </span>
    </p>
   </div>
   <div class='ocr_carea' id='block_1_5' title="bbox 2025 767 3593 1836">
    <p class='ocr_par' dir='ltr' id='par_1_5' title="bbox 2025 767 3521 950">
     <span class='ocr_line' id='line_1_15' title="bbox 2025 767 3521 834; baseline -0.001 -2"><span class='ocrx_word' id='word_1_95' title='bbox 2025 771 2142 834; x_wconf 91' lang='lat' dir='ltr'><strong>iste</strong></span> <span class='ocrx_word' id='word_1_96' title='bbox 2203 772 2427 834; x_wconf 92' lang='lat' dir='ltr'><strong>modus</strong></span> <span class='ocrx_word' id='word_1_97' title='bbox 2485 771 2563 834; x_wconf 98' lang='lat' dir='ltr'><strong>ad</strong></span> <span class='ocrx_word' id='word_1_98' title='bbox 2613 771 2966 834; x_wconf 83' lang='lat' dir='ltr'><strong>doctrinam</strong></span> <span class='ocrx_word' id='word_1_99' title='bbox 3026 778 3089 831; x_wconf 92' lang='lat' dir='ltr'><strong>et</strong></span> <span class='ocrx_word' id='word_1_100' title='bbox 3137 767 3521 832; x_wconf 90' lang='lat' dir='ltr'><strong>locutionem</strong></span> 
     </span>
     <span class='ocr_line' id='line_1_16' title="bbox 2027 869 2734 950; baseline 0.001 -21"><span class='ocrx_word' id='word_1_101' title='bbox 2027 869 2301 950; x_wconf 89' lang='lat' dir='ltr'><strong>pertinet</strong></span> <span class='ocrx_word' id='word_1_102' title='bbox 2342 869 2734 950; x_wconf 90' lang='lat' dir='ltr'><strong>angelorum.</strong></span> 
     </span>
    </p>

    <p class='ocr_par' dir='ltr' id='par_1_6' title="bbox 2025 965 3593 1836">
     <span class='ocr_line' id='line_1_17' title="bbox 2103 965 3524 1048; baseline -0.002 -19"><span class='ocrx_word' id='word_1_103' title='bbox 2103 967 2293 1029; x_wconf 92' lang='lat' dir='ltr'><strong>Porro</strong></span> <span class='ocrx_word' id='word_1_104' title='bbox 2332 966 2649 1048; x_wconf 90' lang='lat' dir='ltr'><strong>loquendo</strong></span> <span class='ocrx_word' id='word_1_105' title='bbox 2679 967 2756 1028; x_wconf 88' lang='lat' dir='ltr'><strong>de</strong></span> <span class='ocrx_word' id='word_1_106' title='bbox 2794 965 3263 1028; x_wconf 90' lang='lat' dir='ltr'><strong>illuminatione</strong></span> <span class='ocrx_word' id='word_1_107' title='bbox 3300 983 3524 1028; x_wconf 90' lang='lat' dir='ltr'><strong>secun-</strong></span> 
     </span>
     <span class='ocr_line' id='line_1_18' title="bbox 2025 1063 3529 1146; baseline -0.002 -20"><span class='ocrx_word' id='word_1_108' title='bbox 2025 1065 2106 1126; x_wconf 92' lang='lat' dir='ltr'><strong>do</strong></span> <span class='ocrx_word' id='word_1_109' title='bbox 2139 1065 2325 1128; x_wconf 91' lang='lat' dir='ltr'><strong>modo</strong></span> <span class='ocrx_word' id='word_1_110' title='bbox 2356 1065 2717 1146; x_wconf 87' lang='lat' dir='ltr'><strong>principali,</strong></span> <span class='ocrx_word' id='word_1_111' title='bbox 2752 1063 3085 1126; x_wconf 88' lang='lat' dir='ltr'><strong>inferiores</strong></span> <span class='ocrx_word' id='word_1_112' title='bbox 3122 1063 3331 1143; x_wconf 87' lang='lat' dir='ltr'><strong>angeli</strong></span> <span class='ocrx_word' id='word_1_113' title='bbox 3359 1081 3396 1123; x_wconf 91' lang='lat' dir='ltr'><strong>a</strong></span> <span class='ocrx_word' id='word_1_114' title='bbox 3423 1081 3529 1124; x_wconf 91' lang='lat' dir='ltr'><strong>su-</strong></span> 
     </span>
     <span class='ocr_line' id='line_1_19' title="bbox 2025 1161 3527 1245; baseline -0.003 -20"><span class='ocrx_word' id='word_1_115' title='bbox 2025 1163 2386 1245; x_wconf 87' lang='lat' dir='ltr'><strong>perioribus</strong></span> <span class='ocrx_word' id='word_1_116' title='bbox 2434 1162 2669 1225; x_wconf 91' lang='lat' dir='ltr'><strong>habent</strong></span> <span class='ocrx_word' id='word_1_117' title='bbox 2720 1162 3092 1224; x_wconf 90' lang='lat' dir='ltr'><strong>illuminari.</strong></span> <span class='ocrx_word' id='word_1_118' title='bbox 3126 1161 3393 1223; x_wconf 90' lang='lat' dir='ltr'><strong>Possunt</strong></span> <span class='ocrx_word' id='word_1_119' title='bbox 3438 1167 3527 1222; x_wconf 91' lang='lat' dir='ltr'><strong>et·</strong></span> 
     </span>
     <span class='ocr_line' id='line_1_20' title="bbox 2025 1258 3593 1343; baseline -0.003 -19"><span class='ocrx_word' id='word_1_120' title='bbox 2025 1261 2195 1324; x_wconf 90' lang='lat' dir='ltr'><strong>enim</strong></span> <span class='ocrx_word' id='word_1_121' title='bbox 2226 1263 2579 1343; x_wconf 87' lang='lat' dir='ltr'><strong>superiores</strong></span> <span class='ocrx_word' id='word_1_122' title='bbox 2608 1260 2815 1342; x_wconf 90' lang='lat' dir='ltr'><strong>angeli</strong></span> <span class='ocrx_word' id='word_1_123' title='bbox 2845 1259 3086 1342; x_wconf 92' lang='lat' dir='ltr'><strong>aliquid</strong></span> <span class='ocrx_word' id='word_1_124' title='bbox 3117 1258 3325 1322; x_wconf 84' lang='lat' dir='ltr'><strong>facere</strong></span> <span class='ocrx_word' id='word_1_125' title='bbox 3356 1258 3527 1320; x_wconf 89' lang='lat' dir='ltr'><strong>circa</strong></span> <span class='ocrx_word' id='word_1_126' title='bbox 3590 1323 3593 1327; x_wconf 67' lang='grc'><em>,</em></span> 
     </span>
     <span class='ocr_line' id='line_1_21' title="bbox 2027 1356 3523 1442; baseline -0.003 -20"><span class='ocrx_word' id='word_1_127' title='bbox 2027 1359 2381 1434; x_wconf 79' lang='lat' dir='ltr'><strong>inferioreS,</strong></span> <span class='ocrx_word' id='word_1_128' title='bbox 2416 1378 2544 1442; x_wconf 92' lang='lat' dir='ltr'><strong>quo</strong></span> <span class='ocrx_word' id='word_1_129' title='bbox 2586 1359 2777 1433; x_wconf 84' lang='lat' dir='ltr'><strong>facte,</strong></span> <span class='ocrx_word' id='word_1_130' title='bbox 2810 1359 3029 1421; x_wconf 86' lang='lat' dir='ltr'><strong>lumen</strong></span> <span class='ocrx_word' id='word_1_131' title='bbox 3072 1358 3242 1440; x_wconf 92' lang='lat' dir='ltr'><strong>quod</strong></span> <span class='ocrx_word' id='word_1_132' title='bbox 3285 1356 3523 1419; x_wconf 93' lang='lat' dir='ltr'><strong>illumi-</strong></span> 
     </span>
     <span class='ocr_line' id='line_1_22' title="bbox 2025 1455 3525 1538; baseline -0.001 -19"><span class='ocrx_word' id='word_1_133' title='bbox 2025 1464 2133 1519; x_wconf 90' lang='lat' dir='ltr'><strong>nat</strong></span> <span class='ocrx_word' id='word_1_134' title='bbox 2169 1458 2248 1520; x_wconf 89' lang='lat' dir='ltr'><strong>ad</strong></span> <span class='ocrx_word' id='word_1_135' title='bbox 2290 1457 2819 1538; x_wconf 88' lang='lat' dir='ltr'><strong>cognoscendum,</strong></span> <span class='ocrx_word' id='word_1_136' title='bbox 2860 1456 3230 1520; x_wconf 85' lang='lat' dir='ltr'><strong>infundatur</strong></span> <span class='ocrx_word' id='word_1_137' title='bbox 3268 1455 3525 1517; x_wconf 89' lang='lat' dir='ltr'><strong>inferio-</strong></span> 
     </span>
     <span class='ocr_line' id='line_1_23' title="bbox 2027 1554 3526 1639; baseline -0.002 -22"><span class='ocrx_word' id='word_1_138' title='bbox 2027 1556 2228 1630; x_wconf 82' lang='lat' dir='ltr'><strong>ribuS‚</strong></span> <span class='ocrx_word' id='word_1_139' title='bbox 2275 1557 2445 1639; x_wconf 92' lang='lat' dir='ltr'><strong>quod</strong></span> <span class='ocrx_word' id='word_1_140' title='bbox 2496 1555 2754 1639; x_wconf 81' lang='lat' dir='ltr'><strong>ipsimet</strong></span> <span class='ocrx_word' id='word_1_141' title='bbox 2799 1555 3006 1636; x_wconf 89' lang='lat' dir='ltr'><strong>angeli</strong></span> <span class='ocrx_word' id='word_1_142' title='bbox 3056 1561 3380 1636; x_wconf 87' lang='lat' dir='ltr'><strong>nequeunt</strong></span> <span class='ocrx_word' id='word_1_143' title='bbox 3428 1554 3526 1615; x_wconf 92' lang='lat' dir='ltr'><strong>in-</strong></span> 
     </span>
     <span class='ocr_line' id='line_1_24' title="bbox 2027 1653 3525 1737; baseline -0.002 -20"><span class='ocrx_word' id='word_1_144' title='bbox 2027 1655 2313 1717; x_wconf 87' lang='lat' dir='ltr'><strong>fundere.</strong></span> <span class='ocrx_word' id='word_1_145' title='bbox 2359 1655 2436 1716; x_wconf 90' lang='lat' dir='ltr'><strong>Et</strong></span> <span class='ocrx_word' id='word_1_146' title='bbox 2482 1655 2602 1717; x_wconf 91' lang='lat' dir='ltr'><strong>hoc</strong></span> <span class='ocrx_word' id='word_1_147' title='bbox 2651 1654 3039 1737; x_wconf 90' lang='lat' dir='ltr'><strong>dupliciter:</strong></span> <span class='ocrx_word' id='word_1_148' title='bbox 3075 1653 3303 1736; x_wconf 88' lang='lat' dir='ltr'><strong>primo,</strong></span> <span class='ocrx_word' id='word_1_149' title='bbox 3354 1671 3525 1714; x_wconf 92' lang='lat' dir='ltr'><strong>mere</strong></span> 
     </span>
     <span class='ocr_line' id='line_1_25' title="bbox 2027 1752 3529 1836; baseline -0.003 -19"><span class='ocrx_word' id='word_1_150' title='bbox 2027 1755 2414 1817; x_wconf 90' lang='lat' dir='ltr'><strong>contrarium</strong></span> <span class='ocrx_word' id='word_1_151' title='bbox 2458 1753 2816 1836; x_wconf 90' lang='lat' dir='ltr'><strong>impediens</strong></span> <span class='ocrx_word' id='word_1_152' title='bbox 2855 1752 3273 1831; x_wconf 83' lang='lat' dir='ltr'><strong>removend03</strong></span> <span class='ocrx_word' id='word_1_153' title='bbox 3306 1771 3529 1814; x_wconf 87' lang='lat' dir='ltr'><strong>secun-</strong></span> 
     </span>
    </p>
   </div>
   <div class='ocr_carea' id='block_1_6' title="bbox 415 1850 3526 1936">
    <p class='ocr_par' dir='ltr' id='par_1_7' title="bbox 415 1850 3526 1936">
     <span class='ocr_line' id='line_1_26' title="bbox 415 1850 3526 1936; baseline -0.001 -21"><span class='ocrx_word' id='word_1_154' title='bbox 415 1855 573 1936; x_wconf 93' lang='lat' dir='ltr'><strong>quid</strong></span> <span class='ocrx_word' id='word_1_155' title='bbox 624 1873 753 1936; x_wconf 90' lang='lat' dir='ltr'><strong>quo</strong></span> <span class='ocrx_word' id='word_1_156' title='bbox 801 1853 1132 1916; x_wconf 87' lang='lat' dir='ltr'><strong>actualiter</strong></span> <span class='ocrx_word' id='word_1_157' title='bbox 1179 1854 1554 1915; x_wconf 90' lang='lat' dir='ltr'><strong>immutetur</strong></span> <span class='ocrx_word' id='word_1_158' title='bbox 1604 1853 1682 1915; x_wconf 98' lang='lat' dir='ltr'><strong>ad</strong></span> <span class='ocrx_word' id='word_1_159' title='bbox 1732 1853 1914 1916; x_wconf 89' lang='lat' dir='ltr'><strong>intel·</strong></span> <span class='ocrx_word' id='word_1_160' title='bbox 1952 1854 2128 1925; x_wconf 90' lang='lat' dir='ltr'><strong>Bd0,</strong></span> <span class='ocrx_word' id='word_1_161' title='bbox 2183 1872 2331 1914; x_wconf 90' lang='lat' dir='ltr'><strong>cum</strong></span> <span class='ocrx_word' id='word_1_162' title='bbox 2389 1852 2510 1914; x_wconf 93' lang='lat' dir='ltr'><strong>hoc</strong></span> <span class='ocrx_word' id='word_1_163' title='bbox 2563 1852 3045 1933; x_wconf 88' lang='lat' dir='ltr'><strong>dispositionem</strong></span> <span class='ocrx_word' id='word_1_164' title='bbox 3102 1850 3526 1912; x_wconf 90' lang='lat' dir='ltr'><strong>necessariam</strong></span> 
     </span>
    </p>
   </div>
   <div class='ocr_carea' id='block_1_7' title="bbox 415 1950 1918 3019">
    <p class='ocr_par' dir='ltr' id='par_1_8' title="bbox 415 1950 1918 2507">
     <span class='ocr_line' id='line_1_27' title="bbox 417 1950 1916 2035; baseline -0.001 -21"><span class='ocrx_word' id='word_1_165' title='bbox 417 1952 764 2033; x_wconf 89' lang='lat' dir='ltr'><strong>ligendum.</strong></span> <span class='ocrx_word' id='word_1_166' title='bbox 801 1988 880 1998; x_wconf 95' lang='lat'><strong>—</strong></span> <span class='ocrx_word' id='word_1_167' title='bbox 909 1952 1084 2026; x_wconf 90' lang='lat' dir='ltr'><strong>Quod</strong></span> <span class='ocrx_word' id='word_1_168' title='bbox 1133 1952 1476 2035; x_wconf 89' lang='lat' dir='ltr'><strong>dupliciter</strong></span> <span class='ocrx_word' id='word_1_169' title='bbox 1521 1950 1664 2014; x_wconf 88' lang='lat' dir='ltr'><strong>fieri</strong></span> <span class='ocrx_word' id='word_1_170' title='bbox 1709 1959 1916 2034; x_wconf 89' lang='lat' dir='ltr'><strong>potest</strong></span> 
     </span>
     <span class='ocr_line' id='line_1_28' title="bbox 417 2050 1918 2134; baseline -0.001 -21"><span class='ocrx_word' id='word_1_171' title='bbox 417 2052 486 2113; x_wconf 89' lang='lat' dir='ltr'><strong>in</strong></span> <span class='ocrx_word' id='word_1_172' title='bbox 515 2051 980 2133; x_wconf 86' lang='lat' dir='ltr'><strong>spiritualibus,</strong></span> <span class='ocrx_word' id='word_1_173' title='bbox 1015 2050 1642 2134; x_wconf 88' lang='lat' dir='ltr'><strong>proportionabiliter</strong></span> <span class='ocrx_word' id='word_1_174' title='bbox 1667 2050 1918 2113; x_wconf 77' lang='lat' dir='ltr'><strong>illumi-</strong></span> 
     </span>
     <span class='ocr_line' id='line_1_29' title="bbox 415 2149 1918 2232; baseline -0.001 -20"><span class='ocrx_word' id='word_1_175' title='bbox 415 2150 659 2213; x_wconf 87' lang='lat' dir='ltr'><strong>nationi</strong></span> <span class='ocrx_word' id='word_1_176' title='bbox 698 2168 839 2231; x_wconf 85' lang='lat' dir='ltr'><strong>quae</strong></span> <span class='ocrx_word' id='word_1_177' title='bbox 879 2149 956 2211; x_wconf 91' lang='lat' dir='ltr'><strong>fit</strong></span> <span class='ocrx_word' id='word_1_178' title='bbox 997 2150 1064 2211; x_wconf 91' lang='lat' dir='ltr'><strong>in</strong></span> <span class='ocrx_word' id='word_1_179' title='bbox 1103 2149 1540 2232; x_wconf 85' lang='lat' dir='ltr'><strong>corporalibus</strong></span> <span class='ocrx_word' id='word_1_180' title='bbox 1575 2167 1588 2212; x_wconf 94' lang='lat'><strong>:</strong></span> <span class='ocrx_word' id='word_1_181' title='bbox 1623 2167 1750 2211; x_wconf 90' lang='lat' dir='ltr'><strong>uno</strong></span> <span class='ocrx_word' id='word_1_182' title='bbox 1789 2167 1918 2211; x_wconf 90' lang='lat' dir='ltr'><strong>mo-</strong></span> 
     </span>
     <span class='ocr_line' id='line_1_30' title="bbox 417 2245 1916 2328; baseline -0.001 -19"><span class='ocrx_word' id='word_1_183' title='bbox 417 2248 500 2309; x_wconf 92' lang='lat' dir='ltr'><strong>do</strong></span> <span class='ocrx_word' id='word_1_184' title='bbox 544 2247 762 2309; x_wconf 91' lang='lat' dir='ltr'><strong>lumen</strong></span> <span class='ocrx_word' id='word_1_185' title='bbox 806 2247 1239 2326; x_wconf 82' lang='lat' dir='ltr'><strong>infundend03</strong></span> <span class='ocrx_word' id='word_1_186' title='bbox 1277 2248 1402 2311; x_wconf 91' lang='lat' dir='ltr'><strong>alio</strong></span> <span class='ocrx_word' id='word_1_187' title='bbox 1446 2247 1632 2310; x_wconf 91' lang='lat' dir='ltr'><strong>modo</strong></span> <span class='ocrx_word' id='word_1_188' title='bbox 1673 2245 1916 2328; x_wconf 89' lang='lat' dir='ltr'><strong>aliquid</strong></span> 
     </span>
     <span class='ocr_line' id='line_1_31' title="bbox 417 2345 1918 2428; baseline -0.001 -20"><span class='ocrx_word' id='word_1_189' title='bbox 417 2345 733 2420; x_wconf 80' lang='lat' dir='ltr'><strong>faciendO,</strong></span> <span class='ocrx_word' id='word_1_190' title='bbox 766 2364 895 2428; x_wconf 92' lang='lat' dir='ltr'><strong>quo</strong></span> <span class='ocrx_word' id='word_1_191' title='bbox 931 2345 1119 2420; x_wconf 87' lang='lat' dir='ltr'><strong>facto,</strong></span> <span class='ocrx_word' id='word_1_192' title='bbox 1153 2346 1371 2408; x_wconf 90' lang='lat' dir='ltr'><strong>lumen</strong></span> <span class='ocrx_word' id='word_1_193' title='bbox 1411 2345 1792 2418; x_wconf 86' lang='lat' dir='ltr'><strong>infunditur,</strong></span> <span class='ocrx_word' id='word_1_194' title='bbox 1833 2352 1918 2406; x_wconf 89' lang='lat' dir='ltr'><strong>ta-</strong></span> 
     </span>
     <span class='ocr_line' id='line_1_32' title="bbox 419 2444 882 2507; baseline -0.004 -1"><span class='ocrx_word' id='word_1_195' title='bbox 419 2463 570 2506; x_wconf 89' lang='lat' dir='ltr'><strong>men</strong></span> <span class='ocrx_word' id='word_1_196' title='bbox 613 2444 693 2507; x_wconf 90' lang='lat' dir='ltr'><strong>ab</strong></span> <span class='ocrx_word' id='word_1_197' title='bbox 735 2444 882 2507; x_wconf 89' lang='lat' dir='ltr'><strong>alio.</strong></span> 
     </span>
    </p>

    <p class='ocr_par' dir='ltr' id='par_1_9' title="bbox 416 2539 1918 3019">
     <span class='ocr_line' id='line_1_33' title="bbox 499 2539 1918 2624; baseline -0.001 -20"><span class='ocrx_word' id='word_1_198' title='bbox 499 2543 746 2605; x_wconf 91' lang='lat' dir='ltr'><strong>Primus</strong></span> <span class='ocrx_word' id='word_1_199' title='bbox 789 2543 1016 2605; x_wconf 92' lang='lat' dir='ltr'><strong>modus</strong></span> <span class='ocrx_word' id='word_1_200' title='bbox 1058 2542 1368 2623; x_wconf 90' lang='lat' dir='ltr'><strong>contingit</strong></span> <span class='ocrx_word' id='word_1_201' title='bbox 1398 2540 1758 2624; x_wconf 87' lang='lat' dir='ltr'><strong>dupliciter.</strong></span> <span class='ocrx_word' id='word_1_202' title='bbox 1793 2539 1918 2603; x_wconf 91' lang='lat' dir='ltr'><strong>Pri-</strong></span> 
     </span>
     <span class='ocr_line' id='line_1_34' title="bbox 419 2640 1917 2723; baseline -0.003 -19"><span class='ocrx_word' id='word_1_203' title='bbox 419 2660 547 2716; x_wconf 90' lang='lat' dir='ltr'><strong>m0,</strong></span> <span class='ocrx_word' id='word_1_204' title='bbox 581 2641 792 2723; x_wconf 92' lang='lat' dir='ltr'><strong>ipsum</strong></span> <span class='ocrx_word' id='word_1_205' title='bbox 841 2641 1058 2704; x_wconf 92' lang='lat' dir='ltr'><strong>lumen</strong></span> <span class='ocrx_word' id='word_1_206' title='bbox 1101 2641 1168 2703; x_wconf 93' lang='lat' dir='ltr'><strong>in</strong></span> <span class='ocrx_word' id='word_1_207' title='bbox 1216 2641 1402 2702; x_wconf 89' lang='lat' dir='ltr'><strong>oculo</strong></span> <span class='ocrx_word' id='word_1_208' title='bbox 1451 2640 1760 2722; x_wconf 90' lang='lat' dir='ltr'><strong>corporali</strong></span> <span class='ocrx_word' id='word_1_209' title='bbox 1808 2647 1917 2701; x_wconf 91' lang='lat' dir='ltr'><strong>aut</strong></span> 
     </span>
     <span class='ocr_line' id='line_1_35' title="bbox 417 2738 1916 2824; baseline -0.002 -21"><span class='ocrx_word' id='word_1_210' title='bbox 417 2740 738 2824; x_wconf 87' lang='lat' dir='ltr'><strong>spirituali</strong></span> <span class='ocrx_word' id='word_1_211' title='bbox 794 2741 1111 2803; x_wconf 90' lang='lat' dir='ltr'><strong>causando</strong></span> <span class='ocrx_word' id='word_1_212' title='bbox 1164 2757 1178 2800; x_wconf 75' lang='grc' dir='ltr'>ε</span> <span class='ocrx_word' id='word_1_213' title='bbox 1233 2739 1770 2820; x_wconf 89' lang='lat' dir='ltr'><strong>quemadmodum</strong></span> <span class='ocrx_word' id='word_1_214' title='bbox 1822 2738 1916 2801; x_wconf 93' lang='lat' dir='ltr'><strong>sol</strong></span> 
     </span>
     <span class='ocr_line' id='line_1_36' title="bbox 417 2837 1915 2918; baseline -0.001 -17"><span class='ocrx_word' id='word_1_215' title='bbox 417 2840 638 2902; x_wconf 90' lang='lat' dir='ltr'><strong>lumen</strong></span> <span class='ocrx_word' id='word_1_216' title='bbox 683 2858 870 2901; x_wconf 89' lang='lat' dir='ltr'><strong>suum</strong></span> <span class='ocrx_word' id='word_1_217' title='bbox 916 2837 1196 2900; x_wconf 76' lang='lat' dir='ltr'><strong>infundit</strong></span> <span class='ocrx_word' id='word_1_218' title='bbox 1237 2838 1412 2900; x_wconf 92' lang='lat' dir='ltr'><strong>omni</strong></span> <span class='ocrx_word' id='word_1_219' title='bbox 1462 2838 1648 2901; x_wconf 90' lang='lat' dir='ltr'><strong>oculo</strong></span> <span class='ocrx_word' id='word_1_220' title='bbox 1695 2855 1915 2918; x_wconf 93' lang='lat' dir='ltr'><strong>corpo-</strong></span> 
     </span>
     <span class='ocr_line' id='line_1_37' title="bbox 416 2936 1917 3019; baseline -0.001 -21"><span class='ocrx_word' id='word_1_221' title='bbox 416 2937 535 2999; x_wconf 91' lang='lat' dir='ltr'><strong>rali</strong></span> <span class='ocrx_word' id='word_1_222' title='bbox 595 2936 718 2998; x_wconf 92' lang='lat' dir='ltr'><strong>sibi</strong></span> <span class='ocrx_word' id='word_1_223' title='bbox 776 2936 1087 3019; x_wconf 89' lang='lat' dir='ltr'><strong>opposito.</strong></span> <span class='ocrx_word' id='word_1_224' title='bbox 1141 2936 1454 3012; x_wconf 90' lang='lat' dir='ltr'><strong>Secundo,</strong></span> <span class='ocrx_word' id='word_1_225' title='bbox 1505 2936 1917 3018; x_wconf 90' lang='lat' dir='ltr'><strong>proponendo</strong></span> 
     </span>
    </p>
   </div>
   <div class='ocr_carea' id='block_1_8' title="bbox 2023 1948 3531 3018">
    <p class='ocr_par' dir='ltr' id='par_1_10' title="bbox 2023 1948 3531 3018">
     <span class='ocr_line' id='line_1_38' title="bbox 2027 1948 3525 2013; baseline -0.001 -1"><span class='ocrx_word' id='word_1_226' title='bbox 2027 1951 2404 2013; x_wconf 87' lang='lat' dir='ltr'><strong>inducendo.</strong></span> <span class='ocrx_word' id='word_1_227' title='bbox 2440 1949 2649 2012; x_wconf 90' lang='lat' dir='ltr'><strong>Primo</strong></span> <span class='ocrx_word' id='word_1_228' title='bbox 2688 1950 2875 2012; x_wconf 90' lang='lat' dir='ltr'><strong>modo</strong></span> <span class='ocrx_word' id='word_1_229' title='bbox 2906 1949 3142 2012; x_wconf 90' lang='lat' dir='ltr'><strong>dicitur</strong></span> <span class='ocrx_word' id='word_1_230' title='bbox 3172 1948 3391 2011; x_wconf 89' lang='lat' dir='ltr'><strong>lumen</strong></span> <span class='ocrx_word' id='word_1_231' title='bbox 3429 1949 3525 2012; x_wconf 92' lang='lat' dir='ltr'><strong>in-</strong></span> 
     </span>
     <span class='ocr_line' id='line_1_39' title="bbox 2025 2047 3521 2131; baseline 0 -21"><span class='ocrx_word' id='word_1_232' title='bbox 2025 2049 2315 2124; x_wconf 84' lang='lat' dir='ltr'><strong>fundere,</strong></span> <span class='ocrx_word' id='word_1_233' title='bbox 2362 2049 2474 2131; x_wconf 92' lang='lat' dir='ltr'><strong>qui</strong></span> <span class='ocrx_word' id='word_1_234' title='bbox 2535 2047 2689 2110; x_wconf 83' lang='lat' dir='ltr'><strong>facit</strong></span> <span class='ocrx_word' id='word_1_235' title='bbox 2746 2048 3088 2111; x_wconf 86' lang='lat' dir='ltr'><strong>fenestram</strong></span> <span class='ocrx_word' id='word_1_236' title='bbox 3140 2047 3206 2109; x_wconf 90' lang='lat' dir='ltr'><strong>in</strong></span> <span class='ocrx_word' id='word_1_237' title='bbox 3256 2048 3521 2130; x_wconf 89' lang='lat' dir='ltr'><strong>pariete.</strong></span> 
     </span>
     <span class='ocr_line' id='line_1_40' title="bbox 2027 2147 3526 2212; baseline -0.001 0"><span class='ocrx_word' id='word_1_238' title='bbox 2027 2149 2316 2212; x_wconf 86' lang='lat' dir='ltr'><strong>Secundo</strong></span> <span class='ocrx_word' id='word_1_239' title='bbox 2351 2148 2537 2211; x_wconf 90' lang='lat' dir='ltr'><strong>modo</strong></span> <span class='ocrx_word' id='word_1_240' title='bbox 2569 2148 2886 2210; x_wconf 88' lang='lat' dir='ltr'><strong>medicina</strong></span> <span class='ocrx_word' id='word_1_241' title='bbox 2916 2147 3235 2209; x_wconf 83' lang='lat' dir='ltr'><strong>illuminat</strong></span> <span class='ocrx_word' id='word_1_242' title='bbox 3266 2147 3526 2210; x_wconf 90' lang='lat' dir='ltr'><strong>oculum</strong></span> 
     </span>
     <span class='ocr_line' id='line_1_41' title="bbox 2025 2246 3527 2327; baseline 0 -17"><span class='ocrx_word' id='word_1_243' title='bbox 2025 2247 2343 2320; x_wconf 89' lang='lat' dir='ltr'><strong>vitiatum,</strong></span> <span class='ocrx_word' id='word_1_244' title='bbox 2395 2247 2780 2311; x_wconf 84' lang='lat' dir='ltr'><strong>removendo</strong></span> <span class='ocrx_word' id='word_1_245' title='bbox 2844 2246 3237 2327; x_wconf 73' lang='lat' dir='ltr'><strong>oegritudinis</strong></span> <span class='ocrx_word' id='word_1_246' title='bbox 3297 2247 3527 2310; x_wconf 86' lang='lat' dir='ltr'><strong>vitium</strong></span> 
     </span>
     <span class='ocr_line' id='line_1_42' title="bbox 2026 2345 3529 2426; baseline 0.001 -19"><span class='ocrx_word' id='word_1_247' title='bbox 2026 2353 2089 2408; x_wconf 91' lang='lat' dir='ltr'><strong>et</strong></span> <span class='ocrx_word' id='word_1_248' title='bbox 2131 2346 2469 2408; x_wconf 90' lang='lat' dir='ltr'><strong>sanitatem</strong></span> <span class='ocrx_word' id='word_1_249' title='bbox 2512 2345 2891 2408; x_wconf 92' lang='lat' dir='ltr'><strong>inducendo.</strong></span> <span class='ocrx_word' id='word_1_250' title='bbox 2938 2345 3168 2426; x_wconf 91' lang='lat' dir='ltr'><strong>Sicque</strong></span> <span class='ocrx_word' id='word_1_251' title='bbox 3212 2365 3380 2408; x_wconf 90' lang='lat' dir='ltr'><strong>unus</strong></span> <span class='ocrx_word' id='word_1_252' title='bbox 3421 2365 3529 2408; x_wconf 90' lang='lat' dir='ltr'><strong>an-</strong></span> 
     </span>
     <span class='ocr_line' id='line_1_43' title="bbox 2023 2442 3529 2524; baseline 0 -19"><span class='ocrx_word' id='word_1_253' title='bbox 2023 2445 2203 2524; x_wconf 85' lang='lat' dir='ltr'><strong>gelus</strong></span> <span class='ocrx_word' id='word_1_254' title='bbox 2249 2444 2571 2507; x_wconf 86' lang='lat' dir='ltr'><strong>illuminat</strong></span> <span class='ocrx_word' id='word_1_255' title='bbox 2608 2442 2823 2505; x_wconf 88' lang='lat' dir='ltr'><strong>alium.</strong></span> <span class='ocrx_word' id='word_1_256' title='bbox 2858 2479 2940 2488; x_wconf 95' lang='lat'><strong>—</strong></span> <span class='ocrx_word' id='word_1_257' title='bbox 2967 2442 3272 2516; x_wconf 89' lang='lat' dir='ltr'><strong>Quocirca</strong></span> <span class='ocrx_word' id='word_1_258' title='bbox 3310 2451 3529 2506; x_wconf 89' lang='lat' dir='ltr'><strong>notan-</strong></span> 
     </span>
     <span class='ocr_line' id='line_1_44' title="bbox 2027 2541 3531 2624; baseline 0 -20"><span class='ocrx_word' id='word_1_259' title='bbox 2027 2543 2202 2616; x_wconf 91' lang='lat' dir='ltr'><strong>dum,</strong></span> <span class='ocrx_word' id='word_1_260' title='bbox 2266 2542 2435 2624; x_wconf 92' lang='lat' dir='ltr'><strong>quod</strong></span> <span class='ocrx_word' id='word_1_261' title='bbox 2496 2561 2695 2623; x_wconf 92' lang='lat' dir='ltr'><strong>quum</strong></span> <span class='ocrx_word' id='word_1_262' title='bbox 2757 2542 2973 2603; x_wconf 91' lang='lat' dir='ltr'><strong>omnia</strong></span> <span class='ocrx_word' id='word_1_263' title='bbox 3033 2541 3407 2604; x_wconf 88' lang='lat' dir='ltr'><strong>naturaliter</strong></span> <span class='ocrx_word' id='word_1_264' title='bbox 3464 2549 3531 2604; x_wconf 92' lang='lat' dir='ltr'><strong>et</strong></span> 
     </span>
     <span class='ocr_line' id='line_1_45' title="bbox 2026 2639 3529 2716; baseline -0.001 -13"><span class='ocrx_word' id='word_1_265' title='bbox 2026 2641 2369 2704; x_wconf 87' lang='lat' dir='ltr'><strong>ordinatim</strong></span> <span class='ocrx_word' id='word_1_266' title='bbox 2411 2640 2490 2701; x_wconf 91' lang='lat' dir='ltr'><strong>ad</strong></span> <span class='ocrx_word' id='word_1_267' title='bbox 2539 2639 2817 2702; x_wconf 87' lang='lat' dir='ltr'><strong>invicem</strong></span> <span class='ocrx_word' id='word_1_268' title='bbox 2866 2639 2995 2701; x_wconf 91' lang='lat' dir='ltr'><strong>sint</strong></span> <span class='ocrx_word' id='word_1_269' title='bbox 3039 2658 3342 2716; x_wconf 86' lang='lat' dir='ltr'><strong>connexa,</strong></span> <span class='ocrx_word' id='word_1_270' title='bbox 3379 2659 3529 2704; x_wconf 93' lang='lat' dir='ltr'><strong>con-</strong></span> 
     </span>
     <span class='ocr_line' id='line_1_46' title="bbox 2027 2738 3529 2820; baseline 0.001 -19"><span class='ocrx_word' id='word_1_271' title='bbox 2027 2738 2216 2801; x_wconf 87' lang='lat' dir='ltr'><strong>nexio</strong></span> <span class='ocrx_word' id='word_1_272' title='bbox 2268 2739 2389 2801; x_wconf 87' lang='lat' dir='ltr'><strong>ista</strong></span> <span class='ocrx_word' id='word_1_273' title='bbox 2435 2756 2563 2802; x_wconf 91' lang='lat' dir='ltr'><strong>non</strong></span> <span class='ocrx_word' id='word_1_274' title='bbox 2620 2738 2829 2800; x_wconf 90' lang='lat' dir='ltr'><strong>solum</strong></span> <span class='ocrx_word' id='word_1_275' title='bbox 2882 2744 2978 2800; x_wconf 90' lang='lat' dir='ltr'><strong>est</strong></span> <span class='ocrx_word' id='word_1_276' title='bbox 3032 2738 3406 2820; x_wconf 90' lang='lat' dir='ltr'><strong>accipienda</strong></span> <span class='ocrx_word' id='word_1_277' title='bbox 3435 2757 3529 2802; x_wconf 90' lang='lat' dir='ltr'><strong>se-</strong></span> 
     </span>
     <span class='ocr_line' id='line_1_47' title="bbox 2027 2836 3524 2918; baseline -0.001 -16"><span class='ocrx_word' id='word_1_278' title='bbox 2027 2838 2308 2902; x_wconf 90' lang='lat' dir='ltr'><strong>cundum</strong></span> <span class='ocrx_word' id='word_1_279' title='bbox 2366 2839 2635 2918; x_wconf 89' lang='lat' dir='ltr'><strong>gradum</strong></span> <span class='ocrx_word' id='word_1_280' title='bbox 2682 2845 2747 2899; x_wconf 90' lang='lat' dir='ltr'><strong>et</strong></span> <span class='ocrx_word' id='word_1_281' title='bbox 2788 2836 3076 2899; x_wconf 89' lang='lat' dir='ltr'><strong>ordinem</strong></span> <span class='ocrx_word' id='word_1_282' title='bbox 3128 2846 3524 2914; x_wconf 85' lang='lat' dir='ltr'><strong>naturarum,</strong></span> 
     </span>
     <span class='ocr_line' id='line_1_48' title="bbox 2026 2935 3525 3018; baseline 0.001 -20"><span class='ocrx_word' id='word_1_283' title='bbox 2026 2938 2137 3000; x_wconf 90' lang='lat' dir='ltr'><strong>sed</strong></span> <span class='ocrx_word' id='word_1_284' title='bbox 2177 2937 2367 3000; x_wconf 88' lang='lat' dir='ltr'><strong>etiam</strong></span> <span class='ocrx_word' id='word_1_285' title='bbox 2413 2935 2834 3018; x_wconf 87' lang='lat' dir='ltr'><strong>principalius</strong></span> <span class='ocrx_word' id='word_1_286' title='bbox 2873 2936 3227 2997; x_wconf 89' lang='lat' dir='ltr'><strong>secundum</strong></span> <span class='ocrx_word' id='word_1_287' title='bbox 3256 2937 3525 3017; x_wconf 89' lang='lat' dir='ltr'><strong>gradum</strong></span> 
     </span>
    </p>
   </div>
   <div class='ocr_carea' id='block_1_9' title="bbox 419 3032 3525 3119">
    <p class='ocr_par' dir='ltr' id='par_1_11' title="bbox 419 3032 3525 3119">
     <span class='ocr_line' id='line_1_49' title="bbox 419 3032 3525 3119; baseline 0.001 -24"><span class='ocrx_word' id='word_1_288' title='bbox 419 3034 543 3115; x_wconf 92' lang='lat' dir='ltr'><strong>ipsi</strong></span> <span class='ocrx_word' id='word_1_289' title='bbox 574 3035 762 3097; x_wconf 93' lang='lat' dir='ltr'><strong>oculo</strong></span> <span class='ocrx_word' id='word_1_290' title='bbox 789 3034 1032 3115; x_wconf 88' lang='lat' dir='ltr'><strong>aliquid</strong></span> <span class='ocrx_word' id='word_1_291' title='bbox 1063 3032 1450 3115; x_wconf 87' lang='lat' dir='ltr'><strong>participans</strong></span> <span class='ocrx_word' id='word_1_292' title='bbox 1484 3033 1722 3107; x_wconf 89' lang='lat' dir='ltr'><strong>lumen,</strong></span> <span class='ocrx_word' id='word_1_293' title='bbox 1743 3041 1813 3095; x_wconf 90' lang='lat' dir='ltr'><strong>ut</strong></span> <span class='ocrx_word' id='word_1_294' title='bbox 1843 3052 1917 3096; x_wconf 89' lang='lat' dir='ltr'><strong>eo</strong></span> <span class='ocrx_word' id='word_1_295' title='bbox 1954 3037 1996 3100; x_wconf 93' lang='lat' dir='ltr'>C</span> <span class='ocrx_word' id='word_1_296' title='bbox 2028 3035 2510 3098; x_wconf 88' lang='lat' dir='ltr'><strong>influentiarum</strong></span> <span class='ocrx_word' id='word_1_297' title='bbox 2571 3041 2634 3096; x_wconf 90' lang='lat' dir='ltr'><strong>et</strong></span> <span class='ocrx_word' id='word_1_298' title='bbox 2691 3035 3157 3116; x_wconf 89' lang='lat' dir='ltr'><strong>operationum,</strong></span> <span class='ocrx_word' id='word_1_299' title='bbox 3210 3035 3297 3096; x_wconf 90' lang='lat' dir='ltr'><strong>ita</strong></span> <span class='ocrx_word' id='word_1_300' title='bbox 3353 3036 3525 3119; x_wconf 92' lang='lat' dir='ltr'><strong>quod</strong></span> 
     </span>
    </p>
   </div>
   <div class='ocr_carea' id='block_1_10' title="bbox 415 3131 1920 4196">
    <p class='ocr_par' dir='ltr' id='par_1_12' title="bbox 415 3131 1920 4196">
     <span class='ocr_line' id='line_1_50' title="bbox 418 3131 1920 3213; baseline 0.001 -19"><span class='ocrx_word' id='word_1_301' title='bbox 418 3131 820 3194; x_wconf 90' lang='lat' dir='ltr'><strong>illuminetur</strong></span> <span class='ocrx_word' id='word_1_302' title='bbox 847 3132 924 3194; x_wconf 89' lang='lat' dir='ltr'><strong>ad</strong></span> <span class='ocrx_word' id='word_1_303' title='bbox 956 3132 1303 3194; x_wconf 89' lang='lat' dir='ltr'><strong>videndum</strong></span> <span class='ocrx_word' id='word_1_304' title='bbox 1333 3150 1348 3194; x_wconf 73' lang='grc' dir='ltr'>ε</span> <span class='ocrx_word' id='word_1_305' title='bbox 1378 3133 1920 3213; x_wconf 87' lang='lat' dir='ltr'><strong>quemadmodum-</strong></span> 
     </span>
     <span class='ocr_line' id='line_1_51' title="bbox 418 3230 1916 3313; baseline -0.001 -20"><span class='ocrx_word' id='word_1_306' title='bbox 418 3248 772 3312; x_wconf 85' lang='lat' dir='ltr'><strong>exponeres</strong></span> <span class='ocrx_word' id='word_1_307' title='bbox 835 3230 1020 3292; x_wconf 90' lang='lat' dir='ltr'><strong>oculo</strong></span> <span class='ocrx_word' id='word_1_308' title='bbox 1077 3239 1296 3312; x_wconf 90' lang='lat' dir='ltr'><strong>aperto</strong></span> <span class='ocrx_word' id='word_1_309' title='bbox 1359 3230 1426 3292; x_wconf 91' lang='lat' dir='ltr'><strong>in</strong></span> <span class='ocrx_word' id='word_1_310' title='bbox 1484 3231 1766 3293; x_wconf 88' lang='lat' dir='ltr'><strong>tenebris</strong></span> <span class='ocrx_word' id='word_1_311' title='bbox 1822 3231 1916 3313; x_wconf 89' lang='lat' dir='ltr'><strong>pi-</strong></span> 
     </span>
     <span class='ocr_line' id='line_1_52' title="bbox 419 3328 1918 3411; baseline 0.001 -20"><span class='ocrx_word' id='word_1_312' title='bbox 419 3329 629 3391; x_wconf 91' lang='lat' dir='ltr'><strong>scium</strong></span> <span class='ocrx_word' id='word_1_313' title='bbox 659 3347 976 3411; x_wconf 83' lang='lat' dir='ltr'><strong>squamaS,</strong></span> <span class='ocrx_word' id='word_1_314' title='bbox 1009 3336 1118 3390; x_wconf 89' lang='lat' dir='ltr'><strong>aut</strong></span> <span class='ocrx_word' id='word_1_315' title='bbox 1146 3328 1475 3410; x_wconf 89' lang='lat' dir='ltr'><strong>putridum</strong></span> <span class='ocrx_word' id='word_1_316' title='bbox 1512 3329 1778 3410; x_wconf 91' lang='lat' dir='ltr'><strong>lignum,</strong></span> <span class='ocrx_word' id='word_1_317' title='bbox 1813 3349 1918 3392; x_wconf 90' lang='lat' dir='ltr'><strong>cu-</strong></span> 
     </span>
     <span class='ocr_line' id='line_1_53' title="bbox 416 3425 1917 3506; baseline 0.001 -19"><span class='ocrx_word' id='word_1_318' title='bbox 416 3426 526 3506; x_wconf 88' lang='lat' dir='ltr'><strong>jus</strong></span> <span class='ocrx_word' id='word_1_319' title='bbox 555 3425 774 3488; x_wconf 88' lang='lat' dir='ltr'><strong>lumen</strong></span> <span class='ocrx_word' id='word_1_320' title='bbox 806 3445 883 3488; x_wconf 83' lang='lat' dir='ltr'><strong>ex</strong></span> <span class='ocrx_word' id='word_1_321' title='bbox 914 3445 981 3488; x_wconf 90' lang='lat' dir='ltr'><strong>se</strong></span> <span class='ocrx_word' id='word_1_322' title='bbox 1014 3425 1262 3488; x_wconf 86' lang='lat' dir='ltr'><strong>videtur</strong></span> <span class='ocrx_word' id='word_1_323' title='bbox 1293 3426 1358 3488; x_wconf 88' lang='lat' dir='ltr'><strong>in</strong></span> <span class='ocrx_word' id='word_1_324' title='bbox 1390 3426 1692 3489; x_wconf 79' lang='lat' dir='ltr'><strong>tenebris,</strong></span> <span class='ocrx_word' id='word_1_325' title='bbox 1712 3427 1917 3489; x_wconf 91' lang='lat' dir='ltr'><strong>Primo</strong></span> 
     </span>
     <span class='ocr_line' id='line_1_54' title="bbox 421 3522 1920 3587; baseline 0.001 -1"><span class='ocrx_word' id='word_1_326' title='bbox 421 3524 614 3587; x_wconf 92' lang='lat' dir='ltr'><strong>modo</strong></span> <span class='ocrx_word' id='word_1_327' title='bbox 644 3524 816 3586; x_wconf 89' lang='lat' dir='ltr'><strong>solus</strong></span> <span class='ocrx_word' id='word_1_328' title='bbox 848 3525 1014 3586; x_wconf 90' lang='lat' dir='ltr'><strong>Deus</strong></span> <span class='ocrx_word' id='word_1_329' title='bbox 1043 3522 1365 3586; x_wconf 89' lang='lat' dir='ltr'><strong>illuminat</strong></span> <span class='ocrx_word' id='word_1_330' title='bbox 1396 3524 1786 3586; x_wconf 87' lang='lat' dir='ltr'><strong>intellectum</strong></span> <span class='ocrx_word' id='word_1_331' title='bbox 1816 3545 1920 3587; x_wconf 91' lang='lat' dir='ltr'><strong>an·</strong></span> 
     </span>
     <span class='ocr_line' id='line_1_55' title="bbox 416 3621 1913 3704; baseline 0.002 -21"><span class='ocrx_word' id='word_1_332' title='bbox 416 3623 718 3704; x_wconf 90' lang='lat' dir='ltr'><strong>gelicum‚</strong></span> <span class='ocrx_word' id='word_1_333' title='bbox 771 3621 1090 3684; x_wconf 90' lang='lat' dir='ltr'><strong>causando</strong></span> <span class='ocrx_word' id='word_1_334' title='bbox 1141 3622 1206 3683; x_wconf 93' lang='lat' dir='ltr'><strong>in</strong></span> <span class='ocrx_word' id='word_1_335' title='bbox 1259 3640 1335 3684; x_wconf 92' lang='lat' dir='ltr'><strong>eo</strong></span> <span class='ocrx_word' id='word_1_336' title='bbox 1385 3622 1599 3684; x_wconf 91' lang='lat' dir='ltr'><strong>lumen</strong></span> <span class='ocrx_word' id='word_1_337' title='bbox 1653 3631 1913 3698; x_wconf 62' lang='lat' dir='ltr'><strong>naturae,</strong></span> 
     </span>
     <span class='ocr_line' id='line_1_56' title="bbox 415 3719 1916 3800; baseline 0.001 -18"><span class='ocrx_word' id='word_1_338' title='bbox 415 3728 527 3782; x_wconf 86' lang='lat' dir='ltr'><strong>aut</strong></span> <span class='ocrx_word' id='word_1_339' title='bbox 574 3719 790 3782; x_wconf 89' lang='lat' dir='ltr'><strong>lumen</strong></span> <span class='ocrx_word' id='word_1_340' title='bbox 840 3720 1080 3800; x_wconf 59' lang='lat' dir='ltr'><strong>grathe,</strong></span> <span class='ocrx_word' id='word_1_341' title='bbox 1132 3720 1232 3782; x_wconf 89' lang='lat' dir='ltr'><strong>vel</strong></span> <span class='ocrx_word' id='word_1_342' title='bbox 1281 3720 1517 3800; x_wconf 80' lang='lat' dir='ltr'><strong>gloriae,</strong></span> <span class='ocrx_word' id='word_1_343' title='bbox 1567 3728 1676 3782; x_wconf 88' lang='lat' dir='ltr'><strong>aut</strong></span> <span class='ocrx_word' id='word_1_344' title='bbox 1723 3721 1916 3783; x_wconf 89' lang='lat' dir='ltr'><strong>etiam</strong></span> 
     </span>
     <span class='ocr_line' id='line_1_57' title="bbox 417 3817 1918 3897; baseline 0.001 -17"><span class='ocrx_word' id='word_1_345' title='bbox 417 3817 770 3880; x_wconf 88' lang='lat' dir='ltr'><strong>increatum</strong></span> <span class='ocrx_word' id='word_1_346' title='bbox 807 3817 1021 3880; x_wconf 89' lang='lat' dir='ltr'><strong>lumen</strong></span> <span class='ocrx_word' id='word_1_347' title='bbox 1057 3818 1451 3880; x_wconf 90' lang='lat' dir='ltr'><strong>infundendo</strong></span> <span class='ocrx_word' id='word_1_348' title='bbox 1471 3835 1488 3897; x_wconf 83' lang='lat'><em>3</em></span> <span class='ocrx_word' id='word_1_349' title='bbox 1520 3837 1646 3882; x_wconf 91' lang='lat' dir='ltr'><strong>non</strong></span> <span class='ocrx_word' id='word_1_350' title='bbox 1684 3818 1918 3882; x_wconf 88' lang='lat' dir='ltr'><strong>facien-</strong></span> 
     </span>
     <span class='ocr_line' id='line_1_58' title="bbox 416 3916 1916 3998; baseline 0.002 -20"><span class='ocrx_word' id='word_1_351' title='bbox 416 3917 498 3979; x_wconf 91' lang='lat' dir='ltr'><strong>do</strong></span> <span class='ocrx_word' id='word_1_352' title='bbox 538 3917 750 3998; x_wconf 91' lang='lat' dir='ltr'><strong>ipsum</strong></span> <span class='ocrx_word' id='word_1_353' title='bbox 791 3935 930 3979; x_wconf 87' lang='lat' dir='ltr'><strong>esse</strong></span> <span class='ocrx_word' id='word_1_354' title='bbox 969 3916 1079 3978; x_wconf 90' lang='lat' dir='ltr'><strong>ubi</strong></span> <span class='ocrx_word' id='word_1_355' title='bbox 1124 3917 1300 3998; x_wconf 91' lang='lat' dir='ltr'><strong>prius</strong></span> <span class='ocrx_word' id='word_1_356' title='bbox 1332 3935 1458 3980; x_wconf 92' lang='lat' dir='ltr'><strong>non</strong></span> <span class='ocrx_word' id='word_1_357' title='bbox 1497 3924 1650 3990; x_wconf 87' lang='lat' dir='ltr'><strong>erat,</strong></span> <span class='ocrx_word' id='word_1_358' title='bbox 1685 3919 1793 3980; x_wconf 90' lang='lat' dir='ltr'><strong>sed</strong></span> <span class='ocrx_word' id='word_1_359' title='bbox 1825 3918 1916 3981; x_wconf 86' lang='lat' dir='ltr'><strong>fa-</strong></span> 
     </span>
     <span class='ocr_line' id='line_1_59' title="bbox 417 4014 1918 4098; baseline 0.001 -21"><span class='ocrx_word' id='word_1_360' title='bbox 417 4015 646 4078; x_wconf 90' lang='lat' dir='ltr'><strong>ciendo</strong></span> <span class='ocrx_word' id='word_1_361' title='bbox 677 4016 845 4097; x_wconf 92' lang='lat' dir='ltr'><strong>quod</strong></span> <span class='ocrx_word' id='word_1_362' title='bbox 885 4014 1070 4077; x_wconf 87' lang='lat' dir='ltr'><strong>aliter</strong></span> <span class='ocrx_word' id='word_1_363' title='bbox 1109 4015 1190 4077; x_wconf 91' lang='lat' dir='ltr'><strong>sit</strong></span> <span class='ocrx_word' id='word_1_364' title='bbox 1230 4014 1319 4077; x_wconf 90' lang='lat' dir='ltr'><strong>ibi</strong></span> <span class='ocrx_word' id='word_1_365' title='bbox 1361 4034 1552 4096; x_wconf 90' lang='lat' dir='ltr'><strong>quam</strong></span> <span class='ocrx_word' id='word_1_366' title='bbox 1593 4016 1791 4098; x_wconf 81' lang='lat' dir='ltr'><strong>priuS,</strong></span> <span class='ocrx_word' id='word_1_367' title='bbox 1825 4018 1918 4080; x_wconf 89' lang='lat' dir='ltr'><strong>vi-</strong></span> 
     </span>
     <span class='ocr_line' id='line_1_60' title="bbox 420 4114 1914 4196; baseline 0.001 -20"><span class='ocrx_word' id='word_1_368' title='bbox 420 4114 651 4176; x_wconf 90' lang='lat' dir='ltr'><strong>delicet</strong></span> <span class='ocrx_word' id='word_1_369' title='bbox 685 4131 699 4176; x_wconf 73' lang='grc' dir='ltr'>ε</span> <span class='ocrx_word' id='word_1_370' title='bbox 725 4122 835 4176; x_wconf 88' lang='lat' dir='ltr'><strong>aut</strong></span> <span class='ocrx_word' id='word_1_371' title='bbox 864 4122 1166 4196; x_wconf 90' lang='lat' dir='ltr'><strong>tanquam</strong></span> <span class='ocrx_word' id='word_1_372' title='bbox 1199 4115 1507 4176; x_wconf 89' lang='lat' dir='ltr'><strong>rationem</strong></span> <span class='ocrx_word' id='word_1_373' title='bbox 1537 4121 1602 4176; x_wconf 91' lang='lat' dir='ltr'><strong>et</strong></span> <span class='ocrx_word' id='word_1_374' title='bbox 1632 4115 1914 4178; x_wconf 89' lang='lat' dir='ltr'><strong>medium</strong></span> 
     </span>
    </p>
   </div>
   <div class='ocr_carea' id='block_1_11' title="bbox 2023 3132 3530 4199">
    <p class='ocr_par' dir='ltr' id='par_1_13' title="bbox 2023 3132 3530 4199">
     <span class='ocr_line' id='line_1_61' title="bbox 2026 3132 3530 3215; baseline 0.001 -20"><span class='ocrx_word' id='word_1_375' title='bbox 2026 3141 2252 3195; x_wconf 88' lang='lat' dir='ltr'><strong>natura</strong></span> <span class='ocrx_word' id='word_1_376' title='bbox 2288 3132 2555 3195; x_wconf 83' lang='lat' dir='ltr'><strong>inferior</strong></span> <span class='ocrx_word' id='word_1_377' title='bbox 2598 3151 2852 3214; x_wconf 83' lang='lat' dir='ltr'><strong>semper</strong></span> <span class='ocrx_word' id='word_1_378' title='bbox 2890 3132 3097 3214; x_wconf 92' lang='lat' dir='ltr'><strong>quoad</strong></span> <span class='ocrx_word' id='word_1_379' title='bbox 3142 3133 3385 3215; x_wconf 85' lang='lat' dir='ltr'><strong>aliquid</strong></span> <span class='ocrx_word' id='word_1_380' title='bbox 3431 3141 3530 3196; x_wconf 93' lang='lat' dir='ltr'><strong>est</strong></span> 
     </span>
     <span class='ocr_line' id='line_1_62' title="bbox 2028 3229 3527 3314; baseline 0.001 -21"><span class='ocrx_word' id='word_1_381' title='bbox 2028 3233 2093 3294; x_wconf 90' lang='lat' dir='ltr'><strong>in</strong></span> <span class='ocrx_word' id='word_1_382' title='bbox 2124 3231 2408 3314; x_wconf 89' lang='lat' dir='ltr'><strong>potentia</strong></span> <span class='ocrx_word' id='word_1_383' title='bbox 2448 3238 2740 3313; x_wconf 88' lang='lat' dir='ltr'><strong>respectu</strong></span> <span class='ocrx_word' id='word_1_384' title='bbox 2780 3229 3151 3310; x_wconf 81' lang='lat' dir='ltr'><strong>superioriS,</strong></span> <span class='ocrx_word' id='word_1_385' title='bbox 3184 3249 3221 3291; x_wconf 88' lang='lat' dir='ltr'><strong>a</strong></span> <span class='ocrx_word' id='word_1_386' title='bbox 3260 3249 3386 3311; x_wconf 89' lang='lat' dir='ltr'><strong>qua</strong></span> <span class='ocrx_word' id='word_1_387' title='bbox 3419 3250 3527 3312; x_wconf 92' lang='lat' dir='ltr'><strong>po-</strong></span> 
     </span>
     <span class='ocr_line' id='line_1_63' title="bbox 2027 3327 3526 3411; baseline -0.001 -19"><span class='ocrx_word' id='word_1_388' title='bbox 2027 3337 2150 3392; x_wconf 90' lang='lat' dir='ltr'><strong>test</strong></span> <span class='ocrx_word' id='word_1_389' title='bbox 2192 3348 2307 3411; x_wconf 90' lang='lat' dir='ltr'><strong>per</strong></span> <span class='ocrx_word' id='word_1_390' title='bbox 2348 3329 2743 3411; x_wconf 90' lang='lat' dir='ltr'><strong>superiorem</strong></span> <span class='ocrx_word' id='word_1_391' title='bbox 2786 3327 3003 3389; x_wconf 91' lang='lat' dir='ltr'><strong>reduci</strong></span> <span class='ocrx_word' id='word_1_392' title='bbox 3048 3327 3127 3388; x_wconf 91' lang='lat' dir='ltr'><strong>ad</strong></span> <span class='ocrx_word' id='word_1_393' title='bbox 3174 3334 3407 3390; x_wconf 88' lang='lat' dir='ltr'><strong>actum.</strong></span> <span class='ocrx_word' id='word_1_394' title='bbox 3450 3329 3526 3391; x_wconf 87' lang='lat' dir='ltr'><strong>Et</strong></span> 
     </span>
     <span class='ocr_line' id='line_1_64' title="bbox 2026 3425 3527 3508; baseline -0.001 -18"><span class='ocrx_word' id='word_1_395' title='bbox 2026 3428 2160 3490; x_wconf 85' lang='lat' dir='ltr'><strong>haec</strong></span> <span class='ocrx_word' id='word_1_396' title='bbox 2191 3435 2286 3490; x_wconf 91' lang='lat' dir='ltr'><strong>est</strong></span> <span class='ocrx_word' id='word_1_397' title='bbox 2316 3427 2658 3489; x_wconf 84' lang='lat' dir='ltr'><strong>influentia</strong></span> <span class='ocrx_word' id='word_1_398' title='bbox 2687 3425 3090 3500; x_wconf 88' lang='lat' dir='ltr'><strong>universalis,</strong></span> <span class='ocrx_word' id='word_1_399' title='bbox 3124 3444 3265 3506; x_wconf 83' lang='lat' dir='ltr'><strong>quae</strong></span> <span class='ocrx_word' id='word_1_400' title='bbox 3296 3426 3527 3508; x_wconf 91' lang='lat' dir='ltr'><strong>incipit</strong></span> 
     </span>
     <span class='ocr_line' id='line_1_65' title="bbox 2026 3525 3527 3609; baseline -0.001 -20"><span class='ocrx_word' id='word_1_401' title='bbox 2026 3545 2063 3588; x_wconf 92' lang='lat' dir='ltr'><strong>a</strong></span> <span class='ocrx_word' id='word_1_402' title='bbox 2091 3527 2303 3609; x_wconf 91' lang='lat' dir='ltr'><strong>primo</strong></span> <span class='ocrx_word' id='word_1_403' title='bbox 2334 3526 2673 3608; x_wconf 90' lang='lat' dir='ltr'><strong>principio,</strong></span> <span class='ocrx_word' id='word_1_404' title='bbox 2692 3533 2755 3586; x_wconf 91' lang='lat' dir='ltr'><strong>et</strong></span> <span class='ocrx_word' id='word_1_405' title='bbox 2782 3525 3092 3605; x_wconf 83' lang='lat' dir='ltr'><strong>gradatim</strong></span> <span class='ocrx_word' id='word_1_406' title='bbox 3125 3525 3527 3605; x_wconf 88' lang='lat' dir='ltr'><strong>protenditur</strong></span> 
     </span>
     <span class='ocr_line' id='line_1_66' title="bbox 2029 3622 3519 3708; baseline -0.002 -20"><span class='ocrx_word' id='word_1_407' title='bbox 2029 3645 2141 3708; x_wconf 87' lang='lat' dir='ltr'><strong>per</strong></span> <span class='ocrx_word' id='word_1_408' title='bbox 2187 3625 2397 3687; x_wconf 82' lang='lat' dir='ltr'><strong>media</strong></span> <span class='ocrx_word' id='word_1_409' title='bbox 2440 3642 2644 3707; x_wconf 88' lang='lat' dir='ltr'><strong>usquc</strong></span> <span class='ocrx_word' id='word_1_410' title='bbox 2686 3624 2764 3686; x_wconf 91' lang='lat' dir='ltr'><strong>ad</strong></span> <span class='ocrx_word' id='word_1_411' title='bbox 2807 3622 3099 3685; x_wconf 86' lang='lat' dir='ltr'><strong>infimam</strong></span> <span class='ocrx_word' id='word_1_412' title='bbox 3143 3631 3519 3698; x_wconf 88' lang='lat' dir='ltr'><strong>creaturam,</strong></span> 
     </span>
     <span class='ocr_line' id='line_1_67' title="bbox 2025 3721 3523 3807; baseline 0 -22"><span class='ocrx_word' id='word_1_413' title='bbox 2025 3743 2167 3807; x_wconf 82' lang='lat' dir='ltr'><strong>quae</strong></span> <span class='ocrx_word' id='word_1_414' title='bbox 2216 3731 2311 3786; x_wconf 92' lang='lat' dir='ltr'><strong>est</strong></span> <span class='ocrx_word' id='word_1_415' title='bbox 2362 3723 2627 3786; x_wconf 90' lang='lat' dir='ltr'><strong>materia</strong></span> <span class='ocrx_word' id='word_1_416' title='bbox 2675 3721 2899 3805; x_wconf 87' lang='lat' dir='ltr'><strong>prima.</strong></span> <span class='ocrx_word' id='word_1_417' title='bbox 2936 3722 3133 3794; x_wconf 90' lang='lat' dir='ltr'><strong>Quam</strong></span> <span class='ocrx_word' id='word_1_418' title='bbox 3187 3722 3523 3785; x_wconf 84' lang='lat' dir='ltr'><strong>connexio-</strong></span> 
     </span>
     <span class='ocr_line' id='line_1_68' title="bbox 2025 3819 3524 3904; baseline -0.001 -20"><span class='ocrx_word' id='word_1_419' title='bbox 2025 3841 2173 3884; x_wconf 89' lang='lat' dir='ltr'><strong>nem</strong></span> <span class='ocrx_word' id='word_1_420' title='bbox 2212 3820 2696 3904; x_wconf 86' lang='lat' dir='ltr'><strong>appellaverunt</strong></span> <span class='ocrx_word' id='word_1_421' title='bbox 2732 3819 3094 3902; x_wconf 91' lang='lat' dir='ltr'><strong>philosophi</strong></span> <span class='ocrx_word' id='word_1_422' title='bbox 3135 3837 3391 3882; x_wconf 89' lang='lat' dir='ltr'><strong>auream</strong></span> <span class='ocrx_word' id='word_1_423' title='bbox 3423 3839 3524 3883; x_wconf 91' lang='lat' dir='ltr'><strong>ca-</strong></span> 
     </span>
     <span class='ocr_line' id='line_1_69' title="bbox 2023 3917 3525 4002; baseline -0.001 -19"><span class='ocrx_word' id='word_1_424' title='bbox 2023 3928 2235 3983; x_wconf 87' lang='lat' dir='ltr'><strong>tenam</strong></span> <span class='ocrx_word' id='word_1_425' title='bbox 2272 3937 2286 3982; x_wconf 92' lang='lat'><strong>:</strong></span> <span class='ocrx_word' id='word_1_426' title='bbox 2321 3939 2448 4002; x_wconf 86' lang='lat' dir='ltr'><strong>qua</strong></span> <span class='ocrx_word' id='word_1_427' title='bbox 2486 3919 2783 3981; x_wconf 87' lang='lat' dir='ltr'><strong>universa</strong></span> <span class='ocrx_word' id='word_1_428' title='bbox 2822 3917 3097 3980; x_wconf 87' lang='lat' dir='ltr'><strong>invicem</strong></span> <span class='ocrx_word' id='word_1_429' title='bbox 3140 3927 3525 3981; x_wconf 88' lang='lat' dir='ltr'><strong>connectun-</strong></span> 
     </span>
     <span class='ocr_line' id='line_1_70' title="bbox 2024 4017 3517 4093; baseline -0.001 -12"><span class='ocrx_word' id='word_1_430' title='bbox 2024 4028 2128 4081; x_wconf 86' lang='lat' dir='ltr'><strong>tur</strong></span> <span class='ocrx_word' id='word_1_431' title='bbox 2172 4019 2249 4081; x_wconf 93' lang='lat' dir='ltr'><strong>ad</strong></span> <span class='ocrx_word' id='word_1_432' title='bbox 2292 4018 2807 4081; x_wconf 88' lang='lat' dir='ltr'><strong>constituendum</strong></span> <span class='ocrx_word' id='word_1_433' title='bbox 2853 4017 3132 4079; x_wconf 90' lang='lat' dir='ltr'><strong>universi</strong></span> <span class='ocrx_word' id='word_1_434' title='bbox 3184 4017 3517 4093; x_wconf 90' lang='lat' dir='ltr'><strong>unitatem,</strong></span> 
     </span>
     <span class='ocr_line' id='line_1_71' title="bbox 2025 4114 3519 4199; baseline 0 -19"><span class='ocrx_word' id='word_1_435' title='bbox 2025 4119 2112 4179; x_wconf 91' lang='lat' dir='ltr'><strong>ita</strong></span> <span class='ocrx_word' id='word_1_436' title='bbox 2141 4118 2311 4199; x_wconf 91' lang='lat' dir='ltr'><strong>quod</strong></span> <span class='ocrx_word' id='word_1_437' title='bbox 2343 4117 2394 4180; x_wconf 92' lang='lat' dir='ltr'><strong>si</strong></span> <span class='ocrx_word' id='word_1_438' title='bbox 2436 4116 2748 4180; x_wconf 87' lang='lat' dir='ltr'><strong>connexio</strong></span> <span class='ocrx_word' id='word_1_439' title='bbox 2784 4115 2929 4177; x_wconf 90' lang='lat' dir='ltr'><strong>talis</strong></span> <span class='ocrx_word' id='word_1_440' title='bbox 2969 4134 3082 4196; x_wconf 90' lang='lat' dir='ltr'><strong>per</strong></span> <span class='ocrx_word' id='word_1_441' title='bbox 3115 4114 3519 4180; x_wconf 87' lang='lat' dir='ltr'><strong>influentiam</strong></span> 
     </span>
    </p>
   </div>
   <div class='ocr_carea' id='block_1_12' title="bbox 423 4212 3521 4294">
    <p class='ocr_par' dir='ltr' id='par_1_14' title="bbox 423 4212 3521 4294">
     <span class='ocr_line' id='line_1_72' title="bbox 423 4212 3521 4294; baseline 0.001 -19"><span class='ocrx_word' id='word_1_442' title='bbox 423 4213 843 4294; x_wconf 85' lang='lat' dir='ltr'><strong>cognoscendi</strong></span> <span class='ocrx_word' id='word_1_443' title='bbox 891 4212 1204 4293; x_wconf 79' lang='lat' dir='ltr'><strong>objectiva</strong></span> <span class='ocrx_word' id='word_1_444' title='bbox 1253 4213 1379 4275; x_wconf 91' lang='lat' dir='ltr'><strong>alia</strong></span> <span class='ocrx_word' id='word_1_445' title='bbox 1425 4233 1462 4274; x_wconf 90' lang='lat' dir='ltr'><strong>a</strong></span> <span class='ocrx_word' id='word_1_446' title='bbox 1509 4231 1598 4286; x_wconf 86' lang='lat' dir='ltr'><strong>se,</strong></span> <span class='ocrx_word' id='word_1_447' title='bbox 1640 4231 1766 4276; x_wconf 91' lang='lat' dir='ltr'><strong>non</strong></span> <span class='ocrx_word' id='word_1_448' title='bbox 1811 4234 1917 4276; x_wconf 88' lang='lat' dir='ltr'><strong>au·</strong></span> <span class='ocrx_word' id='word_1_449' title='bbox 1945 4220 1994 4281; x_wconf 93' lang='lat' dir='ltr'>D</span> <span class='ocrx_word' id='word_1_450' title='bbox 2023 4233 2151 4278; x_wconf 90' lang='lat' dir='ltr'><strong>non</strong></span> <span class='ocrx_word' id='word_1_451' title='bbox 2199 4222 2365 4278; x_wconf 87' lang='lat' dir='ltr'><strong>esset</strong></span> <span class='ocrx_word' id='word_1_452' title='bbox 2414 4215 2481 4276; x_wconf 92' lang='lat' dir='ltr'><strong>in</strong></span> <span class='ocrx_word' id='word_1_453' title='bbox 2530 4214 2851 4286; x_wconf 86' lang='lat' dir='ltr'><strong>universo,</strong></span> <span class='ocrx_word' id='word_1_454' title='bbox 2886 4213 3095 4293; x_wconf 88' lang='lat' dir='ltr'><strong>ipsum</strong></span> <span class='ocrx_word' id='word_1_455' title='bbox 3147 4212 3521 4278; x_wconf 90' lang='lat' dir='ltr'><strong>universum</strong></span> 
     </span>
    </p>
   </div>
   <div class='ocr_carea' id='block_1_13' title="bbox 415 4301 1918 5378">
    <p class='ocr_par' dir='ltr' id='par_1_15' title="bbox 415 4301 1918 5378">
     <span class='ocr_line' id='line_1_73' title="bbox 422 4301 1916 4393; baseline 0.001 -19"><span class='ocrx_word' id='word_1_456' title='bbox 422 4320 552 4374; x_wconf 88' lang='lat' dir='ltr'><strong>tem</strong></span> <span class='ocrx_word' id='word_1_457' title='bbox 606 4331 674 4373; x_wconf 91' lang='lat' dir='ltr'><strong>se</strong></span> <span class='ocrx_word' id='word_1_458' title='bbox 722 4301 956 4392; x_wconf 90' lang='lat' dir='ltr'><strong>ipsum,</strong></span> <span class='ocrx_word' id='word_1_459' title='bbox 1009 4311 1359 4374; x_wconf 90' lang='lat' dir='ltr'><strong>secundum</strong></span> <span class='ocrx_word' id='word_1_460' title='bbox 1408 4312 1578 4392; x_wconf 92' lang='lat' dir='ltr'><strong>quod</strong></span> <span class='ocrx_word' id='word_1_461' title='bbox 1624 4311 1916 4393; x_wconf 88' lang='lat' dir='ltr'><strong>Augusti-</strong></span> 
     </span>
     <span class='ocr_line' id='line_1_74' title="bbox 423 4409 1914 4492; baseline 0.001 -18"><span class='ocrx_word' id='word_1_462' title='bbox 423 4430 543 4474; x_wconf 85' lang='lat' dir='ltr'><strong>nus</strong></span> <span class='ocrx_word' id='word_1_463' title='bbox 583 4410 797 4492; x_wconf 91' lang='lat' dir='ltr'><strong>posuit</strong></span> <span class='ocrx_word' id='word_1_464' title='bbox 821 4429 1019 4491; x_wconf 36' lang='lat' dir='ltr'><strong>·omne</strong></span> <span class='ocrx_word' id='word_1_465' title='bbox 1051 4428 1276 4473; x_wconf 90' lang='lat' dir='ltr'><strong>verum</strong></span> <span class='ocrx_word' id='word_1_466' title='bbox 1313 4409 1377 4471; x_wconf 89' lang='lat' dir='ltr'><strong>in</strong></span> <span class='ocrx_word' id='word_1_467' title='bbox 1413 4410 1656 4472; x_wconf 91' lang='lat' dir='ltr'><strong>lumine</strong></span> <span class='ocrx_word' id='word_1_468' title='bbox 1689 4412 1914 4492; x_wconf 82' lang='lat' dir='ltr'><strong>primae</strong></span> 
     </span>
     <span class='ocr_line' id='line_1_75' title="bbox 419 4509 1914 4592; baseline 0.001 -20"><span class='ocrx_word' id='word_1_469' title='bbox 419 4510 706 4573; x_wconf 87' lang='lat' dir='ltr'><strong>veritatis</strong></span> <span class='ocrx_word' id='word_1_470' title='bbox 738 4509 1056 4590; x_wconf 88' lang='lat' dir='ltr'><strong>cognosci,</strong></span> <span class='ocrx_word' id='word_1_471' title='bbox 1090 4509 1441 4592; x_wconf 80' lang='lat' dir='ltr'><strong>praesertim</strong></span> <span class='ocrx_word' id='word_1_472' title='bbox 1472 4527 1660 4572; x_wconf 90' lang='lat' dir='ltr'><strong>omne</strong></span> <span class='ocrx_word' id='word_1_473' title='bbox 1690 4530 1914 4574; x_wconf 90' lang='lat' dir='ltr'><strong>verum</strong></span> 
     </span>
     <span class='ocr_line' id='line_1_76' title="bbox 418 4607 1914 4691; baseline 0.002 -21"><span class='ocrx_word' id='word_1_474' title='bbox 418 4608 933 4691; x_wconf 83' lang='lat' dir='ltr'><strong>supernaturale3</strong></span> <span class='ocrx_word' id='word_1_475' title='bbox 965 4615 1075 4669; x_wconf 87' lang='lat' dir='ltr'><strong>aut</strong></span> <span class='ocrx_word' id='word_1_476' title='bbox 1112 4616 1410 4689; x_wconf 88' lang='lat' dir='ltr'><strong>tanquam</strong></span> <span class='ocrx_word' id='word_1_477' title='bbox 1450 4607 1774 4688; x_wconf 81' lang='lat' dir='ltr'><strong>objectum</strong></span> <span class='ocrx_word' id='word_1_478' title='bbox 1813 4628 1914 4673; x_wconf 93' lang='lat' dir='ltr'><strong>co-</strong></span> 
     </span>
     <span class='ocr_line' id='line_1_77' title="bbox 415 4705 1916 4788; baseline 0.001 -20"><span class='ocrx_word' id='word_1_479' title='bbox 415 4707 689 4788; x_wconf 87' lang='lat' dir='ltr'><strong>gnitum,</strong></span> <span class='ocrx_word' id='word_1_480' title='bbox 722 4707 888 4768; x_wconf 90' lang='lat' dir='ltr'><strong>sicut</strong></span> <span class='ocrx_word' id='word_1_481' title='bbox 917 4725 986 4768; x_wconf 88' lang='lat' dir='ltr'><strong>se</strong></span> <span class='ocrx_word' id='word_1_482' title='bbox 1025 4705 1389 4768; x_wconf 83' lang='lat' dir='ltr'><strong>manifestat</strong></span> <span class='ocrx_word' id='word_1_483' title='bbox 1425 4705 1649 4768; x_wconf 84' lang='lat' dir='ltr'><strong>BeatiS.</strong></span> <span class='ocrx_word' id='word_1_484' title='bbox 1685 4708 1916 4780; x_wconf 90' lang='lat' dir='ltr'><strong>Quum-</strong></span> 
     </span>
     <span class='ocr_line' id='line_1_78' title="bbox 416 4805 1914 4889; baseline 0.001 -22"><span class='ocrx_word' id='word_1_485' title='bbox 416 4825 542 4889; x_wconf 88' lang='lat' dir='ltr'><strong>que</strong></span> <span class='ocrx_word' id='word_1_486' title='bbox 578 4805 787 4886; x_wconf 88' lang='lat' dir='ltr'><strong>angeli</strong></span> <span class='ocrx_word' id='word_1_487' title='bbox 828 4824 966 4868; x_wconf 89' lang='lat' dir='ltr'><strong>esse</strong></span> <span class='ocrx_word' id='word_1_488' title='bbox 1005 4823 1132 4867; x_wconf 92' lang='lat' dir='ltr'><strong>non</strong></span> <span class='ocrx_word' id='word_1_489' title='bbox 1162 4805 1414 4868; x_wconf 85' lang='lat' dir='ltr'><strong>valcant</strong></span> <span class='ocrx_word' id='word_1_490' title='bbox 1451 4813 1763 4868; x_wconf 90' lang='lat' dir='ltr'><strong>creatores</strong></span> <span class='ocrx_word' id='word_1_491' title='bbox 1803 4807 1914 4869; x_wconf 92' lang='lat' dir='ltr'><strong>ali-</strong></span> 
     </span>
     <span class='ocr_line' id='line_1_79' title="bbox 417 4903 1913 4985; baseline 0.001 -19"><span class='ocrx_word' id='word_1_492' title='bbox 417 4904 603 4985; x_wconf 86' lang='lat' dir='ltr'><strong>cujus</strong></span> <span class='ocrx_word' id='word_1_493' title='bbox 672 4904 990 4966; x_wconf 91' lang='lat' dir='ltr'><strong>luminum</strong></span> <span class='ocrx_word' id='word_1_494' title='bbox 1057 4903 1309 4976; x_wconf 88' lang='lat' dir='ltr'><strong>horum,</strong></span> <span class='ocrx_word' id='word_1_495' title='bbox 1374 4921 1492 4965; x_wconf 89' lang='lat' dir='ltr'><strong>nec</strong></span> <span class='ocrx_word' id='word_1_496' title='bbox 1559 4904 1913 4967; x_wconf 91' lang='lat' dir='ltr'><strong>increatum</strong></span> 
     </span>
     <span class='ocr_line' id='line_1_80' title="bbox 417 5001 1913 5084; baseline 0.001 -21"><span class='ocrx_word' id='word_1_497' title='bbox 417 5002 636 5064; x_wconf 90' lang='lat' dir='ltr'><strong>lumen</strong></span> <span class='ocrx_word' id='word_1_498' title='bbox 679 5001 1104 5075; x_wconf 83' lang='lat' dir='ltr'><strong>manifestare,</strong></span> <span class='ocrx_word' id='word_1_499' title='bbox 1139 5003 1382 5064; x_wconf 84' lang='lat' dir='ltr'><strong>co&#39;nstat</strong></span> <span class='ocrx_word' id='word_1_500' title='bbox 1421 5002 1589 5084; x_wconf 91' lang='lat' dir='ltr'><strong>quod</strong></span> <span class='ocrx_word' id='word_1_501' title='bbox 1631 5003 1752 5065; x_wconf 86' lang='lat' dir='ltr'><strong>isto</strong></span> <span class='ocrx_word' id='word_1_502' title='bbox 1783 5021 1913 5066; x_wconf 91' lang='lat' dir='ltr'><strong>mo-</strong></span> 
     </span>
     <span class='ocr_line' id='line_1_81' title="bbox 416 5099 1914 5180; baseline -0.001 -16"><span class='ocrx_word' id='word_1_503' title='bbox 416 5102 497 5164; x_wconf 92' lang='lat' dir='ltr'><strong>do</strong></span> <span class='ocrx_word' id='word_1_504' title='bbox 553 5119 722 5162; x_wconf 86' lang='lat' dir='ltr'><strong>unus</strong></span> <span class='ocrx_word' id='word_1_505' title='bbox 781 5100 1043 5180; x_wconf 87' lang='lat' dir='ltr'><strong>angelus</strong></span> <span class='ocrx_word' id='word_1_506' title='bbox 1100 5100 1298 5161; x_wconf 90' lang='lat' dir='ltr'><strong>alium</strong></span> <span class='ocrx_word' id='word_1_507' title='bbox 1365 5099 1728 5162; x_wconf 89' lang='lat' dir='ltr'><strong>illuminare</strong></span> <span class='ocrx_word' id='word_1_508' title='bbox 1787 5119 1914 5163; x_wconf 92' lang='lat' dir='ltr'><strong>non</strong></span> 
     </span>
     <span class='ocr_line' id='line_1_82' title="bbox 417 5197 1915 5282; baseline -0.001 -21"><span class='ocrx_word' id='word_1_509' title='bbox 417 5205 646 5282; x_wconf 83' lang='lat' dir='ltr'><strong>queat3</strong></span> <span class='ocrx_word' id='word_1_510' title='bbox 678 5199 790 5260; x_wconf 89' lang='lat' dir='ltr'><strong>sed</strong></span> <span class='ocrx_word' id='word_1_511' title='bbox 838 5205 1044 5280; x_wconf 90' lang='lat' dir='ltr'><strong>potest</strong></span> <span class='ocrx_word' id='word_1_512' title='bbox 1091 5197 1232 5271; x_wconf 89' lang='lat' dir='ltr'><strong>hoc,</strong></span> <span class='ocrx_word' id='word_1_513' title='bbox 1273 5198 1685 5281; x_wconf 90' lang='lat' dir='ltr'><strong>proponendo</strong></span> <span class='ocrx_word' id='word_1_514' title='bbox 1733 5198 1915 5260; x_wconf 90' lang='lat' dir='ltr'><strong>intel-</strong></span> 
     </span>
     <span class='ocr_line' id='line_1_83' title="bbox 419 5295 1918 5378; baseline -0.001 -18"><span class='ocrx_word' id='word_1_515' title='bbox 419 5296 614 5362; x_wconf 86' lang='lat' dir='ltr'><strong>lectui</strong></span> <span class='ocrx_word' id='word_1_516' title='bbox 663 5295 906 5377; x_wconf 87' lang='lat' dir='ltr'><strong>aliquid</strong></span> <span class='ocrx_word' id='word_1_517' title='bbox 953 5296 1340 5378; x_wconf 89' lang='lat' dir='ltr'><strong>participans</strong></span> <span class='ocrx_word' id='word_1_518' title='bbox 1390 5296 1630 5373; x_wconf 89' lang='lat' dir='ltr'><strong>lumen,</strong></span> <span class='ocrx_word' id='word_1_519' title='bbox 1683 5296 1918 5359; x_wconf 90' lang='lat' dir='ltr'><strong>illumi·</strong></span> 
     </span>
    </p>
   </div>
   <div class='ocr_carea' id='block_1_14' title="bbox 669 5429 852 5482">
    <p class='ocr_par' dir='ltr' id='par_1_16' title="bbox 669 5429 852 5482">
     <span class='ocr_line' id='line_1_84' title="bbox 669 5429 852 5482; baseline -0.022 0"><span class='ocrx_word' id='word_1_520' title='bbox 669 5429 735 5482; x_wconf 83' lang='lat' dir='ltr'><strong>T.</strong></span> <span class='ocrx_word' id='word_1_521' title='bbox 772 5430 852 5480; x_wconf 78' lang='lat'><strong>21.</strong></span> 
     </span>
    </p>
   </div>
   <div class='ocr_carea' id='block_1_15' title="bbox 2023 4311 3522 5378">
    <p class='ocr_par' dir='ltr' id='par_1_17' title="bbox 2023 4311 3522 5378">
     <span class='ocr_line' id='line_1_85' title="bbox 2024 4311 3517 4391; baseline -0.001 -15"><span class='ocrx_word' id='word_1_522' title='bbox 2024 4332 2150 4376; x_wconf 91' lang='lat' dir='ltr'><strong>non</strong></span> <span class='ocrx_word' id='word_1_523' title='bbox 2182 4320 2347 4375; x_wconf 92' lang='lat' dir='ltr'><strong>esset</strong></span> <span class='ocrx_word' id='word_1_524' title='bbox 2378 4332 2577 4374; x_wconf 90' lang='lat' dir='ltr'><strong>unum</strong></span> <span class='ocrx_word' id='word_1_525' title='bbox 2610 4312 2733 4374; x_wconf 91' lang='lat' dir='ltr'><strong>nisi</strong></span> <span class='ocrx_word' id='word_1_526' title='bbox 2765 4311 2986 4374; x_wconf 86' lang='lat' dir='ltr'><strong>ordine</strong></span> <span class='ocrx_word' id='word_1_527' title='bbox 3016 4318 3517 4391; x_wconf 86' lang='lat' dir='ltr'><strong>aggregatorum,</strong></span> 
     </span>
     <span class='ocr_line' id='line_1_86' title="bbox 2024 4409 3522 4494; baseline -0.001 -19"><span class='ocrx_word' id='word_1_528' title='bbox 2024 4411 2563 4494; x_wconf 88' lang='lat' dir='ltr'><strong>quemadmodum</strong></span> <span class='ocrx_word' id='word_1_529' title='bbox 2604 4430 2825 4472; x_wconf 90' lang='lat' dir='ltr'><strong>murus</strong></span> <span class='ocrx_word' id='word_1_530' title='bbox 2858 4409 3220 4491; x_wconf 89' lang='lat' dir='ltr'><strong>lapidumve</strong></span> <span class='ocrx_word' id='word_1_531' title='bbox 3257 4429 3522 4474; x_wconf 87' lang='lat' dir='ltr'><strong>acervus</strong></span> 
     </span>
     <span class='ocr_line' id='line_1_87' title="bbox 2023 4506 3520 4590; baseline -0.002 -17"><span class='ocrx_word' id='word_1_532' title='bbox 2023 4518 2120 4576; x_wconf 90' lang='lat' dir='ltr'><strong>est</strong></span> <span class='ocrx_word' id='word_1_533' title='bbox 2169 4529 2354 4572; x_wconf 90' lang='lat' dir='ltr'><strong>unus.</strong></span> <span class='ocrx_word' id='word_1_534' title='bbox 2404 4509 2479 4570; x_wconf 91' lang='lat' dir='ltr'><strong>Et</strong></span> <span class='ocrx_word' id='word_1_535' title='bbox 2528 4508 2831 4590; x_wconf 92' lang='lat' dir='ltr'><strong>quoniam</strong></span> <span class='ocrx_word' id='word_1_536' title='bbox 2880 4506 3283 4570; x_wconf 83' lang='lat' dir='ltr'><strong>influentiam</strong></span> <span class='ocrx_word' id='word_1_537' title='bbox 3331 4507 3520 4571; x_wconf 90' lang='lat' dir='ltr'><strong>istam</strong></span> 
     </span>
     <span class='ocr_line' id='line_1_88' title="bbox 2024 4605 3518 4690; baseline -0.001 -21"><span class='ocrx_word' id='word_1_538' title='bbox 2024 4626 2153 4670; x_wconf 90' lang='lat' dir='ltr'><strong>non</strong></span> <span class='ocrx_word' id='word_1_539' title='bbox 2194 4607 2515 4690; x_wconf 91' lang='lat' dir='ltr'><strong>ponebant</strong></span> <span class='ocrx_word' id='word_1_540' title='bbox 2555 4605 2916 4689; x_wconf 90' lang='lat' dir='ltr'><strong>philosophi</strong></span> <span class='ocrx_word' id='word_1_541' title='bbox 2957 4605 3078 4668; x_wconf 91' lang='lat' dir='ltr'><strong>nisi</strong></span> <span class='ocrx_word' id='word_1_542' title='bbox 3121 4625 3236 4688; x_wconf 92' lang='lat' dir='ltr'><strong>per</strong></span> <span class='ocrx_word' id='word_1_543' title='bbox 3273 4613 3518 4668; x_wconf 90' lang='lat' dir='ltr'><strong>motum</strong></span> 
     </span>
     <span class='ocr_line' id='line_1_89' title="bbox 2025 4704 3518 4786; baseline -0.001 -17"><span class='ocrx_word' id='word_1_544' title='bbox 2025 4706 2405 4779; x_wconf 88' lang='lat' dir='ltr'><strong>coelestium,</strong></span> <span class='ocrx_word' id='word_1_545' title='bbox 2462 4705 2701 4767; x_wconf 89' lang='lat' dir='ltr'><strong>idcirco</strong></span> <span class='ocrx_word' id='word_1_546' title='bbox 2752 4704 2933 4786; x_wconf 86' lang='lat' dir='ltr'><strong>juxta</strong></span> <span class='ocrx_word' id='word_1_547' title='bbox 2989 4723 3327 4766; x_wconf 89' lang='lat' dir='ltr'><strong>numerum</strong></span> <span class='ocrx_word' id='word_1_548' title='bbox 3385 4723 3518 4769; x_wconf 88' lang='lat' dir='ltr'><strong>mo-</strong></span> 
     </span>
     <span class='ocr_line' id='line_1_90' title="bbox 2024 4803 3521 4885; baseline 0.001 -20"><span class='ocrx_word' id='word_1_549' title='bbox 2024 4811 2208 4866; x_wconf 86' lang='lat' dir='ltr'><strong>tuum</strong></span> <span class='ocrx_word' id='word_1_550' title='bbox 2263 4803 2678 4866; x_wconf 89' lang='lat' dir='ltr'><strong>mobiliumve</strong></span> <span class='ocrx_word' id='word_1_551' title='bbox 2737 4803 3115 4877; x_wconf 66' lang='lat' dir='ltr'><strong>coelestium,</strong></span> <span class='ocrx_word' id='word_1_552' title='bbox 3169 4812 3521 4885; x_wconf 89' lang='lat' dir='ltr'><strong>posuerunt</strong></span> 
     </span>
     <span class='ocr_line' id='line_1_91' title="bbox 2025 4901 3519 4985; baseline 0.001 -21"><span class='ocrx_word' id='word_1_553' title='bbox 2025 4921 2364 4965; x_wconf 91' lang='lat' dir='ltr'><strong>numerum</strong></span> <span class='ocrx_word' id='word_1_554' title='bbox 2398 4901 2980 4983; x_wconf 88' lang='lat' dir='ltr'><strong>intelligentiarum,</strong></span> <span class='ocrx_word' id='word_1_555' title='bbox 3001 4901 3088 4963; x_wconf 89' lang='lat' dir='ltr'><strong>ita</strong></span> <span class='ocrx_word' id='word_1_556' title='bbox 3116 4904 3281 4984; x_wconf 92' lang='lat' dir='ltr'><strong>quod</strong></span> <span class='ocrx_word' id='word_1_557' title='bbox 3310 4903 3362 4966; x_wconf 85' lang='lat' dir='ltr'><strong>si</strong></span> <span class='ocrx_word' id='word_1_558' title='bbox 3394 4923 3519 4985; x_wconf 86' lang='lat' dir='ltr'><strong>qua</strong></span> 
     </span>
     <span class='ocr_line' id='line_1_92' title="bbox 2025 5000 3521 5082; baseline 0 -20"><span class='ocrx_word' id='word_1_559' title='bbox 2025 5007 2193 5063; x_wconf 90' lang='lat' dir='ltr'><strong>esset</strong></span> <span class='ocrx_word' id='word_1_560' title='bbox 2234 5019 2377 5082; x_wconf 82' lang='lat' dir='ltr'><strong>quae</strong></span> <span class='ocrx_word' id='word_1_561' title='bbox 2421 5019 2547 5063; x_wconf 93' lang='lat' dir='ltr'><strong>non</strong></span> <span class='ocrx_word' id='word_1_562' title='bbox 2592 5008 2875 5062; x_wconf 90' lang='lat' dir='ltr'><strong>moveret</strong></span> <span class='ocrx_word' id='word_1_563' title='bbox 2914 5018 3165 5082; x_wconf 78' lang='lat' dir='ltr'><strong>corpuS‚</strong></span> <span class='ocrx_word' id='word_1_564' title='bbox 3201 5000 3311 5061; x_wconf 89' lang='lat' dir='ltr'><strong>illa</strong></span> <span class='ocrx_word' id='word_1_565' title='bbox 3353 5009 3521 5064; x_wconf 90' lang='lat' dir='ltr'><strong>esset</strong></span> 
     </span>
     <span class='ocr_line' id='line_1_93' title="bbox 2025 5097 3518 5179; baseline -0.001 -17"><span class='ocrx_word' id='word_1_566' title='bbox 2025 5099 2225 5162; x_wconf 87' lang='lat' dir='ltr'><strong>otiosa</strong></span> <span class='ocrx_word' id='word_1_567' title='bbox 2272 5106 2336 5159; x_wconf 90' lang='lat' dir='ltr'><strong>et</strong></span> <span class='ocrx_word' id='word_1_568' title='bbox 2380 5097 2636 5172; x_wconf 90' lang='lat' dir='ltr'><strong>frustra,</strong></span> <span class='ocrx_word' id='word_1_569' title='bbox 2673 5105 2862 5179; x_wconf 88' lang='lat' dir='ltr'><strong>prout</strong></span> <span class='ocrx_word' id='word_1_570' title='bbox 2909 5098 3285 5160; x_wconf 91' lang='lat' dir='ltr'><strong>duodecimo</strong></span> <span class='ocrx_word' id='word_1_571' title='bbox 3332 5097 3518 5160; x_wconf 84' lang='lat' dir='ltr'><strong>Meta-</strong></span> 
     </span>
     <span class='ocr_line' id='line_1_94' title="bbox 2026 5194 3519 5280; baseline 0 -22"><span class='ocrx_word' id='word_1_572' title='bbox 2026 5196 2307 5280; x_wconf 81' lang='lat' dir='ltr'><strong>physicae</strong></span> <span class='ocrx_word' id='word_1_573' title='bbox 2335 5197 2561 5258; x_wconf 89' lang='lat' dir='ltr'><strong>asserit</strong></span> <span class='ocrx_word' id='word_1_574' title='bbox 2593 5196 3077 5260; x_wconf 88' lang='lat' dir='ltr'><strong>Commentator.</strong></span> <span class='ocrx_word' id='word_1_575' title='bbox 3110 5194 3389 5276; x_wconf 88' lang='lat' dir='ltr'><strong>Angelus</strong></span> <span class='ocrx_word' id='word_1_576' title='bbox 3422 5215 3519 5258; x_wconf 91' lang='lat' dir='ltr'><strong>er-</strong></span> 
     </span>
     <span class='ocr_line' id='line_1_95' title="bbox 2023 5293 3517 5378; baseline -0.001 -19"><span class='ocrx_word' id='word_1_577' title='bbox 2023 5314 2104 5378; x_wconf 91' lang='lat' dir='ltr'><strong>go</strong></span> <span class='ocrx_word' id='word_1_578' title='bbox 2135 5293 2412 5370; x_wconf 86' lang='lat' dir='ltr'><strong>inferior,</strong></span> <span class='ocrx_word' id='word_1_579' title='bbox 2432 5295 2894 5377; x_wconf 88' lang='lat' dir='ltr'><strong>quodammodo</strong></span> <span class='ocrx_word' id='word_1_580' title='bbox 2921 5301 3017 5358; x_wconf 91' lang='lat' dir='ltr'><strong>est</strong></span> <span class='ocrx_word' id='word_1_581' title='bbox 3045 5295 3111 5355; x_wconf 93' lang='lat' dir='ltr'><strong>in</strong></span> <span class='ocrx_word' id='word_1_582' title='bbox 3141 5294 3425 5376; x_wconf 78' lang='lat' dir='ltr'><strong>potent-ia</strong></span> <span class='ocrx_word' id='word_1_583' title='bbox 3454 5301 3517 5358; x_wconf 91' lang='lat' dir='ltr'><strong>et</strong></span> 
     </span>
    </p>
   </div>
   <div class='ocr_carea' id='block_1_16' title="bbox 3198 5428 3259 5480">
    <p class='ocr_par' dir='ltr' id='par_1_18' title="bbox 3198 5428 3259 5480">
     <span class='ocr_line' id='line_1_96' title="bbox 3198 5428 3259 5480; baseline 0 0"><span class='ocrx_word' id='word_1_584' title='bbox 3198 5428 3259 5480; x_wconf 81' lang='lat'><strong>34</strong></span> 
     </span>
    </p>
   </div>
  </div>
 </body>
</html>
