4334 6242
1356 499 1442 547 ΑΝ
1482 498 1665 547 AEvuu
1706 496 1992 545 unNsunA
2036 498 2128 545 sn·
2170 486 2536 546 Anii-atenim

3377 476 3493 543 147

386 676 517 744 tur,
564 689 762 753 quum
811 690 1033 734 eorum
1084 652 1440 733 substantia
1488 678 1893 733 mensuretur
1920 670 1969 731 A
2002 670 2155 732 bilia
2189 671 2252 733 in
2278 678 2587 754 quantum
2619 688 2758 733 esse
2789 688 2977 731 suum
3010 668 3245 731 habent
3275 667 3488 742 simul,

381 786 528 831 aevo
566 770 909 831 dumtaxat.
946 770 1235 833 Secundo
1274 769 1349 831 fit
1392 777 1601 831 motus
1642 769 1761 831 iste
1800 786 1893 831 se-

381 867 673 929 cundum
706 868 1155 950 dispositiones
1196 887 1310 950 per
1350 887 1417 930 se
1450 867 1890 950 imprimentes

382 963 449 1025 in
484 965 909 1028 substantiam
941 968 1344 1049 rei,quarum
1378 966 1893 1047 variati0,quam-

381 1063 485 1124 vis
516 1064 686 1125 'nihil
731 1065 989 1146 abjiciat
1031 1066 1111 1127 de
1148 1084 1287 1128 esse
1328 1065 1419 1127 rei
1463 1064 1887 1137 substantiali,

383 1161 544 1242 quia
582 1180 705 1225 non
746 1162 937 1225 habet
975 1170 1222 1244 partem
1262 1169 1326 1225 et
1366 1170 1632 1244 partem,
1667 1170 1735 1223 ut
1767 1180 1891 1224 una

382 1258 730 1338 abjiciatur
769 1268 913 1343 post
940 1261 1155 1333 aliam,
1188 1261 1411 1341 abjicit
1450 1268 1661 1322 tamen
1699 1260 1780 1321 ab
1816 1277 1891 1322 eo

383 1374 421 1416 a
466 1374 597 1437 quo
638 1358 954 1439 dependet
996 1378 1135 1421 esse
1180 1358 1271 1419 rei
1320 1357 1733 1420 substantiale
1770 1376 1783 1420 ε
1821 1365 1891 1418 ut

384 1462 485 1515 est
535 1456 799 1519 variatio
856 1458 1208 1519 secundum
1267 1456 1545 1518 calidum
1604 1463 1666 1517 et
1714 1456 1889 1535 frigi-

386 1552 567 1625 dum,
628 1554 967 1618 humidum
1030 1564 1090 1617 et
1150 1555 1417 1628 siccum,
1479 1574 1621 1635 quae
1683 1553 1889 1616 solum

390 1650 457 1712 in
495 1651 687 1714 rebus
727 1653 1202 1733 generabilibus
1234 1652 1891 1735 corruptibilibusque

389 1749 703 1825 consistit,
739 1751 805 1812 in
838 1750 1073 1832 quibus
1115 1759 1323 1813 motus
1361 1750 1728 1831 hujusmodi
1761 1750 1889 1831 pri-

1999 788 2133 831 aevo
2179 769 2530 831 mensurari
2574 768 2841 829 dicenda
2888 774 3054 830 sunt.
3089 766 3330 849 Nempe
3372 766 3493 829 hoc

2000 869 2244 931 dictum
2278 885 2404 930 non
2435 875 2698 949 apparet
2729 866 3050 939 idoneum,
3087 884 3284 947 quum
3313 864 3496 945 juxta

2001 967 2350 1048 praehabita
2379 986 2582 1029 aevum
2613 984 2739 1029 non
2771 966 2854 1027 sit
2884 983 3172 1027 mensura
3201 964 3325 1025 nisi
3356 963 3499 1026 aevi-

2000 1073 2351 1138 ternorum,
2405 1066 2466 1127 id
2520 1072 2616 1126 est
2675 1072 3126 1146 perpetuorum
3179 1071 3242 1125 et
3292 1062 3495 1124 incor-

2002 1164 2432 1246 ruptibilium,
2483 1172 2705 1245 estque
2766 1181 3065 1224 mensura
3113 1180 3250 1223 esse
3301 1161 3493 1223 creati

2002 1262 2411 1325 uniformiter
2453 1281 2520 1323 se
2564 1261 2878 1323 habentis.

2082 1360 2368 1441 Denique
2417 1360 2586 1421 circa
2631 1360 2765 1421 haec
2817 1358 3038 1420 Scotus
3086 1357 3310 1419 scribit
3357 1375 3497 1439 pro-

2003 1458 2149 1531 lixe,
2185 1476 2310 1521 non
2356 1465 2566 1519 tamen
2606 1456 3088 1519 determinando
3118 1474 3184 1517 se
3216 1455 3498 1517 finaliter

1998 1557 2077 1618 ad
2126 1556 2406 1637 aliquam
2455 1555 2824 1636 opinionem
2869 1555 2946 1615 de
2990 1554 3106 1615 hac
3148 1553 3496 1636 quaestione

2001 1662 2390 1736 prae-tactam,
2423 1654 2533 1715 sed
2579 1654 2910 1734 utriusque
2953 1652 3272 1735 opinionis
3316 1652 3498 1713 ratio-

2004 1771 2115 1813 nes
2145 1752 2679 1833 auctoritatesque
2717 1752 2940 1813 recitat
2969 1769 3042 1812 ac
3077 1750 3384 1812 dissolvit.
3417 1785 3500 1795 —

390 1864 497 1909 mo
544 1855 608 1909 et
655 1868 770 1929 per
825 1868 893 1911 se
945 1856 1231 1931 tempore
1288 1856 1708 1923 mensuratur,
1762 1867 1887 1911 non
1926 1849 1973 1911 B
2001 1850 2451 1913 Verumtamen
2483 1850 2573 1912 ait
2601 1851 2888 1931 quaedam
2926 1848 3338 1931 probabiliter
3367 1832 3512 1929 posss

390 1945 529 2027 ipsa
570 1947 855 2019 mobilia,
890 1948 1012 2009 nisi
1057 1949 1121 2009 in
1163 1954 1472 2029 quantum
1509 1948 1651 2009 talis
1694 1954 1889 2009 trans-
2001 1967 2069 2011 se
2101 1949 2324 2022 teneri,
2359 1968 2499 2030 quae
2537 1968 2939 2030 nequaquam
2979 1948 3277 2010 videntur
3314 1964 3498 2028 posse

392 2045 661 2107 mutatio
693 2044 916 2124 abjicit
944 2052 1053 2107 aut
1082 2045 1302 2125 adjicit
1332 2046 1486 2127 quid
1518 2046 1584 2108 in
1615 2046 1891 2119 eisQuae
2001 2047 2230 2109 salvari
2277 2066 2289 2108 ε
2334 2053 2405 2108 ut
2447 2047 2616 2128 quod
2660 2046 3057 2109 incessabilis
3104 2044 3499 2107 conservatio

387 2142 665 2222 abJectio
694 2143 796 2205 vel
827 2144 1100 2224 adjectio
1130 2151 1234 2205 aut
1269 2143 1757 2217 sitsuccessive,
1782 2152 1891 2206 aut
2001 2145 2206 2224 angeli
2241 2145 2324 2207 sit
2353 2146 2654 2207 continua
2682 2144 2822 2224 ejus
2853 2144 3108 2217 creatio,
3136 2152 3196 2206 et
3228 2142 3498 2206 infinitae

386 2249 517 2303 tota
554 2242 773 2303 simul.
808 2242 1020 2305 Primo
1059 2244 1247 2305 modo
1286 2244 1605 2324 quantitas
1644 2250 1706 2305 et
1740 2262 1891 2325 qua·
2002 2243 2353 2305 creationes
2403 2243 2624 2325 ipsiuS.
2661 2243 2835 2316 Quod
2885 2262 3078 2323 supra
3119 2251 3182 2304 et
3221 2242 3376 2304 alibi
3425 2261 3497 2304 ac
3551 2264 3790 2319 cs.p.9sA

391 2338 553 2413 litas,
596 2341 676 2401 ad
720 2360 877 2422 quas
924 2340 1024 2403 vel
1074 2361 1111 2403 a
1159 2341 1393 2422 quibus
1442 2340 1609 2403 siunt
1659 2351 1888 2415 motuS,
2003 2343 2172 2403 circa
2201 2342 2484 2422 primum
2519 2350 2614 2403 est
2653 2342 3079 2423 reprobatum.
3114 2342 3294 2415 ltem,
3327 2340 3498 2421 quod
3526 2330 3626 2370 ²²⁸·

390 2457 503 2519 per
530 2457 601 2500 se
632 2446 919 2520 tempore
952 2448 1421 2513 mensurantur,
1456 2440 1567 2501 sed
1606 2457 1731 2502 non
1769 2440 1895 2521 pri-

392 2554 495 2599 mo
544 2554 560 2597 :
616 2545 686 2597 ut
732 2537 885 2598 dum
934 2537 1160 2600 albedo
1209 2537 1508 2599 continue
1556 2546 1894 2618 generatur

392 2642 569 2696 motu
620 2635 944 2715 augmenti
995 2654 1123 2718 quo
1174 2635 1312 2717 ipsa
1358 2642 1625 2717 augetur
1673 2655 1895 2698 secun·

393 2733 545 2795 dum
588 2734 760 2815 quod
805 2752 918 2814 per
962 2741 1173 2815 partes
1218 2734 1519 2797 continue
1558 2734 1896 2818 acquirun-

392 2838 493 2892 tur
531 2831 849 2893 albedinis
890 2838 1122 2913 parteS,
1154 2832 1372 2895 album
1413 2841 1475 2895 et
1513 2833 1741 2895 albedo
1782 2851 1895 2915 per

392 2948 479 3003 se,
515 2929 813 3011 quamvis
856 2948 984 2991 non
1035 2930 1265 3011 prime,
1308 2938 1594 3013 tempore
1642 2950 1905 2993 mensu-⁴

2003 2460 2176 2502 nunc
2225 2441 2342 2503 aevi
2399 2440 2652 2503 assidue
2710 2439 3180 2502 diversificetur
3232 2458 3244 2501 :
3299 2459 3498 2521 quum

2003 2547 2220 2602 tamen
2251 2539 2602 2601 secundum
2635 2538 3110 2619 Philosophum,
3143 2556 3316 2599 nunc
3345 2544 3501 2599 tem·

2006 2637 2179 2718 poris
2213 2644 2462 2699 maneat
2495 2635 2682 2699 idem.
2719 2637 3026 2717 Itemque,
3061 2636 3231 2718 quod
3272 2636 3335 2697 in
3367 2654 3500 2698 aevo

2004 2736 2088 2796 sit
2130 2734 2471 2809 successio,
2506 2752 2632 2797 non
2683 2742 2894 2796 tamen
2944 2734 3010 2796 in
3058 2733 3290 2795 actuali
3337 2733 3500 2795 exsi-

2004 2833 2236 2894 stentia
2273 2832 2559 2895 aeviterni
2597 2850 2610 2895 ε
2645 2853 2845 2916 quum
2893 2840 3102 2895 tamen
3149 2832 3499 2893 secundum

2006 2931 2242 3012 ipsum,
2293 2950 2499 2994 aevum
2551 2949 2677 2993 non
2727 2931 2808 2993 sit
2857 2930 2980 2993 nisi
3032 2931 3170 3012 ipsa
3215 2929 3500 2993 aeviterni

392 3036 630 3089 rantur.
683 3027 974 3089 Secundo
1026 3029 1214 3090 modo
1262 3048 1399 3091 esse
1449 3029 1887 3103 substantiale,
1930 3028 1974 3091 C
2004 3028 2374 3091 exsistentia
2401 3029 2688 3103 actualis,
2721 3037 2784 3090 et
2810 3029 2992 3109 juxta
3021 3028 3498 3109 Philosophum,

392 3126 557 3206 quod
598 3126 1025 3206 generationis
1068 3126 1414 3189 mutatione
1449 3128 1802 3210 acquiritur
1830 3134 1893 3188 et

394 3224 740 3286 mutatione
789 3224 1225 3306 corrumpitur
1272 3224 1335 3286 in
1386 3224 1521 3287 fine
1567 3225 1891 3306 augmenti

392 3330 499 3384 aut
546 3322 963 3397 alterationiS,
1010 3330 1297 3404 tempore
1350 3332 1772 3397 mensuratur,
1827 3324 1893 3386 in

394 3428 702 3501 quantum
737 3440 853 3502 per
882 3420 1259 3503 temporalia
1288 3421 1766 3495 determinatur,
1800 3421 1892 3482 sic

395 3519 561 3599 quod
602 3536 717 3600 per
753 3519 1196 3581 alterationem
1236 3519 1589 3580 secundum
1630 3519 1892 3601 qualita-

396 3624 487 3677 tes
516 3616 983 3697 imprimenteS,
1006 3635 1265 3679 necesse
1294 3624 1391 3679 est
1421 3616 1633 3699 ipsum
1665 3618 1729 3679 in
1760 3617 1894 3680 fine

394 3714 716 3795 corrumpi
762 3733 777 3777 :
828 3712 913 3775 ita
959 3714 1130 3796 quod
1178 3732 1317 3777 esse
1364 3714 1588 3777 talium
1640 3734 1896 3796 genera-

395 3810 621 3874 bilium
663 3820 727 3875 et
755 3812 1274 3894 corruptibilium
1314 3814 1658 3895 dupliciter
1693 3815 1896 3877 consi-

394 3910 665 3972 deratur.
708 3910 941 3982 Primo,
984 3918 1172 3992 prout
1213 3911 1380 3973 inter
1420 3913 1891 3993 generationem

394 4016 457 4070 et
494 4009 967 4091 corruptionem
1020 4019 1277 4072 manent
1325 4029 1424 4071 res
1475 4011 1599 4073 illae
1638 4010 1711 4072 in
1762 4018 1893 4074 toto

396 4124 510 4169 suo
554 4124 693 4168 esse
743 4106 1171 4181 substantiali,
1220 4108 1359 4169 sine
1408 4107 1764 4187 adjectione
1814 4108 1891 4169 ad

2006 3127 2184 3208 prius
2220 3135 2282 3189 et·
2312 3127 2628 3208 posterius
2665 3145 2790 3189 non
2828 3126 2953 3188 sint
2989 3127 3055 3188 in
3096 3134 3501 3189 mensurante

2004 3225 2129 3287 nisi
2165 3225 2315 3305 quia
2350 3232 2500 3287 sunt
2531 3226 2596 3287 in
2632 3232 2994 3287 mensurato
3029 3242 3045 3286 ι
3078 3225 3246 3286 unde
3281 3230 3503 3305 quarto

2002 3324 2228 3386 asserit
2266 3323 2701 3406 physicorum,
2736 3324 2905 3406 quod
2946 3322 3123 3405 prius
3161 3331 3350 3406 atque
3391 3340 3500 3404 po-

2003 3422 2234 3484 sterius
2277 3422 2342 3483 in
2383 3428 2670 3503 tempore
2713 3429 2863 3483 sunt
2904 3428 3163 3503 propter
3207 3420 3384 3502 prius
3428 3439 3500 3482 ac

2004 3520 2319 3601 posterius
2353 3520 2418 3580 in
2461 3528 2656 3582 motu.
2692 3519 3147 3582 Rationabilior
3175 3537 3324 3600 ergo
3360 3537 3501 3581 cen-

2004 3623 2178 3678 setur
2227 3616 2457 3698 positio
2511 3616 2622 3679 illa
2668 3617 2944 3691 Thomae,
2991 3616 3256 3691 Alberti,
3311 3616 3496 3689 Petri,

2003 3714 2280 3788 Henrici‚
2314 3716 2484 3798 quod
2523 3716 2768 3777 scilicet
2807 3715 2873 3776 in
2913 3732 3048 3779 aevo
3085 3732 3212 3777 non
3243 3716 3327 3777 sit
3363 3734 3502 3777 suc·

2005 3814 2227 3875 cessio.

2093 3912 2420 3974 Udalricus
2478 3929 2630 3974 vero
2689 3912 2752 3973 in
2811 3913 3074 3975 Summa
3136 3930 3271 3985 sua,
3334 3912 3496 3974 libro

2001 4018 2248 4091 quarto,
2281 4010 2465 4072 aliter
2494 4011 2768 4072 sensisse
2797 4008 3067 4071 videtur.
3105 4009 3298 4089 Cujus
3331 4009 3496 4090 posi-

2003 4107 2091 4169 tio
2120 4115 2430 4191 quantum
2461 4108 2538 4169 ad
2569 4108 2688 4169 hoc
2718 4108 2884 4190 quod
2913 4106 3103 4169 etiam
3131 4106 3211 4168 ab
3241 4106 3496 4169 Alberto

399 4204 550 4267 illud
585 4222 599 4266 ε
634 4224 753 4267 nec
792 4206 883 4267 sic
924 4212 1211 4286 tempore
1251 4213 1717 4267 mensurantur.
1752 4206 1893 4269 Alio
1922 4209 1971 4270 D
2002 4205 2262 4279 recedit,
2311 4204 2668 4286 improbata
2709 4211 2806 4266 est
2847 4223 3056 4285 supra.

399 4303 601 4377 modo,
635 4303 699 4365 in
740 4311 1051 4385 quantum
1086 4323 1123 4365 a
1153 4304 1579 4383 generationis
1618 4303 1891 4366 instante

398 4401 691 4463 continue
736 4402 1091 4465 secundum
1139 4402 1473 4483 periodum
1518 4402 1717 4464 currit
1761 4421 1892 4465 mo-

399 4506 495 4561 tus
542 4500 933 4562 alterationis
992 4500 1345 4562 secundum
1394 4499 1729 4582 qualitates
1779 4501 1893 4562 im-

400 4597 765 4676 primenteS,
798 4597 1034 4679 quibus
1080 4597 1147 4660 in
1188 4598 1319 4659 l'ine
1362 4599 1718 4661 necessario
1756 4617 1892 4661 cor-

400 4703 783 4776 rumpuntur
834 4712 848 4757 :
900 4696 1119 4778 sicque
1170 4704 1455 4779 tempore
1516 4697 1886 4759 metiuntur.

398 4824 474 4836 -—
511 4793 655 4855 Haec
698 4794 1027 4856 Henricus.

473 4890 589 4963 Qui
632 4890 873 4953 ibidem
914 4892 992 4953 de
1032 4892 1132 4953 his
1163 4891 1346 4973 plura
1377 4892 1740 4954 conscribit.
1776 4892 1891 4955 Ve-

402 4996 757 5050 rumtamen
800 5008 1001 5050 unum
1047 4990 1220 5051 addit
1258 4990 1427 5071 quod
1471 5008 1598 5053 non
1642 4991 1893 5053 videtur

400 5086 657 5149 veritate
706 5086 1057 5148 subnixum
1109 5103 1123 5148 z
1176 5087 1313 5150 Non
1368 5087 1574 5150 solum
1627 5089 1894 5171 (inquit)

402 5182 765 5247 substantiae
804 5184 1167 5266 spirituales
1211 5193 1401 5267 atque
1440 5187 1723 5249 coelestia
1760 5206 1893 5249 cor·

406 5299 569 5363 pora,
602 5283 713 5345 sed
753 5282 1145 5363 generabilia
1184 5301 1439 5366 quoque
1476 5291 1540 5346 et
1581 5286 1893 5367 corrupti·

2081 4303 2157 4364 Et
2187 4303 2264 4365 de
2293 4303 2412 4365 hoc
2443 4303 2534 4364 sic
2563 4302 2785 4365 scribit
2811 4302 3120 4365 Henricus
3155 4320 3168 4365 :
3202 4303 3363 4365 Huic
3394 4320 3498 4384 po-

2000 4401 2219 4463 sitioni
2267 4401 2407 4463 duae
2456 4400 2789 4483 opiniones
2837 4402 3319 4464 contrarian'tur.
3365 4402 3498 4465 Una

2000 4500 2373 4575 dicentium,
2406 4500 2576 4583 quod
2623 4520 2830 4563 aevum
2876 4498 3096 4561 deficit
3136 4500 3217 4561 ab
3260 4509 3496 4563 aeterno

2000 4606 2063 4659 et
2109 4597 2390 4660 abundat
2440 4598 2506 4660 in
2557 4598 2890 4681 temporali
2935 4615 2948 4660 :
2987 4597 3138 4679 quia
3185 4604 3494 4661 aeternum

1999 4702 2097 4757 est
2142 4714 2244 4757 res
2287 4694 2437 4769 fixa,
2471 4702 2642 4757 stans
2686 4695 3108 4775 immobiliter
3141 4695 3493 4757 secundum

2000 4793 2420 4856 substantiam
2468 4801 2531 4856 et
2574 4794 3042 4876 operationem;
3089 4802 3344 4875 tempus
3392 4812 3496 4856 ve-

2002 4910 2072 4955 ro
2127 4900 2224 4954 est
2277 4911 2375 4954 res
2431 4890 2643 4954 fluens
2699 4892 3051 4954 secundum
3108 4899 3492 4974 utrumque3

2002 5009 2210 5053 aevum
2258 4998 2470 5052 autem
2520 5008 2818 5051 mensura
2863 4996 2959 5051 est
3006 4990 3234 5063 media,
3268 5006 3496 5051 conve-

2002 5088 2186 5150 niens
2249 5106 2397 5149 cum
2458 5088 2804 5151 aeternitate
2863 5088 2928 5148 in
2986 5087 3493 5150 indivisibilitate

2002 5186 2354 5248 secundum
2396 5186 2565 5267 quod
2599 5185 2859 5267 respicit
2897 5185 3318 5248 substantiam
3349 5186 3495 5249 aevi-

2007 5285 2190 5358 terni,
2223 5291 2412 5367 atque
2451 5302 2598 5346 cum
2640 5292 2920 5367 tempore
2960 5283 3202 5345 habens
3246 5293 3495 5367 proten-

3559 4042 3602 4083 ρ.
3636 4028 3766 4072 13⁰C'

3521 4097 3565 4135 et
3586 4106 3620 4135 s.
