4334 6242
487 1840 576 1869 lllll

539 3688 649 3747 Aug.
677 3701 749 3744 op.

485 3752 562 3796 cit.
593 3765 633 3796 c.
662 3766 749 3805 vm,

485 3828 531 3860 n.
556 3818 620 3859 1³.

532 4474 710 4522 ibidem.

532 4828 693 4875 ibidem
701 4860 714 4874 .

783 456 904 520 368
1731 473 1904 520 mnan
1946 474 1990 519 11
2031 474 2514 521 saumurranuu.
2558 492 2639 503 —
2680 475 2832 520 msr.
2869 475 2956 521 vu

784 714 860 777 F.
918 716 1116 782 Quod
1168 717 1480 790 maaicae
1535 716 1740 777 artes
1792 715 2066 777 virtute
2123 716 2195 777 et
2247 716 2559 778 scientia
2616 717 2899 777 diaboli
2948 714 3198 777 valent
3244 734 3269 773 .·
3316 728 3476 788 Quae
3529 712 3767 775 virtus
3818 712 3897 773 et

915 834 1227 895 scientia
1268 832 1376 895 est
1420 836 1490 895 et
1536 834 1714 895 data
1767 848 1812 895 a
1865 834 2036 908 Dec,
2079 836 2195 896 vel
2241 838 2340 897 ad
2380 834 2793 906 fallendum
2836 835 3103 907 malos,
3146 835 3261 893 vel
3309 835 3407 894 ad
3448 834 3901 894 monendum

915 953 1029 1013 vel
1074 953 1569 1014 eoeercendum
1617 953 1861 1013 bonos.

920 1156 1218 1229 Quorum
1267 1158 1542 1221 scientia
1589 1160 1785 1238 atque
1823 1158 2066 1221 virtute
2119 1158 2319 1221 etiarn
2370 1158 2644 1239 magicae
2696 1156 2867 1219 artes
2918 1157 3335 1235 exercentur3
3382 1151 3625 1235 quibus
3667 1152 3899 1215 tamen

785 1272 920 1335 tam
959 1273 1233 1337 scientia
1269 1291 1470 1356 quam
1516 1276 1807 1356 potestas
1846 1293 1884 1338 a
1919 1275 2059 1338 Deo
2101 1275 2254 1338 data
2303 1275 2424 1353 est,
2464 1273 2569 1337 vel
2616 1272 2697 1335 ad
2738 1271 3097 1335 fallendum
3148 1271 3435 1351 fallaceS,
3475 1269 3583 1333 vel
3628 1269 3709 1331 ad
3748 1285 3898 1332 mo—

785 1388 1075 1454 nendum
1121 1391 1370 1473 fideleS,
1405 1392 1510 1455 vel
1549 1391 1629 1454 ad
1675 1392 2101 1455 exercendam
2142 1389 2679 1473 probandamque
2711 1388 3047 1470 justorum
3085 1388 3493 1470 patientiam.

921 1508 1107 1572 Unde
1143 1509 1558 1590 Augustinus
1591 1510 1656 1572 in
1692 1507 1857 1572 libro
1907 1510 2098 1573 tertio
2133 1506 2215 1571 de
2243 1508 2561 1571 Trinitate
2598 1527 2611 1569 :
2650 1506 2881 1586 Video,
2916 1506 3155 1587 inquit,
3188 1506 3467 1569 infirmae
3506 1503 3897 1585 cogitationi

742 1622 752 1632 '
786 1625 945 1706 quid
996 1624 1206 1707 possit
1257 1643 1615 1706 occurrere,
1659 1644 1774 1689 cur
1811 1627 2062 1689 scilicet
2105 1626 2235 1690 ista
2271 1624 2589 1688 miracula
2635 1624 2833 1688 etiam
2882 1623 3157 1704 magicis
3200 1621 3452 1686 artibus
3490 1622 3652 1685 fiant
3682 1641 3697 1681 ε
3730 1637 3895 1683 nam

654 1776 709 1806 ‚v
786 1743 851 1804 et
899 1741 1073 1821 magi
1124 1742 1487 1806 Pharaonis
1525 1746 1860 1825 serpentes
1898 1742 2214 1821 fecerunt,
2262 1746 2327 1805 et
2363 1742 2512 1805 alia.
2555 1741 2682 1805 Sed
2720 1724 2886 1803 illud
2924 1740 3023 1803 est
3067 1740 3355 1822 amplius
3399 1737 3891 1816 admirandum,

785 1859 1118 1939 quomodo
1161 1877 1508 1941 magorum
1547 1861 1863 1941 pot-entia,
1905 1877 2054 1941 quae
2093 1862 2427 1941 serpente-s
2466 1859 2676 1922 facere
2712 1858 2953 1939 potuit,
2995 1856 3111 1920 ubi
3148 1856 3231 1919 ad
3272 1873 3535 1919 muscas
3578 1853 3897 1918 minutis-

784 1976 1010 2057 simas,
1069 1975 1318 2038 scilicet
1375 1976 1665 2056 scinifeS,
1717 1978 1992 2041 ventum
2049 1977 2170 2057 est,
2215 1974 2485 2038 omnino
2544 1974 2781 2038 defecit
2825 1994 2839 2035 :
2892 1991 3022 2054 qua
3072 1973 3265 2037 tertia
3317 1973 3511 2053 plaga
3554 1971 3895 2052 AEgyptus

579 2114 596 2157 ι·
629 2126 753 2165 mu,
785 2091 1174 2156 caedebatur.
1218 2089 1320 2153 Ibi
1363 2093 1532 2155 certe
1575 2091 1954 2157 defecerunt
1990 2092 2189 2175 magi,
2224 2093 2515 2157 dicentes
2549 2111 2563 2152 :
2596 2091 2863 2172 Digitus
2907 2091 3032 2155 Dei
3082 2094 3182 2155 est
3216 2091 3346 2153 hic.
3382 2091 3569 2154 Unde
3605 2087 3895 2170 intelligi

783 2209 998 2289 datur,
1031 2226 1154 2272 nec
1189 2208 1372 2289 ipsos
1416 2209 1682 2289 quidem
1721 2210 2235 2290 transgressores
2273 2210 2541 2291 angelos
2578 2211 2644 2273 et
2677 2208 2886 2272 aerias
2929 2209 3308 2289 potestateS,
3337 2208 3407 2271 in
3444 2208 3650 2271 imam
3690 2208 3895 2270 istam

783 2324 1130 2405 caliginem
1178 2326 1492 2405 tanquam
1540 2325 1609 2389 in
1661 2325 1766 2388 sui
1818 2325 2074 2405 generis
2122 2342 2473 2404 carcerem,
2515 2324 2598 2387 ab
2644 2324 2825 2387 illius
2880 2322 3187 2388 sublimis
3237 2323 3524 2387 aetheriae
3580 2323 3895 2404 puritatis

780 2440 1184 2504 habitatione
1235 2441 1559 2522 detrusos,
1609 2460 1730 2524 per
1793 2460 1961 2523 quos
2015 2442 2289 2522 magicae
2346 2443 2519 2505 artes
2573 2442 2855 2522 possunt
2910 2440 3233 2533 quidquid
3286 2442 3586 2523 possunt,
3634 2440 3895 2521 aliquid

779 2558 1020 2637 valere,
1053 2557 1183 2620 nisi
1223 2557 1374 2620 data
1410 2557 1693 2638 desuper
1732 2558 2075 2639 potestate.
2109 2544 2321 2620 Datur
2363 2560 2583 2621 autem
2612 2557 2718 2620 vel
2756 2557 2839 2619 ad
2873 2556 3235 2620 fallendum
3272 2556 3558 2636 fallaces,
3599 2556 3771 2619 sicut
3816 2556 3891 2617 in

781 2673 1134 2755 AEgyptios
1173 2674 1237 2737 et
1265 2675 1334 2736 in
1365 2675 1545 2754 ipsos
1575 2674 1776 2738 etiam
1813 2690 2041 2754 magos
2070 2673 2223 2736 data
2253 2675 2375 2751 est,
2408 2675 2483 2736 ut
2520 2674 2587 2735 in
2627 2691 2855 2736 eorum
2898 2674 3254 2754 spirituum
3293 2673 3667 2753 operatione
3704 2672 3894 2735 vide-

779 2790 1008 2852 rentur
1055 2789 1422 2852 admirandi
1475 2807 1513 2853 a
1564 2789 1806 2871 quibus
1859 2788 2123 2869 fiebant,
2167 2807 2207 2851 a
2250 2790 2374 2853 Dei
2422 2789 2695 2853 veritate
2742 2788 3138 2869 damnandi3
3185 2788 3289 2852 vel
3346 2789 3427 2851 ad
3479 2788 3891 2852 monendum

779 2903 1006 2967 fideles
1043 2922 1125 2969 ne
1174 2904 1302 2967 tale
1351 2905 1601 2986 aliquid
1651 2905 1861 2969 facere
1900 2922 2018 2987 pro
2066 2922 2307 2985 magno
2355 2902 2726 2969 desiderent
2768 2902 3059 2987 (propter
3104 2904 3283 2985 quod
3328 2904 3522 2967 etiam
3571 2902 3764 2967 nobis
3812 2903 3887 2966 in

779 3021 1116 3102 Scriptura
1144 3023 1299 3085 sunt
1326 3021 1647 3104 prodita);
1678 3022 1783 3085 vel
1812 3022 1894 3084 ad
1927 3021 2373 3101 exercendam,
2396 3020 2802 3102 probandam
2838 3019 3518 3101 manifestandamque
3544 3021 3889 3101 justorum

777 3138 1185 3220 patientiam.

978 3354 1059 3419 G.
1116 3357 1313 3423 Quod
1357 3356 2042 3431 tram-aremoricus
2088 3358 2374 3432 armeus
2418 3367 2568 3417 non
2614 3354 2845 3416 servit
2892 3357 2991 3417 ad
3033 3354 3295 3417 nutum
3340 3354 3667 3417 materia

1959 3486 2224 3534 rerum
2270 3473 2699 3535 visibilium.

909 3674 1046 3740 Nec
1082 3676 1447 3757 putandum
1489 3678 1610 3756 est,
1651 3678 1799 3741 istis
1835 3677 2429 3758 transgressoribus
2466 3678 2717 3759 angelis
2754 3678 2835 3740 ad
2878 3677 3115 3740 nutum
3152 3676 3396 3739 servire
3441 3675 3609 3738 hanc
3645 3672 3885 3737 visibi-

778 3792 945 3856 lium
983 3810 1202 3855 rerum
1232 3794 1616 3875 materiam3
1657 3794 1773 3856 sed
1808 3793 1949 3857 Deo
1988 3792 2234 3874 potiuS‚
2276 3809 2314 3855 a
2352 3811 2483 3874 quo
2522 3794 2664 3858 haec
2692 3795 2982 3875 potestas
3019 3792 3596 3873 datur,.quantum
3622 3790 3887 3853 incom-

780 3908 1116 3973 mutabilis
1156 3908 1432 3991 judicat.

841 4132 926 4197 H.
970 4138 1167 4203 Quod
1209 4150 1359 4199 non
1404 4137 1576 4200 sunt
1611 4137 1993 4201 creatores
2035 4138 2246 4217 (licet
2275 4152 2417 4211 per
2452 4152 2577 4200 eos
2612 4140 2819 4215 maai
2852 4152 3093 4202 ranas
3138 4137 3210 4199 et
3246 4139 3404 4201 alia
3439 4132 3814 4213 fecerint),

2009 4258 2138 4318 sed
2182 4258 2383 4317 solus
2430 4256 2639 4319 Deus.

913 4456 1049 4521 Nec
1087 4474 1243 4523 sane
1293 4461 1615 4524 creatores
1653 4459 1752 4522 illi
1790 4458 1948 4523 mali
1991 4459 2207 4540 angeli
2258 4460 2518 4524 dicendi
2568 4461 2745 4541 sunt,
2787 4460 2943 4542 quia
2990 4476 3108 4541 per
3156 4458 3307 4522 illos
3356 4457 3533 4539 magi
3574 4473 3765 4520 ranas
3808 4457 3885 4519 et

780 4577 1114 4657 serpentes
1165 4575 1456 4640 fecerunt
1505 4597 1520 4639 τ
1567 4594 1700 4641 non
1749 4577 1925 4641 enim
1981 4576 2110 4657 ipsi
2167 4594 2277 4641 eas
2333 4579 2737 4641 creaverunt.
2780 4578 3094 4642 Omnium
3153 4576 3396 4657 quippe
3451 4592 3671 4639 rerum
3724 4592 3881 4656 quae

781 4692 1206 4773 corporaliter
1239 4693 1716 4774 visibiliterque
1765 4695 2148 4774 nascuntur,
2185 4694 2439 4757 occulta
2484 4694 2787 4775 quaedam
2840 4694 3094 4758 semina
3138 4694 3205 4756 in
3258 4694 3587 4774 corporeis
3642 4692 3881 4756 mundi

780 4809 982 4890 hujus
1033 4810 1374 4873 elementis
1429 4810 1655 4891 latent,
1707 4829 1854 4892 quae
1910 4811 2092 4874 Deus
2149 4812 2553 4893 originaliter
2603 4813 2699 4876 eis
2748 4812 3008 4875 indidit.
3062 4812 3209 4892 Ipse
3259 4828 3411 4893 ergo
3470 4815 3721 4875 creator
3774 4812 3879 4873 est

781 4927 1081 4991 omnium
1117 4945 1362 5008 rerum,
1395 4929 1510 5009 qui
1553 4930 1804 4992 creator
1832 4931 1931 4992 est
1969 4928 2406 4992 invisibilium
2452 4930 2785 4993 seminum
2826 4950 2839 4991 :
2884 4928 3040 5010 quia
3078 4946 3511 5009 quaecumque
3548 4930 3879 4993 nascendo

779 5043 862 5107 ad
919 5045 1145 5109 oculos
1199 5046 1460 5109 nostros
1508 5047 1770 5126 exeunt,
1819 5064 1901 5109 ex
1949 5047 2225 5120 occultis
2283 5046 2649 5111 seminibus
2698 5045 3028 5127 accipiunt
3071 5045 3528 5127 progrediendi
3582 5046 3691 5109 hic
3742 5047 3883 5127 pri-

777 5163 1056 5244 mordia,
1107 5166 1174 5228 et
1223 5164 1623 5228 incrementa
1678 5163 1914 5228 debitae
1971 5162 2447 5245 magnitudinis
2496 5162 3081 5243 distinctionesque
3129 5160 3487 5225 formarum
3544 5162 3628 5227 ab
3678 5162 3883 5244 origi-

777 5282 1040 5347 nalibus
1087 5280 1190 5365 (ut
1234 5281 1328 5345 ita
1372 5278 1614 5364 dicam)
1659 5280 1905 5363 regulis
1950 5281 2245 5343 sumunt.
