4334 6242
1296 511 1381 558 AN
1423 510 1621 558 omns
1662 511 1888 558 ANGELI
1927 509 2063 558 SINT
2104 510 2371 559 mosot-:M
2413 511 2642 560 SPE-:clm

3399 495 3520 560 225

398 697 565 742 eum
607 659 1017 744 distinctione
1061 681 1394 745 numerali.
1429 682 1617 744 Porro
1660 682 1909 764 quiddi-
1938 681 1989 744 A
2022 681 2471 764 multiplicatio
2527 682 2817 745 essentiae
2875 681 3312 763 intelligentiae
3370 681 3510 746 fieri

396 785 603 840 tatem
662 781 1263 844 communicabilem
1320 799 1483 855 esse,
1535 779 1840 862 probatur
1890 797 1905 842 τ

392 877 562 958 quia
589 877 709 941 hoc
740 879 863 941 sibi
898 897 1023 942 non
1053 887 1363 962 repugnat
1391 899 1469 942 ex
1501 879 1905 962 perfectione,

394 994 610 1057 quum
660 979 997 1040 conveniat
1044 979 1277 1042 divinae
1325 978 1647 1058 essentiae3
1700 995 1906 1059 neque

396 1092 485 1136 ex
536 1075 1043 1156 imperfectione,
1097 1097 1297 1159 quum
1356 1077 1692 1141 conveniat
1748 1075 1905 1138 infe-

398 1174 649 1236 riorum
681 1183 941 1239 naturae.
976 1175 1555 1258 Iterum‚quaelibet
1585 1175 1907 1258 quidditas

400 1279 615 1354 potest
646 1273 915 1355 intelligi
946 1275 1067 1337 sub
1099 1275 1339 1337 ratione
1377 1275 1777 1348 universaliS,
1810 1293 1905 1336 er-

398 1388 487 1450 go
516 1378 580 1433 et
610 1372 729 1434 sub
761 1375 1005 1436 ratione
1036 1373 1611 1438 communicabilis
1649 1410 1729 1420 —
1754 1375 1909 1436 Rur-

402 1487 579 1544 sum,
618 1470 784 1532 Deus
834 1479 1041 1553 potest
1085 1491 1559 1554 quemcumque
1608 1472 1906 1553 angelum

404 1566 474 1628 in
506 1567 784 1632 nihilum
817 1570 1124 1651 redigere,
1147 1572 1694 1634 conservationem
1727 1588 1905 1632 suam

400 1664 831 1729 abstrahendo
861 1668 1093 1742 eidem,
1126 1678 1189 1732 et
1218 1670 1416 1733 alium
1446 1670 1737 1752 ejusdem
1770 1689 1908 1751 spe·

400 1765 528 1826 cici
586 1767 957 1848 producere,
1011 1767 1231 1850 sicque
1283 1769 1573 1831 ordinem
1622 1769 1906 1831 universi

2018 781 2251 855 valent,
2277 781 2576 842 videlicet
2604 799 2718 862 per
2746 799 2884 843 esse
2913 781 3179 843 actualis
3209 780 3514 843 exsisten-

2018 881 2141 954 tiae,
2165 879 2332 941 sicut
2361 879 2719 962 expositum
2751 888 2848 942 est
2879 880 2944 940 in
2980 878 3112 942 'fine
3142 879 3510 961 quaestionis
3540 900 3700 954 pam
3713 906 3802 948 ete.

2017 977 2398 1060 praehabitae.
2443 981 2577 1042 Imo
2620 996 2699 1040 ex
2742 977 2851 1041 illa
2891 978 3192 1060 opinione
3232 977 3512 1042 Philoso-

2017 1076 2127 1158 phi
2169 1077 2685 1140 inconvenientia
2714 1078 2838 1139 duo
2870 1095 3098 1158 magna
3132 1085 3505 1160 sequuntur.

2014 1175 2320 1250 Primum,
2371 1176 2539 1258 quod
2597 1176 2841 1259 aliquid
2890 1183 3057 1238 esset
3105 1177 3172 1239 in
3231 1177 3513 1258 potentia

2016 1282 2320 1338 creaturae
2349 1283 2412 1337 et
2443 1275 2509 1338 in
2540 1273 2956 1338 fundamento
2996 1283 3257 1348 naturae,
3293 1281 3511 1357 utpote

2016 1373 2406 1455 possibilitas
2451 1373 3002 1456 multiplicationis
3046 1379 3284 1436 naturae
3322 1382 3512 1455 atque

2018 1472 2398 1554 pluralitatis
2437 1472 2577 1554 ejus
2618 1473 2684 1534 in
2725 1472 3093 1546 individuiS‚
3127 1491 3269 1555 quae
3299 1479 3511 1534 tamen

2017 1589 2344 1652 nunquam
2396 1591 2510 1652 per
2558 1572 3008 1654 quodcumque
3056 1590 3246 1653 agens
3299 1577 3513 1652 posset

2014 1669 2090 1730 ad
2130 1667 2438 1731 effectum
2482 1670 2764 1750 perduci.
2801 1670 3030 1751 Sicque
3071 1669 3306 1732 frustra
3347 1676 3511 1731 esset

2016 1766 2260 1849 aliquid
2291 1767 2358 1829 in
2389 1775 2613 1829 natura
2645 1785 2660 1828 :
2694 1768 2865 1850 quod
2902 1786 3021 1831 nec
3052 1767 3190 1850 ipse
3221 1767 3512 1830 concedit

401 1881 783 1946 recuperare
815 1885 831 1929 :
866 1873 929 1928 et
968 1866 1133 1928 sicut
1173 1875 1379 1948 potest
1417 1868 1575 1930 duos
1614 1868 1905 1948 ejusdem
1941 1866 1989 1929 B
2016 1865 2456 1947 Philosophus.
2502 1865 2863 1928 Secundum
2903 1873 3020 1942 est,
3063 1867 3233 1948 quod
3269 1866 3512 1948 aliquid

396 1963 641 2045 speciei
680 1965 1031 2048 producere
1062 1967 1442 2040 successive,
1479 1968 1565 2029 ita
1595 1975 1656 2029 et
1687 1967 1901 2040 simul,

396 2080 605 2142 quum
654 2081 780 2126 non
840 2065 925 2126 sit
973 2063 1582 2147 incompossibilitas
1631 2066 1712 2127 ad
1760 2065 1900 2128 hoc.

394 2193 481 2204 —-
513 2161 829 2243 Amplius,
862 2163 987 2225 nisi
1034 2164 1101 2226 in
1143 2163 1385 2245 angelis
1433 2172 1645 2226 essent
1689 2164 1904 2246 plures

398 2275 691 2340 personae
723 2261 789 2321 in
830 2279 957 2323 una
994 2262 1229 2344 specie,
1265 2263 1481 2325 multae
1521 2262 1767 2344 species
1811 2263 1905 2324 in-

398 2356 785 2421 tellectualis
826 2366 1069 2422 naturai
1113 2369 1325 2422 essent
1360 2366 1503 2424 totae
1542 2362 1852 2424 damnatoe
1886 2379 1901 2424 ε

402 2455 579 2536 quod
622 2455 806 2519 multi
848 2455 1086 2519 habent
1129 2475 1244 2539 pro
1287 2458 1778 2521 inconvenienti.

487 2553 644 2617 Dico
680 2572 851 2635 ergo,
884 2556 1055 2637 quod
1094 2555 1301 2618 omnis
1341 2565 1566 2620 natura
1598 2576 1739 2639 quae
1778 2577 1905 2622 non

400 2657 505 2714 est
533 2659 711 2716 actus
743 2673 965 2735 purus,
988 2661 1197 2736 potest
1225 2655 1579 2718 secundum
1612 2656 1786 2719 illam
1818 2675 1909 2719 re-

400 2749 689 2814 alitatem
726 2752 1080 2814 secundum
1119 2771 1313 2835 quam
1352 2760 1449 2815 est
1487 2762 1732 2830 natura,
1766 2774 1905 2818 esse

398 2848 771 2930 potentialis
813 2849 891 2911 ad
932 2850 1283 2934 realitatem
1324 2871 1449 2933 qua
1490 2860 1587 2914 est
1626 2852 1757 2916 haec
1796 2873 1904 2916 na-

400 2953 563 3008 tura.
600 2947 937 3029 Quumque
970 2949 1297 3030 objicitur,
1332 2950 1501 3032 quod
1542 2950 1906 3013 differentia

2014 1971 2182 2026 esset
2227 1965 2291 2026 in
2339 1964 2623 2046 potentia
2666 1973 2990 2040 creaturae,
3023 1966 3192 2047 quod
3237 1983 3353 2026 nec
3400 1983 3514 2046 per

2014 2063 2340 2125 infinitam
2398 2063 2510 2124 Dei
2557 2063 2860 2126 virtutem
2922 2071 3134 2146 posset
3182 2063 3248 2124 in
3298 2070 3511 2125 actum

2014 2163 2233 2225 reduci
2267 2181 2281 2225 ε
2315 2169 2378 2224 et
2419 2162 2505 2224 ita
2548 2181 2676 2225 non
2715 2171 2882 2226 esset
2920 2164 3085 2224 Deus
3123 2181 3273 2225 vere
3312 2161 3512 2224 omni·

2014 2269 2261 2342 potem,
2297 2261 2447 2342 quia
2486 2279 2612 2323 non
2652 2268 2864 2342 posset
2893 2277 3082 2322 omne
3123 2260 3186 2322 id
3223 2261 3391 2342 quod
3435 2277 3512 2321 ex

2015 2366 2194 2440 parte
2232 2358 2323 2420 rei
2363 2366 2460 2420 est
2498 2358 2802 2440 possibile
2841 2357 3005 2421 fieri.
3040 2394 3122 2404 ——
3149 2357 3308 2420 Hinc
3347 2357 3514 2419 inter

2014 2474 2311 2519 erroneos
2355 2456 2655 2519 articulos
2694 2475 2902 2540 nuper
2939 2455 3018 2518 ab
3057 2456 3358 2538 episcopo
3404 2456 3512 2517 Pa-

2014 2554 2292 2628 risiensi‚
2345 2555 2591 2618 scilicet
2649 2555 2908 2617 domino
2967 2554 3286 2636 Stephano
3331 2553 3512 2635 (quia

2014 2651 2139 2714 fuit
2182 2653 2400 2716 doctor
2442 2653 2823 2734 theologiae),
2866 2652 3216 2726 damnatos,
3257 2658 3354 2713 est
3402 2649 3511 2713 illa

2014 2750 2264 2833 positio.
2299 2751 2472 2814 Unus
2513 2770 2789 2834 namque
2829 2751 3083 2813 illorum
3124 2750 3247 2812 fuit
3283 2750 3515 2813 articu-

2014 2850 2222 2912 lorum
2248 2867 2262 2912 :
2290 2851 2466 2924 Quod
2496 2852 2662 2912 Deus
2693 2867 2820 2914 non
2851 2849 3052 2932 possit
3084 2849 3512 2931 multiplicare

2014 2948 2344 3011 individua
2401 2949 2522 3011 sub
2581 2949 2794 3032 specie
2844 2968 2970 3012 una
3025 2947 3163 3009 sine
3222 2948 3507 3022 materia,

400 3043 692 3107 formalis
742 3053 839 3108 est
885 3046 1250 3110 differentia
1304 3048 1644 3130 specifica3
1695 3050 1905 3112 dicen·
1940 3053 2190 3118 Cerror
2235 3055 2372 3120 est„
2402 3047 2581 3109 Alius
2634 3047 2757 3109 fuit
2808 3064 2823 3109 τ
2877 3046 3052 3120 Quod
3113 3045 3333 3108 formae
3382 3064 3510 3110 non

400 3141 580 3218 dum,
613 3144 785 3226 quod
826 3143 1189 3208 differentia
1232 3146 1520 3209 formalis
1562 3147 1905 3229 dupliciter

400 3241 661 3318 dicitur,
713 3242 981 3318 scilicet,
1033 3242 1400 3306 differentia
1449 3245 1515 3306 in
1564 3244 1789 3320 forma,
1842 3254 1905 3308 et

401 3338 773 3402 differentia
809 3339 1181 3416 formarum,
1216 3343 1509 3423 quamvis
1548 3361 1675 3406 non
1716 3345 1798 3406 sit
1838 3344 1903 3407 in

402 3437 613 3500 forma
662 3446 729 3500 ut
780 3439 847 3501 in
896 3439 1139 3503 ratione
1188 3441 1640 3523 distinguendi.
1693 3443 1903 3505 Primo

407 3537 599 3600 modo
660 3543 867 3619 potest
927 3545 1329 3620 assumptum
1394 3538 1553 3602 illud
1614 3541 1897 3603 concedi.

403 3633 683 3706 Quilibet
722 3641 937 3698 autem
980 3635 1263 3717 angelus,
1300 3637 1593 3719 quamvis
1634 3639 1719 3700 sit
1755 3639 1905 3701 sim-

403 3731 549 3812 plex
608 3749 683 3794 ac
730 3731 935 3795 forma
992 3733 1453 3810 immaterialiS,
1507 3752 1633 3799 non
1688 3745 1899 3800 tamen

400 3831 775 3912 superaddit
823 3831 1090 3895 cuilibet
1135 3834 1318 3896 alteri
1364 3835 1589 3916 angelo
1634 3837 1901 3917 gradum

399 3928 763 3991 essentialis
810 3929 1221 4012 perfectionis
1266 3949 1280 3994 z
1323 3931 1467 3995 ideo
1509 3951 1637 3996 non
1684 3934 1904 3997 distin—

400 4027 622 4107 guitur
666 4026 747 4089 ab
804 4029 929 4090 alio
984 4046 1392 4113 quocumque
1450 4031 1770 4113 specifice.
1826 4069 1902 4080 —-

402 4125 547 4188 Haec
592 4125 836 4189 Scotus.
872 4127 987 4201 Qui
1034 4128 1217 4210 plura
1264 4148 1457 4212 super
1504 4131 1605 4192 his
1654 4132 1898 4209 scribit,

2014 3145 2334 3226 recipiunt
2390 3145 2769 3209 divisionem
2821 3145 2914 3227 (id
2972 3153 3068 3207 est
3127 3145 3510 3227 multiplica-

2012 3244 2282 3324 tionem)
2328 3244 2453 3306 nisi
2503 3245 2855 3306 secundum
2905 3243 3256 3319 materiam,
3307 3261 3504 3319 error,

2013 3342 2137 3403 nisi
2178 3342 2569 3423 intelligatur
2597 3343 2674 3405 de
2710 3342 2930 3405 formis
2969 3361 3048 3404 ex
3088 3343 3368 3406 materiae
3401 3359 3508 3424 po·

2011 3441 2388 3503 tentialitate
2426 3441 2690 3504 eductis.
2726 3442 2973 3504 Tertius
3011 3442 3134 3504 fuit
3168 3459 3182 3504 :
3222 3441 3379 3516 Quia
3417 3442 3510 3504 in-

2011 3539 2378 3620 telligentiae
2439 3556 2566 3601 non
2629 3539 2865 3604 habent
2925 3541 3276 3614 materiam,
3340 3542 3506 3602 Deus
3563 3583 3566 3586 -
3622 3548 3626 3552 ’

2013 3655 2140 3700 11011
2180 3646 2392 3720 posset
2421 3637 2628 3699 facere
2661 3638 2875 3719 plures
2916 3638 3151 3720 speciei
3191 3638 3504 3719 ejusdem,

2012 3754 2205 3799 error.
2241 3737 2400 3799 Hinc
2431 3736 2642 3799 Sancti
2681 3737 2880 3798 nostri
2913 3744 3222 3799 testantur
3254 3738 3319 3799 in
3356 3756 3508 3820 qua-

2013 3833 2169 3896 libet
2199 3835 2411 3917 specie
2441 3834 2647 3916 angeli
2678 3834 2956 3916 plurima
2985 3833 3316 3898 individua
3344 3854 3502 3899 esse.

2012 3933 2188 3996 Unde
2219 3941 2282 3997 et
2310 3934 2734 3996 Damascenus
2760 3950 2774 3995 ε
2801 3933 3073 4010 Creator,
3097 3933 3326 4016 inquit,
3352 3935 3509 3997 mul·

2012 4031 2352 4094 titudinem
2384 4032 2742 4113 specierum
2775 4032 3068 4094 instituit.
3103 4033 3505 4115 Hypostasim

2010 4147 2163 4192 vero
2225 4130 2574 4193 secundum
2641 4148 3159 4213 unamquamque
3223 4130 3504 4211 speciem

403 4243 547 4304 quae
604 4225 757 4287 satis
816 4225 1167 4306 praehabita
1228 4235 1394 4289 sunt.
1460 4228 1537 4290 Et
1594 4228 1732 4311 ipse
1790 4250 1904 4312 per
1932 4235 1983 4296 D
2012 4227 2342 4290 constituit
2403 4226 2831 4303 differentem,
2894 4228 2993 4290 vel
3063 4228 3502 4311 hypostasium

406 4321 669 4384 modum
708 4322 905 4384 alium
945 4323 1145 4386 salvat
1183 4324 1610 4406 pluralitatem
1652 4329 1903 4409 angelo·

404 4438 550 4482 rum
598 4420 721 4482 sub
763 4441 890 4483 una
932 4423 1168 4504 specie,
1201 4442 1390 4504 quam
1437 4425 1790 4489 DuranduS.

482 4517 795 4581 Henricus
824 4537 975 4583 vero
1002 4521 1211 4582 adhuc
1242 4522 1443 4585 salvat
1470 4524 1591 4587 hoc
1619 4525 1744 4588 alio
1778 4544 1903 4589 mo·

401 4615 501 4678 do.
518 4617 739 4698 ltaque
768 4617 1144 4690 Quodlibeto
1174 4623 1712 4697 secundo‚octava
1739 4644 1903 4707 quae·

400 4714 619 4788 stione,
635 4713 935 4778 disseruit
966 4718 1134 4798 quod
1164 4718 1435 4782 essentia
1466 4720 1900 4802 intelligentiae

398 4812 477 4874 de
526 4831 595 4876 se
644 4814 1203 4878 communicabilis
1264 4817 1900 4903 multiplicabilisque

398 4911 722 4974 consistat.
766 4911 843 4974 Et
885 4913 1179 4994 quamvis
1222 4917 1574 4978 secundum
1620 4925 1897 4981 mentem

397 5007 787 5092 Philosophi,
841 5010 905 5073 id
958 5011 1102 5074 fieri
1162 5013 1543 5096 nequiverit,
1596 5017 1899 5098 quoniam

398 5107 735 5170 materiam
781 5115 846 5171 et
887 5111 1309 5191 quantitatem
1360 5130 1487 5175 non
1536 5113 1747 5190 habet,
1791 5115 1901 5178 illa

402 5211 613 5268 tamen
658 5206 893 5288 positio
930 5227 1045 5271 sua
1082 5211 1527 5274 necessitatem
1572 5230 1700 5275 non
1742 5214 1901 5277 obti-

400 5309 511 5368 net
552 5323 568 5368 :
610 5305 917 5386 quoniam
960 5307 1087 5370 alio
1137 5309 1325 5372 modo
1373 5309 1791 5376 individuatio
1836 5321 1901 5376 et

651 5435 718 5488 Τ.
754 5436 836 5490 21.

2012 4325 2484 4406 differentiam3
2527 4334 2591 4388 et
2633 4326 3100 4408 copulationem
3145 4326 3299 4389 fecit
3340 4326 3509 4391 inter

2014 4424 2123 4486 has
2162 4425 2516 4488 naturalem
2552 4443 2566 4488 ε
2599 4442 2821 4487 omnes
2860 4424 3100 4507 quippe
3134 4424 3254 4487 sub
3284 4427 3506 4490 eadem

2012 4523 2225 4604 specie
2282 4523 2652 4606 hypostases
2713 4523 2954 4586 ratione
3013 4531 3253 4587 naturae
3311 4525 3504 4589 unitae

2012 4625 2194 4701 sunt3
2226 4620 2657 4684 differentiam
2691 4628 2903 4684 autem
2937 4621 3375 4705 hypostasium
3405 4621 3508 4684 ha·

2010 4719 2184 4795 bent,
2228 4720 2530 4803 quoniam
2577 4718 3102 4782 characteristicis
3153 4720 3504 4803 proprieta-

2009 4817 2181 4880 tibus
2239 4817 2319 4880 ab
2379 4817 2652 4879 invicem
2715 4816 3180 4879 discernuntur.
3242 4819 3504 4900 Propter

2008 4917 2127 4979 hoc
2177 4924 2390 4979 autem
2438 4915 2791 4978 secundum
2838 4934 3362 5000 unumquemque
3403 4933 3502 4979 or-

2007 5016 2225 5078 dinem
2280 5013 2711 5095 angelicarum
2762 5013 3072 5077 virtutum
3130 5015 3500 5078 differentes

2008 5115 2377 5197 hypostases
2416 5112 2699 5175 condidit
2733 5131 2860 5175 non
2901 5113 3129 5188 solum,
3164 5114 3274 5176 sed
3312 5120 3375 5176 et
3405 5130 3501 5175 se-

2008 5213 2290 5275 cundum
2322 5229 2838 5293 unamquamque
2869 5211 3500 5293 speciem,quatenus

2012 5310 2557 5375 communicantes
2589 5316 2878 5372 naturam
2905 5308 3000 5393 (id
3033 5316 3148 5383 est,
3179 5309 3244 5370 in
3276 5316 3502 5372 natura

3187 5442 3249 5496 15
