4334 6242
930 525 1010 572 nn
1051 525 1327 572 nanuum
1369 525 1812 586 msrmmouu,
1851 526 2311 576 arratum-romi
2351 530 2427 576 nr
2467 527 2880 576 morumne
3342 506 3458 574 491

355 710 474 755 non
536 693 1006 776 relinquentem
1055 696 1138 759 ob
1187 697 1284 758 sui
1347 695 1851 760 imbecillitatem
1885 697 1936 760 A
1965 699 2195 761 tinenS.
2231 700 2406 774 Quod
2447 701 2763 774 nuntiare,
2797 717 3139 782 procurare
3168 706 3231 760 et
3262 705 3467 760 custo-

355 799 597 855 motum
639 793 922 875 aliquem
968 794 1364 857 deiformem.
1407 795 1541 868 Quo
1585 803 1851 870 constat,
1962 797 2122 870 dire,
2184 798 2262 859 ad
2320 799 2593 878 Angelos
2650 798 2947 881 pertinet,
3002 797 3114 880 qui
3173 795 3466 858 custodes

354 890 520 972 quod
582 891 972 973 principium
1034 893 1413 956 universalis
1469 894 1854 976 operationis
1965 903 2116 958 sunt
2157 895 2493 959 hominum
2538 897 2958 978 singulorum.

353 989 430 1050 ad
474 989 648 1051 hunc
687 990 976 1053 ordinem
1023 991 1318 1073 pertinet.
1364 993 1538 1055 Unde
1578 993 1852 1068 videtur,
2047 994 2384 1075 Gregorius
2427 1004 2639 1057 autem
2669 996 2769 1075 (ut
2808 995 3040 1077 patuit)
3068 993 3466 1074 principatus
3514 1018 3556 1060 r·
3580 1002 3717 1048 4880-

355 1089 522 1169 quod
560 1089 641 1150 ad
680 1089 971 1152 ordinem
1013 1090 1207 1152 istum
1249 1090 1608 1172 pertineant
1647 1100 1854 1154 motus

355 1188 712 1251 coelestium
761 1206 1124 1270 corporum,
1159 1208 1235 1252 ex
1277 1189 1514 1271 quibus
1552 1197 1854 1272 tanquam

353 1285 433 1347 ab
475 1285 949 1348 universalibus
989 1288 1196 1349 causis
1239 1295 1597 1369 sequuntur
1638 1288 1704 1350 in
1749 1307 1856 1350 na-

311 1391 495 1450 .tura
543 1384 959 1466 particulares
1008 1384 1280 1447 effectus
1327 1405 1340 1448 :
1385 1385 1527 1449 ideo
1577 1386 1856 1448 Virtutes

355 1482 665 1544 coelorum
709 1489 1018 1545 vocantur
1058 1484 1229 1565 apud
1271 1483 1526 1546 Lucam.
1561 1484 1655 1547 Ad
1698 1503 1854 1566 quas

353 1581 544 1644 etiam
587 1580 866 1662 pertinet
897 1579 1104 1643 lacere
1135 1600 1207 1644 ea
1238 1601 1380 1663 quae
1412 1591 1639 1664 praeter
1679 1589 1856 1644 natu-

355 1699 439 1742 rae
467 1679 759 1742 ordinem
801 1679 988 1741 fiunt.
1022 1679 1252 1754 Tertio,
1287 1681 1664 1742 universalis
1702 1680 1856 1742 ordo

354 1777 419 1838 in
465 1776 808 1840 effectibus
853 1778 984 1859 jam
1032 1779 1437 1853 constitutuS,
1480 1779 1854 1842 inconfusus

354 1876 733 1951 custoditur,
764 1877 918 1938 dum
959 1895 1033 1939 ea
1072 1897 1214 1959 quae
1253 1897 1401 1939 eum
1443 1886 1701 1960 possent
1741 1879 1856 1940 im·
1889 1883 1936 1944 Β
1966 1879 2070 1940 vit.
2083 1878 2176 1940 Ad
2204 1879 2509 1960 Ephesios
2540 1898 2691 1942 vero
2721 1880 3018 1942 disseruit
3039 1898 3052 1940 :
3071 1879 3468 1942 constituens
3496 1891 3710 1998 2ossssi⁸⁶⁸'
3732 1905 3763 1944 ι,

356 1974 598 2055 pedire,
639 1983 939 2055 arcentur
981 1993 995 2038 :
1038 1976 1210 2058 quod
1253 1976 1330 2038 ad
1373 1977 1661 2039 ordinem
1715 1996 1856 2058 per-

355 2073 516 2134 tinet
545 2073 950 2135 Potestatum.
976 2074 1152 2136 Unde
1180 2073 1520 2156 Dionysius
1551 2075 1706 2137 dicit
1736 2075 1854 2137 ibi-

355 2171 526 2244 dem,
587 2172 756 2252 quod
817 2189 1050 2234 nomen
1108 2171 1492 2234 Potestatum
1556 2173 1857 2255 importat

354 2268 520 2330 bene
554 2276 840 2331 ornatam
873 2277 935 2331 et
967 2269 1368 2334 inconfusam
1410 2272 1580 2334 circa
1608 2271 1857 2333 divinas

355 2367 794 2448 susceptiones
835 2368 1320 2432 ordinationem.

438 2465 627 2527 Porro
689 2464 898 2528 infimi
961 2467 1126 2529 inter
1186 2468 1648 2532 intellectuales
1705 2467 1857 2530 sub-

355 2562 622 2625 stantias
669 2572 819 2626 sunt
868 2564 979 2646 qui
1026 2566 1316 2628 ordinem
1369 2566 1601 2628 divinae
1649 2564 1856 2647 provi-

355 2663 590 2725 dentiae
632 2663 699 2724 in
744 2664 1236 2745 particularibus
1278 2665 1488 2727 causis
1538 2665 1857 2745 cognosci-

355 2759 556 2822 bilem
588 2761 897 2823 divinitus
927 2762 1271 2844 accipiunt.
1290 2764 1366 2825 Et
1396 2763 1459 2825 hi
1494 2763 1858 2825 immediate

357 2858 552 2921 rebus
609 2866 1070 2941 praeponuntur
1123 2861 1418 2923 humanis
1473 2879 1488 2924 :
1541 2880 1656 2942 per
1700 2880 1858 2942 quas

358 2957 809 3039 intelliguntur
854 2975 1076 3020 omnes
1128 2958 1460 3021 inferiores
1510 2966 1750 3022 naturae
1797 2967 1860 3020 et

1967 1092 2033 1154 in
2075 1094 2286 1155 media
2324 1094 2542 1156 statuit
2579 1093 2957 1166 hierarchia,
2990 1101 3053 1154 et
3080 1091 3359 1154 Virtutes
3399 1091 3465 1152 in

1967 1191 2197 1254 infima
2230 1210 2243 1254 :
2276 1202 2341 1255 et
2380 1201 2508 1255 tam
2550 1213 2665 1256 sua
2705 1212 2894 1275 quam
2934 1193 2999 1254 B.
3037 1191 3321 1274 Dionysii
3361 1207 3468 1272 po-

1967 1291 2114 1353 sitio
2159 1309 2239 1352 ex
2288 1291 2501 1354 verbis
2548 1292 2833 1374 Apostoli
2892 1290 3081 1352 habet
3130 1289 3467 1352 auctorita-

1967 1397 2116 1450 tem.
2169 1389 2327 1451 Nam
2376 1389 2453 1450 ad
2503 1389 2905 1452 Colossenses
2937 1388 3167 1470 ,primo
3218 1387 3467 1450 locutus

1967 1494 2062 1548 est
2095 1504 2109 1548 :
2146 1485 2292 1548 Sive
2331 1486 2587 1561 Throni,
2622 1487 2757 1548 sive
2801 1485 3297 1559 Domina·tioneS‚
3332 1485 3466 1546 sive

1967 1581 2385 1665 PrincipatuS,
2420 1585 2553 1646 sive
2593 1585 2955 1647 PotestateS.
2990 1583 3107 1646 Ubi
3152 1582 3469 1663 Principa-

1967 1688 2070 1743 tus
2112 1682 2280 1744 inter
2321 1682 2799 1745 Dominationes
2840 1691 2902 1744 et
2940 1683 3281 1744 Potestates
3324 1698 3470 1742 con-

1967 1780 2175 1842 stituit
2208 1798 2221 1841 :
2255 1799 2446 1862 quem
2479 1781 2771 1843 ordinem
2802 1780 3139 1862 Gregorius
3173 1778 3467 1843 observa-

1966 1976 2151 2038 illum
2180 1977 2505 2057 (videlicet
2551 1978 2717 2040 Deus
2756 1978 2937 2040 Pater
2981 1976 3335 2054 Christum)
3364 1995 3467 2038 su-

1966 2094 2081 2156 per
2110 2093 2367 2138 omnem
2399 2075 2853 2157 principatum,
2887 2083 2951 2136 et
2980 2077 3381 2148 Potestatem,
3405 2081 3471 2136 et

1965 2172 2301 2246 Virtutem,
2334 2181 2397 2234 et
2427 2172 2959 2235 Dominationem.
2994 2173 3063 2234 In
3104 2190 3232 2254 quo
3271 2178 3465 2254 patet,

1967 2270 2137 2352 quod
2187 2270 2608 2344 ascendendo,
2657 2289 2850 2352 supra
2905 2269 3305 2351 Principatus
3362 2269 3471 2331 Po-

1971 2376 2224 2432 testates
2264 2369 2499 2451 posuit,
2532 2377 2595 2432 et
2635 2388 2828 2450 supra
2864 2369 3001 2440 haS‚
3034 2369 3336 2442 VirtuteS,
3369 2387 3471 2430 su-

1969 2486 2084 2549 pra
2124 2486 2283 2549 quas
2333 2467 2808 2530 Dominationes
2858 2467 3193 2529 collocavit
3227 2485 3241 2529 :
3276 2485 3469 2548 quem

1967 2565 2257 2628 ordinem
2292 2565 2630 2647 Dionysius
2661 2565 3293 2628 observavit.—Haec
3321 2565 3472 2627 Tho-

1973 2682 2105 2725 mas
2150 2663 2218 2725 in
2260 2663 2523 2726 Summa
2564 2663 2979 2745 praeallegata.

2051 2762 2401 2826 Concordat
2430 2763 2671 2836 PetruS,
2690 2763 2815 2824 nisi
2846 2762 3015 2844 quod
3044 2761 3226 2842 juxta
3253 2760 3475 2823 distin-

1971 2860 2246 2923 ctionem
2291 2879 2369 2922 ex
2398 2861 2839 2924 Bonaventura
2879 2860 3227 2934 inductam,
3261 2859 3471 2922 ordini

1970 2959 2449 3040 Principatuum
2507 2958 2796 3020 attribuit
2846 2975 3115 3040 praeesse
3170 2957 3474 3039 principi-

357 3074 568 3118 causae
615 3055 1030 3137 particulares
1077 3074 1220 3137 quae
1267 3057 1344 3118 ad
1394 3057 1721 3118 hominem
1763 3074 1862 3119 or·
1897 3057 1942 3121 G
1972 3056 2129 3134 bus3
2190 3057 2601 3137 Archangelis
2661 3073 2831 3132 vero,
2882 3054 3092 3137 regnis
3152 3073 3266 3117 seu
3322 3074 3472 3136 gen-

357 3153 682 3215 dinantur.
730 3189 813 3198 -—
860 3153 936 3214 Et
993 3153 1158 3216 inter
1213 3154 1328 3215 hos
1386 3153 1649 3234 spiritus
1706 3154 1861 3216 ordo

357 3258 476 3313 est.
528 3250 772 3332 Nempe
823 3251 888 3312 in
937 3251 1127 3313 rebus
1178 3251 1476 3313 humanis
1523 3259 1619 3313 est
1667 3253 1862 3334 quod-

357 3349 507 3410 dam
557 3348 798 3411 bonum
848 3367 1210 3422 commune,
1257 3349 1426 3430 quod
1474 3357 1571 3412 est
1617 3349 1859 3412 bonum

358 3445 640 3507 civitatis
678 3453 788 3507 aut
815 3447 1024 3526 gentis
1059 3464 1072 3508 τ
1106 3448 1276 3528 quod
1307 3447 1558 3509 videtur
1586 3448 1666 3509 ad
1695 3444 1866 3510 Prin-

358 3545 690 3626 cipatuum
754 3544 1044 3607 ordinem
1107 3545 1446 3627 pertinere.
1509 3547 1683 3620 Quod
1747 3565 1860 3609 no-

316 3692 326 3704 .
359 3661 533 3716 men,
571 3649 640 3703 ut
669 3643 728 3705 S.
753 3641 1093 3726 Dionysius
1124 3644 1328 3718 docet,
1352 3644 1640 3725 designat
1670 3646 1864 3725 quod-

271 3737 312 3765 ¹·
356 3741 506 3802 dam
536 3741 897 3803 dominium
931 3760 1080 3804 cum
1110 3742 1332 3804 ordine
1371 3760 1568 3804 sacro.
1603 3743 1864 3824 Propter

247 3887 257 3904 .
317 3840 531 3921 ,quod
593 3839 658 3901 in
708 3839 966 3901 Daniele
1015 3839 1093 3900 fit
1143 3839 1384 3903 mentio
1432 3841 1508 3902 de
1557 3840 1860 3902 Michaele

356 3938 652 4020 Principe
697 3939 1081 4012 sudeam-um,
1133 3938 1210 4000 de
1258 3939 1550 4021 Principe
1608 3957 1862 4020 quoque

355 4037 690 4098 Persarum
731 4044 922 4118 atque
962 4036 1343 4100 Graecorum.
1380 4037 1611 4118 Sicque
1651 4037 1860 4119 dispo-

357 4135 507 4196 sitio
565 4152 905 4214 regnorum
965 4142 1028 4198 et
1077 4135 1347 4198 mutatio
1406 4136 1860 4198 dominationis

1971 3154 2162 3216 tibus.

2052 3253 2402 3315 Richardus
2450 3260 2662 3315 autem
2709 3272 2723 3316 :
2767 3251 2998 3315 Omnes
3037 3252 3181 3332 (ait)
3219 3252 3473 3315 ordines

1971 3350 2343 3431 angelorum
2393 3350 2665 3412 mediate
2711 3356 2822 3411 aut
2871 3349 3239 3411 immediate
3291 3349 3477 3411 mini-

1975 3456 2193 3511 strant.
2249 3449 2495 3510 Etenim
2546 3449 2764 3510 divina
2810 3447 3209 3530 providentia
3258 3467 3476 3529 supre-

1976 3566 2153 3608 mum
2194 3547 2483 3609 ordinem
2516 3546 2847 3628 Seraphim
2874 3539 3219 3627 'deputavit
3246 3546 3323 3608 ad
3358 3547 3475 3608 mi-

1975 3645 2374 3707 nistrandum
2415 3663 2489 3706 ea
2522 3663 2664 3725 quae
2694 3644 3086 3706 voluntatem
3127 3644 3475 3725 disponunt

1973 3744 2050 3806 ad
2082 3744 2315 3806 divinae
2348 3742 2710 3805 dilectionis
2752 3741 3137 3804 incendium.
3175 3741 3471 3804 Ordinem

1974 3860 2125 3904 vero
2157 3840 2501 3904 Cherubim
2529 3839 2847 3903 ordinavit
2876 3841 2954 3902 ad
2986 3839 3473 3902 ministrandum

1973 3958 2048 4001 ea
2095 3959 2237 4022 quae
2294 3940 2642 4020 disponunt
2692 3938 3086 4000 intellectum
3136 3937 3213 4001 ad
3267 3938 3473 4000 lucem

1973 4038 2207 4100 divinae
2240 4037 2654 4118 cognitionis3
2678 4037 2982 4109 ThronOS,
3006 4037 3081 4098 ad
3117 4037 3477 4098 ministran-

1974 4136 2128 4198 dum
2175 4155 2315 4217 quae
2353 4136 2745 4198 voluntatem
2790 4134 3135 4216 disponunt
3176 4136 3253 4197 ad
3299 4136 3474 4216 pacis

355 4233 433 4295 de
465 4241 654 4312 gente
686 4233 752 4294 in
781 4242 1060 4313 gentem,
1093 4235 1170 4296 ad
1203 4235 1633 4297 ministerium
1665 4235 1859 4316 hujus
1890 4238 1941 4301 D
1976 4234 2498 4316 tranquillitatem
2531 4233 2867 4307 internam,
2888 4252 3030 4315 quae
3062 4233 3319 4295 nomine
3349 4251 3474 4295 ses-

355 4330 601 4393 ordinis
641 4333 959 4413 pertinere
994 4333 1262 4395 videtur.
1297 4333 1392 4395 Ad
1433 4352 1625 4415 quem
1667 4333 1858 4394 etiam

355 4429 647 4492 ordinem
689 4430 1008 4511 pertinere
1037 4431 1291 4493 videtur
1327 4431 1660 4493 instructio
1691 4430 1862 4512 prin-

355 4529 578 4611 cipum
624 4527 701 4590 de
743 4528 842 4590 his
885 4548 1024 4609 quae
1063 4531 1143 4592 ad
1187 4529 1720 4591 ministrationem
1765 4547 1858 4590 re-

353 4627 621 4709 giminis
681 4625 1004 4708 pertinent
1059 4628 1451 4689 eorumdem.
1515 4626 1706 4689 Aliud
1764 4635 1860 4689 est

358 4726 604 4788 bonum
668 4725 1022 4786 humanum
1084 4743 1209 4787 non
1275 4725 1340 4787 in
1402 4726 1860 4788 communitate

357 4825 737 4897 consistens„
785 4824 896 4885 sed
944 4824 1022 4885 ad
1071 4843 1273 4886 unum
1323 4824 1686 4906 pertinens3
1733 4842 1859 4887 non

356 4932 574 4986 tamen
619 4923 731 4984 uni
777 4922 896 4985 soli
939 4923 1116 4996 utile,
1149 4924 1260 4985 sed
1304 4923 1522 4985 multis
1557 4940 1571 4985 ε
1607 4930 1676 4984 ut
1719 4943 1860 5005 quae

357 5024 438 5086 ab
481 5022 782 5086 omnibus
827 5029 890 5083 et
930 5021 1197 5102 singulis
1248 5022 1561 5085 credenda
1607 5031 1756 5084 sunt
1799 5030 1862 5084 et

359 5121 688 5184 servanda.
725 5121 801 5182 Et
840 5120 959 5183 hoc
999 5120 1293 5189 nuntiare
1331 5129 1394 5184 et
1427 5121 1751 5196 exhibere,
1783 5121 1860 5183 ad

359 5219 788 5301 Archangelos
831 5226 1092 5301 spectat.
1126 5219 1313 5281 Aliud
1346 5226 1441 5282 est
1472 5219 1711 5281 bonum
1750 5220 1865 5281 hu-

362 5337 626 5381 manum
652 5317 732 5380 ad
757 5336 1276 5401 unumquemque
1304 5317 1704 5401 singulariter
1730 5337 1866 5402 per-

1972 4334 2172 4397 sionis
2201 4332 2601 4414 exprimitur.
2638 4331 2869 4412 Sicque
2900 4332 3001 4394 his
3033 4331 3243 4393 choris
3281 4339 3471 4412 atque

1971 4431 2297 4513 obsequiis
2330 4430 2603 4512 primam
2637 4430 3058 4492 hierarchiam
3093 4430 3471 4492 convenien-

1973 4539 2068 4592 ter
2117 4528 2428 4593 distinxit.
2462 4565 2543 4574 —
2578 4529 2723 4592 Haec
2773 4528 3122 4590 Richardus
3177 4545 3191 4589 :
3244 4528 3354 4609 qui
3406 4528 3470 4590 in

1974 4628 2201 4690 ceteris
2262 4633 2565 4689 consonat
2622 4625 3084 4708 praeinductis3
3144 4633 3207 4686 et
3263 4625 3472 4687 ordini

1972 4727 2449 4808 Principatuum
2501 4725 2807 4787 adscribit
2854 4742 3124 4806 praeesse
3174 4724 3474 4805 principi-

1974 4825 2094 4888 bus
2133 4845 2207 4887 ac
2248 4825 2545 4907 praelatiS‚
2578 4823 2988 4904 Archangelis
3028 4839 3177 4884 vero
3221 4823 3473 4903 provin-

1975 4925 2114 4997 ciiS,
2167 4924 2335 4986 sicut
2381 4923 2840 4994 Bonaventura,
2893 4921 3001 5002 qui
3053 4919 3278 4981 asserit
3326 4920 3471 5001 plus

1973 5041 2112 5084 esse
2156 5041 2425 5104 praeesse
2472 5020 2747 5104 principi
2794 5038 2981 5101 quam
3030 5018 3471 5080 communitati

1975 5122 2032 5183 ei
2093 5105 2419 5200 subJectae,
2472 5138 2671 5200 quum
2726 5117 3025 5199 princeps
3084 5116 3333 5198 dignior
3389 5117 3470 5178 sit

1975 5220 2216 5281 eadem.
2253 5218 2339 5279 De
2386 5235 2510 5299 quo
2554 5218 2722 5279 dicto
2765 5215 2918 5297 quid
2962 5215 3271 5292 videatur,
3307 5214 3472 5279 infra

1976 5324 2287 5401 tangetur.

3534 1498 3703 1542 Coloss.
3733 1511 3759 1550 ι,

3500 1565 3563 1606 16.
