4334 6242
1627 509 1815 556 mnu
1864 509 1915 556 8.
1962 507 2306 557 sumntum

425 677 616 744 XXIII,
646 678 699 734 8.
731 677 874 744 Quis
899 681 988 735 est
1015 677 1120 735 iste
1149 693 1251 734 rex
1283 675 1526 750 gloriae?
1553 678 1660 734 528
1673 677 1755 732 Α’.

424 768 583 832 XXX,
621 768 710 824 20.
747 770 934 834 Quam
977 759 1194 840 magna
1229 766 1546 824 multitudo
1593 764 1920 824 dulcedinis

495 859 630 923 tuae,
665 856 948 914 Domine!
985 856 1180 913 1628'.

423 944 633 1008 XXXII,
668 946 718 1000 1.
749 945 953 1003 Rectos
983 947 1148 1002 decet
1173 942 1544 1010 collaudatio,
1573 944 1660 1000 33.

423 1035 659 1100 XXXIII,
703 1036 756 1090 8.
803 1034 1088 1092 Immittet
1131 1033 1374 1106 angelus
1417 1032 1648 1090 Domini
1697 1032 1757 1090 in
1805 1032 1915 1090 cir·

495 1123 654 1180 cuitu
684 1122 1020 1181 timentium
1050 1140 1208 1186 eum,
1238 1124 1420 1179 411Α.

424 1214 630 1279 XXXV,
663 1214 714 1269 7.
747 1213 976 1270 Judicia
1003 1217 1106 1270 tua
1132 1212 1375 1285 abyssus
1405 1212 1610 1274 multa,
1640 1212 1840 1268 558D’.

427 1335 494 1345 —
528 1303 611 1360 10.
645 1303 707 1359 In
740 1301 966 1360 lumine
999 1307 1100 1359 tuo
1128 1301 1458 1360 videbimus
1487 1301 1706 1367 lumen,
1728 1302 1912 1358 502Α.

424 1394 604 1456 XLIV,
636 1394 719 1449 17.
751 1392 1079 1450 Constitues
1111 1408 1208 1450 eos
1247 1391 1540 1465 principes
1575 1408 1753 1464 super
1790 1406 1916 1447 om-

497 1499 634 1540 nem
661 1485 900 1549 terram,
932 1483 1110 1539 5101).

425 1573 630 1638 LXVII,
666 1573 751 1630 18.
783 1574 1000 1630 Currus
1042 1569 1142 1629 Dei
1180 1571 1382 1629 decem
1418 1569 1683 1627 millibus
1717 1569 1915 1627 multi-

495 1661 646 1733 plex,
679 1660 868 1718 millia
889 1660 1235 1726 laetantium,
1266 1659 1468 1718 2308'.

365 1794 372 1802 .
423 1752 658 1817 LXVIII,
687 1751 740 1808 3.
775 1750 916 1808 Veni
955 1749 1013 1808 in
1053 1749 1424 1808 altitudinem
1455 1748 1654 1815 maris,
1686 1751 1744 1807 et
1770 1751 1916 1806 tem-

495 1846 688 1914 pestas
718 1841 998 1900 demersit
1024 1857 1138 1907 me,
1171 1841 1278 1898 325
1291 1843 1354 1896 B.

422 1932 603 1997 LXXI,
655 1932 740 1987 18.
788 1930 1135 1988 Benedictus
1185 1929 1470 1987 Dominus
1517 1930 1670 1987 Deus
1719 1927 1914 1995 lsrael,

495 2020 597 2095 qui
621 2019 760 2077 facit
787 2019 1084 2076 mirabilia
1111 2018 1288 2084 solus,
1319 2017 1522 2076 4191)’.

421 2110 629 2176 LXXII,
681 2110 729 2165 1.
780 2111 967 2176 Quam
1017 2108 1204 2165 bonus
1250 2108 1426 2165 Israel
1473 2108 1624 2164 Deus
1677 2107 1769 2163 his
1815 2105 1915 2179 qui

495 2201 652 2256 recto
681 2200 821 2254 sunt
847 2197 1057 2254 corde!
1089 2197 1179 2254 33.

423 2321 494 2330 —-
520 2290 609 2345 28.
641 2287 778 2344 Mihi
825 2291 1022 2345 autem
1060 2286 1355 2344 adhaerere
1395 2287 1510 2342 Deo
1549 2285 1768 2343 bonum
1807 2287 1912 2351 est,

494 2379 599 2434 322
612 2379 692 2434 Β’.

423 2468 656 2534 LXXIII,
690 2468 775 2523 16.
804 2468 886 2523 Tu
932 2465 1248 2522 fabricatus
1294 2481 1356 2522 es
1403 2480 1677 2522 auroram
1723 2467 1782 2522 et
1826 2481 1915 2520 so·

495 2557 631 2621 lem,
663 2557 754 2612 34.

421 2642 649 2711 LXXVI,
684 2644 768 2701 10.
801 2646 914 2701 Aut
939 2642 1312 2701 obliviscetur
1341 2641 1603 2700 misereri
1632 2641 1800 2706 Deus,
1816 2646 1918 2700 aut

493 2733 813 2791 continebit
857 2732 918 2790 in
966 2733 1052 2789 ira
1096 2748 1202 2788 sua
1248 2730 1680 2788 misericordias
1734 2729 1916 2788 suas?

493 2825 673 2880 371Α.

425 2914 678 2979 LXXVII,
719 2914 806 2970 34.
852 2913 1046 2977 Quum
1091 2909 1379 2967 occideret
1417 2927 1532 2974 eos,
1575 2909 1916 2983 quaerebant

496 3020 650 3070 eum,
668 3007 726 3060 et
753 3001 1207 3066 revertebantur,
1235 3002 1292 3058 et
1321 2998 1580 3056 diluculo
1605 2997 1917 3056 veniebant

495 3095 570 3149 ad
600 3108 758 3158 eum,
788 3091 969 3147 3461).

428 3214 497 3223 -
526 3184 613 3238 49.
646 3179 1048 3238 immissiones
1077 3196 1179 3252 per
1205 3177 1446 3250 angelos
1474 3177 1679 3244 malos,
1710 3177 1910 3243 4101)’,

493 3271 676 3336 432Α,
711 3270 792 3335 1)’,
823 3269 1006 3325 5200.

420 3359 626 3426 LXXX,
659 3360 745 3415 13.
777 3357 984 3413 Dimisi
1011 3372 1108 3414 eos
1133 3356 1457 3414 secundum
1483 3354 1770 3413 desideria
1790 3371 1914 3411 cor-

492 3449 585 3505 dis
630 3463 853 3513 eorum,
895 3446 1064 3503 ibunt
1109 3444 1169 3502 in
1215 3443 1726 3502 adinventionibus
1771 3445 1910 3510 suis,

421 3628 528 3693 XC,
562 3627 648 3684 11.
679 3624 916 3698 Angelis
947 3623 1070 3682 suis
1098 3622 1399 3681 mandavit
1425 3623 1495 3680 de
1525 3625 1598 3689 te,
1631 3626 1695 3678 ut
1723 3625 1916 3679 custo-

495 3717 660 3774 diant
694 3719 749 3773 te
786 3715 848 3771 in
886 3713 1162 3771 omnibus
1187 3711 1298 3768 viis
1334 3711 1468 3778 tuis,
1499 3712 1679 3778 5460,
1709 3713 1817 3768 549
1831 3712 1909 3767 C’.

423 3807 602 3873 XCIV,
633 3807 686 3861 4.
717 3805 781 3861 In
814 3819 998 3860 manu
1025 3802 1152 3876 ejus
1177 3805 1316 3859 sunt
1335 3817 1538 3858 omnes
1559 3800 1703 3858 fines
1722 3804 1909 3867 terrae,

421 3984 574 4050 XCV,
605 3986 658 4040 4.
689 3983 930 4056 Magnus
959 3981 1244 4038 Dominus
1279 3983 1338 4038 et
1372 3978 1684 4037 laudabilis
1713 3979 1910 4046 nimis,

422 4162 601 4228 XCIX,
634 4163 687 4218 3.
721 4162 845 4234 lpse
876 4159 1012 4218 fecit
1038 4177 1164 4226 nos,
1193 4161 1302 4217 274
1316 4158 1392 4216 C’.

423 4251 559 4318 CIII,
589 4253 644 4308 4.
676 4250 905 4308 Facis...
928 4249 1231 4307 mInistros
1250 4252 1382 4307 tuos
1401 4250 1600 4322 ignem
1622 4251 1907 4314 urentem,

421 4461 494 4472 —
522 4433 610 4487 26.
651 4432 835 4488 Draco
871 4430 978 4487 iste
1022 4446 1197 4502 quem
1237 4427 1501 4486 formasti
1540 4430 1614 4485 ad
1662 4427 1909 4487 illuden-

492 4522 634 4577 dum
661 4520 732 4586 ei,
769 4520 947 4584 1631),
980 4519 1180 4583 349Α’,
1213 4519 1394 4575 3971).

423 4641 486 4652 -
517 4610 606 4666 28.
633 4609 939 4682 Aper-iente
975 4612 1032 4666 te
1072 4624 1316 4666 manum
1346 4612 1530 4674 tuam,
1561 4607 1762 4664 omnia
1801 4607 1910 4664 im·

493 4699 808 4771 plebuntur
836 4697 1111 4763 bonitate,
1144 4698 1231 4754 32.

425 4789 588 4844 -31.
605 4787 915 4844 Laetabitur
935 4787 1220 4844 Dominus
1239 4786 1300 4844 in
1320 4786 1593 4860 operibus
1611 4786 1750 4853 suiS,
1764 4789 1835 4844 69
1849 4789 1906 4845 C.

420 4876 650 4942 CXVIII,
690 4877 778 4932 73.
830 4877 913 4933 Da
959 4875 1104 4933 mihi
1152 4875 1532 4942 intellectum,
1582 4878 1639 4933 et
1684 4875 1907 4933 discam

493 4967 775 5022 mandata
799 4969 920 5031 tua,
951 4966 1060 5020 505
1073 4967 1131 5020 C.

878 5155 1443 5212 PROVERBIORUM.

419 5323 512 5389 111,
542 5324 626 5380 19.
657 5322 944 5380 Stabilivit
973 5323 1145 5381 coelos
1173 5323 1503 5396 prudentia,
1533 5325 1621 5380 32.

3398 483 3513 549 571

2027 677 2170 744 XIII,
2206 679 2291 734 10.
2330 678 2487 736 Inter
2525 676 2807 750 superbos
2852 691 3083 748 semper
3116 672 3314 748 jurgia
3358 674 3514 738 sunt,

2023 885 2096 896 -
2127 855 2212 912 19.
2246 853 2609 912 Desiderium
2639 854 2687 910 si
2716 853 3095 927 compleatur,
3118 851 3365 911 delectat
3392 850 3517 909 ani-

2097 961 2280 1011 mam,
2311 945 2419 1001 365
2437 944 2519 1000 D’.

2023 1033 2161 1099 XIV,
2176 1034 2265 1088 28.
2288 1033 2352 1089 ln
2373 1032 2751 1090 multitudine
2772 1032 2970 1106 populi
2991 1031 3248 1105 dignitas
3265 1030 3439 1105 regis,
3460 1035 3519 1090 et

2094 1121 2154 1178 in
2177 1123 2466 1195 paucitate
2487 1123 2669 1196 plebis
2690 1121 3016 1196 ignominia
3031 1121 3449 1195 principis,219
3459 1122 3517 1177 C.

2022 1211 2160 1278 XVI,
2186 1214 2241 1270 4.
2273 1213 2551 1270 Universa
2575 1216 2809 1286 propter
2836 1212 3217 1285 semetipsum
3246 1215 3517 1284 operatus

2097 1304 2185 1359 est
2213 1301 2515 1367 Dominus,
2550 1303 2653 1358 103
2667 1303 2728 1367 D,
2763 1303 2942 1358 104Α.

2024 1421 2092 1432 -
2124 1390 2211 1446 10.
2245 1391 2531 1448 Divinatio
2561 1391 2623 1448 in
2654 1391 2823 1449 labiis
2850 1390 3021 1464 regis,
3050 1390 3231 1448 4141).

2021 1477 2213 1545 XVIII,
2242 1479 2295 1534 3.
2328 1477 2551 1552 Impius
2580 1496 2764 1552 quum
2805 1478 2866 1535 in
2906 1478 3266 1552 profundum
3294 1478 3519 1536 venerit

2094 1571 2488 1640 peccatorum,
2522 1567 2863 1634 contemnit,
2894 1567 3093 1634 379Β’,
3124 1569 3309 1625 383Α.

2021 1655 2134 1722 XX,
2164 1657 2218 1712 8.
2249 1658 2369 1715 Rex
2408 1657 2509 1730 qui
2547 1659 2709 1716 sedet
2742 1658 2801 1714 in
2842 1656 2988 1714 solio
3014 1656 3243 1730 judicii,
3275 1656 3519 1730 dissipat

2094 1763 2271 1804 omne
2304 1747 2527 1805 malum
2562 1747 2779 1805 intuitu
2808 1765 2933 1814 suc,
2966 1747 3166 1805 3121)’.

2021 1835 2183 1903 XXX,
2219 1837 2301 1894 16.
2336 1836 2554 1910 Ignis...
2591 1853 2896 1910 nunquam
2927 1836 3071 1893 dicit
3100 1853 3114 1894 t
3146 1836 3387 1903 Sufficit,
3424 1837 3514 1894 33.

2528 2025 3019 2082 ECCLESIASTAE.

2024 2191 2066 2258 I,
2096 2194 2150 2258 9,
2185 2193 2270 2249 10.
2300 2193 2450 2259 Quid
2478 2196 2568 2251 est
2594 2195 2751 2266 quod
2780 2193 2889 2250 suit
2908 2192 2934 2250 ‘3
2956 2194 3153 2267 ipsum
3175 2195 3333 2266 quod
3360 2191 3516 2251 futu-

2093 2301 2229 2341 rum
2260 2286 2363 2341 est.
2398 2283 2550 2350 Quid
2587 2287 2673 2340 est
2702 2285 2857 2356 quod
2896 2283 3116 2340 factum
3156 2282 3288 2340 est?
3318 2283 3514 2356 Ipsum

2096 2374 2254 2447 quod
2283 2371 2617 2431 faciendum
2646 2377 2751 2430 est.
2782 2373 2943 2429 Nihil
2982 2373 3088 2430 sub
3119 2372 3238 2430 sole
3276 2389 3513 2438 novum,

2097 2480 2205 2521 nec
2230 2462 2383 2521 valet
2410 2462 2725 2537 quisquam
2755 2463 2945 2520 dicere
2970 2480 2984 2519 :
3006 2463 3149 2520 Ecce
3177 2462 3287 2518 hoc
3314 2478 3518 2520 recens

2093 2556 2182 2610 est
2220 2569 2235 2610 ε
2274 2552 2401 2626 jam
2452 2551 2609 2609 enim
2660 2551 2953 2625 praecessit
3000 2552 3061 2609 in
3109 2551 3339 2608 saeculis
3384 2567 3517 2624 quae

2095 2641 2335 2700 suerunt
2361 2645 2498 2698 ante
2528 2657 2653 2707 nos,
2684 2643 2752 2697 94
2764 2643 2828 2696 Β.

2020 2733 2084 2796 V,
2117 2733 2170 2787 9.
2205 2734 2427 2788 Avarus
2457 2747 2573 2787 non
2604 2730 2945 2803 implebitur
2974 2729 3237 2804 pecunia,
3269 2731 3358 2786 33.

2023 2822 2136 2888 VII,
2178 2822 2267 2877 30.
2308 2820 2690 2879 Solummodo
2728 2820 2839 2876 hoc
2875 2819 3091 2887 inveni,
3121 2820 3279 2892 quod
3317 2817 3518 2877 fecerit

2093 2912 2244 2969 Deus
2282 2910 2581 2967 hominem
2631 2912 2877 2976 rectum,
2917 2913 2976 2967 et
3012 2909 3133 2982 ipse
3171 2925 3231 2966 se
3270 2907 3515 2965 infinitis

2095 2999 2397 3059 miscuerit
2425 2998 2862 3072 quaestionibus,
2894 3000 2981 3065 32,
3012 2999 3212 3055 28502

2023 3093 2115 3157 IX,
2151 3091 2237 3146 10.
2271 3090 2693 3162 Quodcumque
2722 3087 2908 3146 facere
2938 3092 3126 3161 potest
3154 3105 3367 3145 manus
3394 3091 3513 3152 tua,

2093 3183 2380 3238 instanter
2409 3196 2664 3252 operare,
2698 3178 2836 3253 quia
2864 3195 2971 3236 nec
3008 3196 3173 3252 opus,
3207 3195 3315 3236 nec
3345 3178 3513 3243 ratio,

2093 3286 2199 3328 nec
2242 3268 2542 3342 sapientia,
2584 3285 2690 3326 nec
2728 3267 2988 3333 scientia,
3018 3270 3191 3325 erunt
3232 3267 3387 3340 apud
3426 3266 3513 3323 in-

2095 3357 2263 3425 feros,
2294 3359 2399 3414 397
2414 3358 2472 3414 C.

2020 3449 2111 3514 XI,
2143 3450 2197 3504 3.
2232 3448 2544 3522 Lignum...
2577 3448 2638 3505 in
2664 3464 3037 3521 quocumque
3065 3449 3192 3505 loco
3222 3446 3511 3512 ceciderit,

2094 3537 2175 3594 ibi
2204 3538 2332 3606 erit,
2361 3541 2545 3606 379Α,
2574 3539 2676 3595 381
2694 3539 2755 3594 C.

2382 3727 2653 3783 CANTICI
2691 3727 3154 3784 CANTICORUM.

2023 3898 2065 3964 1,
2093 3898 2142 3954 3.
2176 3896 2335 3956 necti
2366 3896 2619 3970 diligunt
2648 3899 2720 3962 te,
2752 3896 2839 3952 33.

2569 4076 2968 4133 SAPIENTIAE.

2021 4253 2061 4318 I,
2093 4251 2144 4306 7.
2180 4249 2430 4324 Spiritus
2447 4248 2681 4306 Domini
2710 4249 2951 4322 replevit
2970 4250 3169 4307 orbem
3199 4252 3509 4318 terrarum,

2018 4463 2088 4473 —
2119 4432 2206 4498 13,
2241 4432 2327 4487 14.
2360 4430 2511 4489 Deus
2544 4433 2794 4487 mortem
2826 4446 2943 4486 non
2974 4429 3126 4498 fecit,
3149 4447 3255 4488 nec
3284 4430 3513 4488 laetatur

2091 4521 2151 4577 in
2192 4519 2515 4593 perditione
2543 4519 2807 4576 vivorum
2836 4537 2850 4576 :
2882 4519 3096 4576 creavit
3130 4519 3289 4578 enim
3325 4522 3391 4578 ut
3424 4537 3512 4578 es·

2090 4616 2219 4669 sent
2248 4611 2465 4677 omnia,
2496 4614 2553 4668 et
2580 4610 2869 4668 sanabiles
2899 4609 3031 4668 fecit
3062 4610 3327 4668 nationes
3355 4610 3511 4667 orbis

2089 4705 2402 4767 terrarum,
2433 4702 2503 4757 53
2520 4704 2585 4756 Α.

2021 4791 2085 4856 11,
2116 4791 2205 4847 24.
2239 4789 2525 4847 Invidia...
2566 4790 2782 4847 diaboli
2826 4807 2986 4848 mors
3024 4790 3283 4848 introivit
3319 4790 3377 4848 in
3417 4809 3509 4848 or·

2088 4880 2223 4937 bem
2251 4882 2562 4945 terrarum,
2594 4881 2684 4946 32,
2714 4881 2821 4936 324
2836 4882 2893 4936 C.

2019 4971 2110 5036 III,
2142 4971 2193 5026 7.
2227 4967 2437 5026 Justi...
2460 4971 2743 5041 tanquam
2772 4967 3042 5026 scintilloe
3071 4969 3129 5026 in
3160 4970 3509 5028 arundineto

2090 5058 2437 5125 discurrent,
2473 5058 2669 5115 162Α’.

2018 5150 2108 5212 lx,
2142 5150 2229 5204 15.
2263 5149 2544 5222 Corpus...
2582 5149 2738 5221 quod
2776 5147 3191 5222 corrumpitur,
3232 5154 3510 5224 aggravat

2087 5236 2381 5302 animam,
2436 5240 2494 5294 et
2546 5240 2777 5294 terrena
2832 5236 3176 5295 inhabitatio
3229 5239 3506 5312 deprimit

2087 5342 2327 5384 sensum
2360 5326 2547 5383 multa
2574 5326 2947 5399 cogitantem,
2979 5328 3080 5383 107
3094 5329 3155 5394 D,
3186 5329 3368 5386 253Α.
