4334 6242
729 470 851 535 342
1684 492 1860 537 Lmen
1903 492 1946 537 11
1987 490 2469 537 sENrssNnAmm.
2518 508 2598 518 —
2638 490 2791 535 msr.
2830 490 2891 534 vi

731 664 1039 745 luxuriae,
1086 668 1152 729 et
1193 665 1626 745 hujusmodi:
1662 666 1819 745 quia
1860 666 1942 728 de
1989 665 2104 727 illo
2153 664 2316 727 vitio
2370 664 2660 727 maxime
2706 665 2924 745 potest
2972 662 3277 725 homines
3324 660 3597 739 tentare,
3630 676 3671 721 a
3710 676 3855 741 quo

732 781 1216 845 denominatur.
1278 782 1440 845 Inde
1496 782 1696 845 etiam
1752 784 1874 861 est,
1935 783 2113 862 quod
2184 781 2453 845 nomine
2509 782 2833 845 daemonis
2888 780 3139 843 divitiae
3197 779 3537 855 vocantur,
3597 775 3859 839 scilicet

457 916 702 967 Manum,
735 914 1139 959 mammona.
1192 898 1312 960 Est
1362 898 1540 961 enim
1586 899 1924 961 Mammon
1980 914 2222 961 nomen
2272 898 2597 961 daemonis
2650 918 2664 958 :
2718 914 2849 978 quo
2907 897 3175 959 nomine
3227 895 3545 958 vocantur
3593 893 3857 955 divitiae

439 981 507 1023 a
733 1014 1096 1077 secundum
1145 1013 1378 1094 Syram
1431 1014 1749 1095 linguam.
1793 1015 1938 1077 Hoc
1987 1016 2209 1077 autem
2258 1031 2391 1077 non
2444 1016 2589 1078 ideo
2642 1016 2764 1093 est,
2814 1014 2993 1095 quod
3043 1012 3348 1076 diabolus
3398 1012 3465 1074 in
3524 1011 3857 1091 potestate

735 1129 972 1193 habeat
1007 1129 1161 1193 dare
1193 1130 1296 1194 vel
1333 1130 1590 1193 auferre
1622 1131 1890 1194 divitias
1928 1132 2033 1193 cui
2065 1130 2247 1209 velit,
2290 1132 2405 1194 sed
2455 1132 2611 1211 quia
2650 1132 2746 1195 eis
2784 1132 2993 1194 utitur
3029 1130 3111 1193 ad
3151 1129 3497 1192 hominum
3540 1126 3859 1190 tentatio-

734 1264 887 1311 nem
927 1248 992 1311 et
1028 1246 1504 1329 deceptionem.

1191 1488 1266 1553 Ε.
1319 1492 1432 1553 An
1483 1504 1738 1552 omne-s·
1789 1495 2157 1553 daemones
2210 1492 2363 1553 sint
2412 1494 2492 1553 in
2540 1494 2674 1553 hoc
2727 1504 2907 1553 aere
2959 1491 3395 1565 calioinosO,

1772 1622 1874 1668 an
1912 1609 2152 1682 aliqui
2186 1608 2339 1670 sint
2377 1610 2455 1670 in
2496 1607 2813 1679 inferno,

441 1842 709 1950 nugogsmn·
870 1821 1052 1886 Solet
1087 1821 1306 1883 autem
1347 1818 1578 1900 quaeri,
1607 1817 1832 1881 utrum
1871 1834 2102 1881 omnes
2141 1818 2211 1881 in
2250 1818 2377 1881 isto
2416 1836 2564 1881 aere
2600 1818 2959 1899 caliginoso
2999 1817 3155 1897 sint,
3190 1834 3271 1880 an
3310 1816 3515 1897 aliqui
3539 1816 3679 1896 jam
3718 1815 3869 1877 sint

441 1919 512 1949 ma
587 1910 679 1949 ent.

443 1972 706 2021 2„02,..‚0‚4,
737 1939 803 2002 in
861 1937 1143 2001 infern0.
1198 1935 1390 2009 Quod
1449 1936 1518 1997 in
1575 1934 2263 2015 infernun1.quotidie
2320 1934 2718 1997 descendant
2772 1933 2977 2014 aliqui
3036 1934 3441 2013 daemonum,
3492 1932 3865 1997 verisimile

736 2057 836 2119 est
882 2074 896 2114 ε
949 2054 1107 2135 quia
1166 2052 1423 2115 animas
1479 2051 1636 2113 illuc
1697 2050 2081 2113 cruciandas
2136 2051 2491 2113 deducunt.
2544 2050 2629 2112 Et
2682 2052 2862 2131 quod
2919 2049 3057 2113 illic
3113 2049 3318 2129 aliqui
3380 2066 3642 2130 semper
3692 2050 3861 2127 sint,

735 2170 1072 2235 alternatis
1130 2169 1297 2231 forte
1355 2167 1634 2247 vicibuS,
1679 2183 1814 2229 non
1861 2166 2086 2247 procul
2146 2167 2248 2229 est
2296 2184 2335 2229 a
2390 2184 2545 2229 vero
2599 2186 2613 2227 ε
2665 2166 2781 2247 qui
2826 2167 2961 2229 illic
3012 2166 3269 2229 animas
3318 2166 3614 2229 detinent
3656 2168 3865 2246 atque

737 2285 1049 2349 cruciant.
1112 2283 1304 2357 Quod
1361 2283 1578 2345 autem
1647 2281 1886 2343 animae
1955 2280 2284 2343 malorum
2350 2279 2509 2343 illuc
2564 2281 2963 2343 descendant
3018 2282 3214 2361 atque
3272 2281 3409 2343 illic
3465 2281 3859 2361 puniantur,

737 2419 818 2465 ex
868 2419 944 2464 eo
1003 2400 1259 2463 constat
1309 2398 1486 2478 quod
1541 2396 1844 2460 Christus
1894 2397 1978 2459 ad
2025 2396 2274 2461 inferos
2330 2396 2691 2475 descendit,
2732 2398 2807 2460 ut
2850 2397 3072 2477 justos
3120 2399 3236 2478 qui
3288 2397 3379 2460 ibi
3436 2398 3859 2477 tenebantur,

738 2518 1061 2581 educeret.
1115 2515 1186 2579 Si
1236 2514 1411 2578 enim
1465 2513 1632 2593 justi
1682 2511 1840 2575 illuc
1886 2512 2390 2591 descendebant,
2438 2512 2648 2575 multo
2706 2514 2920 2593 magis
2978 2513 3255 2595 inJusti3
3312 2516 3379 2577 et
3435 2514 3608 2577 sicut
3654 2515 3867 2577 tradit

439 2656 708 2762 chgori'in
737 2632 1116 2710 auctoritas,
1157 2647 1365 2711 quum
1417 2629 1636 2709 justos
1693 2628 1945 2707 eduxit,
1988 2627 2255 2707 iniquos
2312 2626 2402 2689 ibi
2456 2626 2725 2708 reliquit
2775 2648 2789 2688 :
2844 2630 3203 2693 momordit
3259 2630 3437 2693 enim
3494 2630 3861 2709 infernum,

479 2732 603 2775 ναις.
667 2732 710 2761 ο-

441 2782 532 2824 mn,
551 2795 707 2832 mm,
737 2766 871 2812 non
917 2746 1278 2810 absorbuit.

443 2848 483 2889 ⁶.

445 2908 554 2952 Osee
563 2911 709 2957 malt.

737 2983 812 3045 F.
877 2984 1188 3050 Quidam
1235 2981 1507 3054 putant
1551 2979 1975 3052 Luciferum
2028 2994 2185 3041 esse
2242 2982 2320 3041 in
2378 2978 2674 3051 inferno
2731 2980 3141 3055 reziyatum
3195 2994 3291 3041 θα)
3347 2996 3485 3056 quo
3542 2982 3867 3043 tentavit

879 3098 1251 3160 Christum
1309 3098 1381 3158 et
1439 3097 1674 3157 victus
1727 3095 1874 3165 fuit
1926 3116 1952 3155 .·
2010 3110 2227 3171 quem
2284 3096 2538 3157 dicunt
2589 3098 2923 3168 primum
2978 3097 3353 3159 hominem
3404 3098 3723 3160 tentasse
3788 3100 3867 3159 ec

875 3217 1160 3277 vicisse.

475 3440 614 3514 nugo.
639 3454 711 3496 ορ.
875 3429 974 3491 De
1003 3427 1309 3491 Lucifero
1348 3426 1572 3489 autem
1602 3425 1872 3505 quidam
1905 3424 2281 3505 opinantur,
2316 3424 2495 3503 quod
2530 3423 2620 3486 ibi
2652 3423 2966 3505 religatus
3003 3425 3112 3502 sit,
3146 3425 3210 3487 et
3240 3425 3323 3488 ad
3350 3442 3473 3489 nos
3514 3427 3867 3491 tentandos

447 3507 710 3623 effl'p‘fficka,
741 3562 916 3608 nunc
953 3561 1292 3609 accessum
1329 3559 1462 3604 non
1502 3541 1760 3620 habeat,
1793 3541 1950 3621 quia
1987 3540 2057 3602 in
2093 3539 2494 3621 Apocalypsi
2534 3539 2776 3621 legitur
2814 3559 2827 3601 ε
2870 3540 3093 3613 Quum
3133 3543 3573 3605 consummati
3614 3543 3867 3606 fuerint

449 3632 489 3674 7.

743 3661 926 3725 mille
964 3660 1143 3739 anni,
1185 3659 1479 3721 solvetur
1515 3656 1790 3721 Satanas
1836 3656 1917 3719 de
1969 3672 2227 3718 carcere
2274 3672 2421 3733 su0‚
2467 3656 2533 3717 et
2576 3656 2751 3718 exiet
2798 3658 2863 3719 et
2899 3657 3166 3721 seducet
3211 3660 3460 3739 genteS.
3504 3660 3697 3733 Quod
3731 3662 3865 3725 erit

503 3793 680 3837 amun.
745 3775 1110 3838 novissimo
1142 3774 1437 3854 tempore
1477 3771 1890 3850 Antichristi,
1925 3770 2188 3851 quando
2220 3770 2343 3831 erit
2379 3770 2561 3831 tanta
2589 3769 2951 3849 tribulati0‚
2984 3772 3059 3833 ut
3097 3772 3319 3852 etiam,
3355 3774 3411 3836 si
3444 3774 3581 3837 fieri
3613 3777 3863 3855 potest,

449 3870 563 3908 ω’·
595 3860 663 3900 η
747 3892 1137 3955 moveantur
1174 3887 1385 3953 electi.
1421 3887 1633 3960 Quem
1678 3885 1769 3949 ibi
1807 3886 2158 3967 religatum
2198 3886 2429 3948 dicunt
2464 3884 2546 3947 ab
2584 3902 2660 3947 eo
2700 3886 2995 3967 tempore
3037 3904 3169 3967 quo
3204 3890 3483 3952 tentavit
3520 3890 3859 3955 Christum

747 4011 812 4071 in
857 4008 1114 4071 deserto
1153 4004 1258 4069 vel
1309 4006 1375 4066 in
1423 4004 1752 4084 passione,
1794 4004 1860 4065 et
1902 4002 2117 4065 victus
2166 4001 2295 4063 fuit
2340 4001 2422 4063 ab
2469 4018 2568 4063 eo.
2614 4002 2842 4081 Ipsum
2894 4004 3130 4083 putant
3175 4004 3466 4084 primum
3520 4007 3863 4072 hominem

745 4126 1031 4188 tentasse
1075 4124 1140 4186 et
1175 4122 1437 4199 vicisse,
1481 4121 1546 4181 et·
1592 4119 1880 4183 secundo
1931 4119 2187 4198 Deum3
2240 4117 2356 4180 sed
2404 4117 2486 4179 ab
2534 4134 2610 4180 eo
2662 4118 2911 4179 victum
2962 4136 3128 4199 esse,
3176 4121 3241 4182 et
3288 4121 3434 4183 ideo
3485 4121 3552 4184 in
3602 4123 3867 4188 inferno

746 4241 1118 4323 religatum.
1173 4238 1304 4301 Alii
1361 4238 1582 4299 autem
1629 4236 1880 4312 dicunt,
1932 4252 2013 4297 ex
2063 4250 2197 4314 quo
2256 4234 2511 4313 cecidit,
2563 4251 2682 4315 pro
2730 4236 2979 4315 peccati
3032 4235 3136 4298 sui
3196 4238 3651 4317 magnitudine
3702 4240 3870 4305 illuc

747 4358 954 4422 fuisse
1001 4357 1400 4419 demersum.

1223 4594 1302 4659 G.
1352 4598 1550 4664 Quod
1586 4596 1882 4667 Lucifer
1916 4610 2065 4657 non
2101 4597 2319 4657 habet
2350 4596 2794 4668 potestatem
2832 4612 3057 4671 quam
3094 4599 3385 4660 habebit

1820 4715 1900 4773 in
1945 4712 2279 4783 tempore
2324 4712 2782 4774 Antichristi.

881 4928 1010 4991 Sed
1066 4928 1206 4989 sive
1264 4926 1331 4988 in
1391 4925 1722 4988 infernum
1775 4927 2115 4989 demersus
2173 4926 2282 5004 sit,
2329 4926 2469 4988 sive
2520 4943 2676 5003 non,
2725 4926 3032 4988 credibile
3084 4929 3185 4991 est
3229 4945 3379 4990 eum
3438 4947 3566 4992 non
3622 4931 3869 4997 habere

747 5046 1137 5126 potestatem
1181 5043 1527 5106 accedendi
1566 5043 1650 5105 ad
1687 5060 1831 5120 noS‚
1872 5060 2074 5123 quam
2113 5042 2381 5105 habebit
2421 5043 2485 5103 in
2526 5044 2820 5121 tempore
2858 5041 3273 5123 Antichristi,
3307 5046 3374 5107 in
3412 5063 3544 5126 quo
3591 5047 3869 5111 fraudu-

750 5162 957 5224 lenter
1011 5178 1086 5222 ac
1142 5160 1462 5221 violenter
1519 5159 1916 5239 operabitur.
1969 5160 2051 5222 Et
2113 5160 2258 5221 ideo
2319 5160 2483 5221 forte
2540 5158 2783 5220 dicitur
2840 5160 2995 5220 tunc
3050 5159 3429 5241 solvendus,
3490 5164 3648 5243 quia
3702 5167 3867 5228 tunc

750 5277 1012 5341 dabitur
1049 5278 1106 5340 ei
1148 5294 1185 5341 a
1221 5276 1361 5341 Deo
1400 5276 1691 5357 potestas
1732 5277 2020 5341 tentandi
2061 5276 2387 5358 homines,
2422 5293 2621 5359 quam
2663 5274 2861 5338 modo
2900 5291 3031 5337 non
3072 5274 3289 5339 habet.
