4334 6242
894 460 977 527 80
1586 482 1649 528 m
1691 481 1913 529 mamm
1953 482 1997 528 11
2038 480 2521 529 SENTENTIARUM.
2568 500 2648 511 —-
2689 483 2840 529 msr.
2888 482 2950 545 13
2996 485 3218 540 QUAEST.
3267 485 3328 530 tv

897 653 1170 715 Ventum
1212 661 1307 715 est
1336 663 1549 717 autem
1588 655 1667 716 ad
1707 654 1909 717 finem
1950 654 2398 736 praeteritionis
2428 654 2479 717 A
2512 654 2640 717 imo
2685 654 2941 718 infinita
2984 643 3186 719 millia
3233 674 3567 730 annorum,
3610 662 3824 718 essent
3871 675 4006 738 per-

899 750 1040 831 ejus
1079 753 1249 833 quod
1278 752 1355 815 de
1394 760 1677 835 tempore
1709 753 1897 816 modo
1929 753 2235 834 praeteriit
2263 761 2396 814 tan-

900 857 962 910 ta
1010 850 1341 913 velocitate
1391 850 1605 913 fluxus
1656 850 1881 933 ipsiuS,
1930 869 2055 913 non
2106 851 2398 913 obstante

900 947 1218 1011 infinitate
1262 949 1569 1030 ejusdem.
1614 950 1917 1011 Venietur
1963 950 2157 1030 igitur
2198 950 2276 1011 ad
2325 949 2400 1010 fi-

900 1065 1047 1108 nem
1092 1048 1540 1127 praeteritionis
1587 1048 1777 1111 totius
1820 1048 2127 1130 temporis
2170 1047 2393 1120 futuri,

898 1164 1099 1226 quum
1128 1145 1356 1226 aequali
1386 1145 1720 1208 velocitate
1761 1146 2274 1227 praetereundum
2315 1146 2398 1207 sit.

900 1262 1026 1324 qua
1057 1243 1213 1305 illud
1247 1244 1571 1326 praeteriit,
1596 1263 1721 1307 non
1754 1243 2043 1308 obstante
2077 1244 2394 1306 infinitate

898 1341 1187 1422 ejusdem
1232 1362 1247 1408 ε
1290 1361 1439 1425 ergo
1489 1362 1747 1405 necesse
1791 1350 1887 1405 est
1932 1343 2143 1425 ipsum
2194 1341 2390 1404 finiri.

898 1476 977 1486 —
1023 1442 1267 1515 Adhuc,
1322 1442 1745 1523 imaginemur
1792 1442 1961 1523 quod
2021 1441 2256 1503 coelum
2315 1440 2395 1503 ab

898 1548 1134 1603 aeterno
1161 1540 1358 1622 duplo
1389 1540 1669 1603 velocius
1700 1540 1890 1602 fuerit
1924 1548 2167 1602 motum
2198 1558 2211 1603 ε
2246 1557 2396 1619 ergo

899 1638 1095 1720 duplo
1126 1638 1385 1702 fuerunt
1417 1640 1631 1721 plures
1672 1639 2134 1717 revolutiones;
2177 1645 2239 1700 et
2273 1637 2394 1700 iltae

898 1756 1041 1819 quae
1067 1737 1199 1817 jam
1241 1738 1702 1819 praeterierunt,
1734 1746 1882 1799 sunt
1914 1738 1978 1799 in
2014 1738 2223 1799 media
2253 1754 2394 1818 pro-

2508 753 2792 827 transita,
2835 753 3097 829 effluxa,
3143 753 3347 828 finita,
3396 754 3728 835 praeterita.
3771 754 4007 817 Secun-

2508 850 2608 925 do,
2643 852 2944 933 quoniam
2976 853 3146 935 apud
3175 852 3576 915 Aristotelem
3610 850 4008 934 impossibile

2507 955 2604 1009 est
2646 968 2783 1011 esse
2831 949 3308 1012 multitudinem
3356 958 3500 1013 actu
3554 950 3896 1012 infinitam.
3943 950 4007 1012 Si

2507 1056 2717 1109 autem
2751 1047 2832 1109 ab
2862 1056 3099 1111 aeterno
3129 1056 3378 1111 creatus
3406 1057 3503 1111 est
3535 1050 3833 1123 munduS,
3859 1048 4009 1109 fuis-

2508 1152 2649 1207 sent
2706 1145 2996 1209 homines
3057 1146 3318 1221 infiniti,
3368 1155 3431 1209 et
3481 1147 3566 1209 ita
3609 1147 3744 1229 jam
3791 1154 4006 1209 essent

2505 1243 2734 1307 animae
2783 1253 3085 1327 separatae
3133 1246 3465 1308 actualiter
3512 1245 3802 1309 infinitae.
3852 1246 4002 1307 Rur-

2507 1362 2637 1417 suS,
2673 1343 2726 1405 si
2767 1344 3054 1425 quolibet
3093 1344 3196 1406 die
3237 1345 3555 1427 praeterito
3594 1346 3760 1407 Deus
3799 1363 4000 1406 creas-

2507 1450 2602 1502 set
2635 1442 2908 1523 lapidem
2941 1452 3243 1517 unum,et
3273 1444 3688 1526 posteriorem
3718 1443 4000 1525 quotidie

2509 1540 2750 1601 unisset
2799 1541 3018 1622 priori,
3066 1540 3197 1621 jam
3247 1560 3325 1603 ex
3376 1541 3504 1604 illis
3551 1549 3868 1604 constaret
3918 1542 4000 1603 la·

2509 1637 2765 1719 pidibus
2800 1640 2996 1702 moles
3030 1640 3358 1703 immensa.
3393 1641 3622 1715 Tertio,
3651 1641 3832 1721 juxta
3863 1641 4000 1703 Phi-

2507 1736 2867 1819 losophum,
2903 1759 3101 1801 unum
3145 1739 3473 1802 infinitum
3517 1758 3641 1802 non
3675 1747 3772 1801 est
3803 1739 4000 1802 altero

901 1836 1188 1917 portione
1218 1837 1297 1898 ad
1330 1836 1468 1899 illas
1503 1854 1517 1899 :
1554 1836 1880 1913 infinitum
1912 1844 2125 1899 autem
2158 1835 2393 1897 medie·
2433 1831 2477 1894 B
2509 1835 2734 1916 majus,
2771 1838 2892 1899 Sed
2931 1838 2986 1899 si
3029 1839 3304 1900 mundus
3342 1838 3422 1900 ab
3462 1847 3698 1901 aeterno
3729 1847 3825 1901 est
3858 1856 4001 1900 con-

899 1942 1093 1997 tatem
1139 1953 1265 1997 non
1307 1935 1517 1998 habet.
1560 1936 1736 2010 Quod
1785 1937 1837 1997 si
1890 1936 1953 1997 in
1999 1934 2196 2016 duplo
2241 1934 2395 1996 fuis-

898 2042 1039 2095 sent
1088 2034 1303 2115 plures
1352 2035 1418 2096 in
1468 2034 1576 2096 tali
1627 2054 1777 2096 casu
1831 2033 2282 2107 revolutioneS,
2333 2040 2396 2095 et

900 2133 1133 2196 coelum
1182 2151 1309 2196 non
1360 2132 1483 2195 fuit
1528 2133 1992 2216 completurum
2045 2132 2260 2215 plures
2305 2150 2397 2194 re-

899 2232 1256 2294 volutiones
1313 2232 1405 2293 eis
1462 2252 1605 2314 quae
1668 2240 2127 2313 praecesserunt
2184 2239 2246 2292 et
2302 2231 2396 2292 eis

898 2350 1041 2413 quae
1070 2330 1301 2393 futurae
1332 2338 1480 2393 sunt
1510 2331 1699 2393 simul
1732 2331 2033 2413 acceptiS‚
2060 2338 2150 2393 tot
2181 2338 2394 2392 autem

894 2430 1026 2511 jam
1069 2430 1538 2512 complevisset,
1572 2430 1769 2511 duplo
1804 2429 2028 2510 majori
2061 2428 2394 2491 velocitate

899 2529 1261 2591 revolutum
1295 2546 1308 2591 :
1344 2546 1493 2609 ergo
1524 2527 1775 2589 finisset
1801 2528 1933 2608 jam
1973 2527 2229 2610 penitus
2264 2543 2394 2588 mo-

899 2636 1035 2690 tum
1080 2646 1290 2701 suum,
1324 2636 1387 2689 et
1430 2634 1639 2689 staret.
1684 2661 1765 2671 —
1806 2626 1949 2689 Haec
1991 2625 2389 2689 GuillelmuS.

980 2725 1175 2806 Cujus
1220 2724 1572 2788 rationibus
1618 2724 1833 2787 multae
1876 2731 2133 2807 possent
2175 2724 2396 2804 adjun-

898 2824 961 2905 gi
1016 2842 1028 2885 :
1081 2824 1233 2905 quia
1284 2824 1339 2885 si
1398 2824 1675 2885 mundus
1734 2822 1960 2885 fuisset
2006 2823 2087 2884 ab
2134 2830 2391 2895 aeterne,

900 2922 1141 2984 infiniti
1200 2922 1461 2984 fuerunt
1519 2922 1868 3003 phoeniccs,
1920 2941 2121 3003 quum
2182 2930 2392 2984 tamen

2506 1934 2697 2010 ditus,
2752 1936 2954 1999 multo
3003 1936 3217 2019 plures
3268 1937 3524 2000 fuerunt
3573 1937 3998 2000 revolutiones

2506 2033 2672 2096 lunae
2715 2034 2778 2096 in
2825 2035 3083 2117 proprio
3125 2036 3298 2109 orbe,
3332 2055 3523 2117 quam
3567 2034 3719 2098 solis
3771 2036 3834 2097 in
3881 2036 3999 2097 cir-

2506 2132 2651 2195 culo
2681 2151 2814 2196 suo.
2851 2133 3102 2209 Quart0‚
3136 2135 3487 2197 secundum
3519 2134 3994 2216 Philosophum,

2506 2230 2761 2294 infinito
2805 2232 3028 2313 nequit
3069 2232 3211 2293 fieri
3256 2232 3512 2294 additio.
3557 2232 3620 2295 Si
3663 2239 3876 2294 autem
3919 2232 3999 2293 ab

2504 2338 2739 2392 aeterno
2776 2330 2900 2391 fuit
2933 2330 3167 2393 coelum
3206 2338 3268 2393 et
3307 2330 3636 2393 circulatio
3673 2330 3837 2412 ejuS,
3867 2330 3996 2410 jam

2506 2427 2791 2509 quotidie
2858 2429 3195 2491 adderetur
3262 2427 3518 2490 infinito
3587 2428 3788 2491 motui
3855 2427 3996 2490 coeli

2505 2528 2823 2608 praeterito
2867 2527 3196 2590 circulatio
3241 2546 3386 2601 una,
3431 2527 3703 2591 infinitae
3745 2545 3997 2610 quoque

2507 2624 2903 2688 multitudini
2960 2626 3319 2688 animarum
3370 2626 3601 2689 animae
3649 2626 3887 2699 multae,
3935 2633 4000 2687 et

2506 2742 2654 2787 saxo
2705 2724 3019 2787 immenso
3071 2725 3229 2807 lapis
3271 2725 3384 2807 qui
3430 2724 3712 2807 quotidie
3761 2744 4000 2787 creare-

2505 2829 2627 2883 tur.
2662 2822 2912 2896 Quinto‚
2947 2831 3320 2905 sequeretur
3350 2832 3593 2905 partem
3624 2842 3764 2885 esse
3791 2842 3997 2906 aequa·

2508 2920 2632 2983 lem
2663 2939 2779 2983 suo
2813 2922 2943 2983 toti.
2979 2922 3186 2995 Quum
3217 2921 3388 2983 enim
3429 2920 3685 2984 infinito
3715 2940 3844 2983 non
3884 2921 3998 2984 fiat

898 3029 989 3084 tot
1048 3021 1427 3083 centenariis
1485 3038 1797 3083 annorum
1858 3020 2118 3102 phoenix
2180 3020 2394 3082 vivere
2432 3016 2474 3080 C
2503 3020 2742 3082 additio
2774 3038 2890 3081 nec
2924 3039 3121 3082 unum
3165 3020 3372 3100 majus
3411 3020 3493 3081 sit
3519 3020 3738 3093 altero,
3769 3029 3834 3083 et
3863 3021 3996 3082 dies

896 3128 1231 3183 asseratur.
1268 3119 1370 3182 Sol
1402 3137 1655 3201 quoque
1686 3118 1883 3181 semel
1925 3119 1989 3180 in
2029 3136 2197 3181 anno
2228 3136 2396 3181 com-

898 3220 1027 3302 plet
1074 3219 1533 3282 revolutionem
1582 3237 1761 3281 suam
1809 3218 1875 3279 in
1920 3218 2178 3299 proprio
2216 3217 2390 3289 orbe,

896 3326 959 3380 et
1006 3316 1172 3379 infra
1218 3318 1415 3379 vitam
1476 3316 1667 3377 unius
1720 3314 2034 3397 phoenicis
2086 3322 2176 3376 tot
2225 3313 2394 3376 fiunt

895 3417 1280 3497 quotidianae
1314 3415 1739 3479 revolutiones
1780 3414 2085 3477 coelorum
2122 3432 2137 3476 :
2172 3414 2391 3496 sicque

896 3514 1221 3596 proportio
1266 3514 1746 3595 generationum
1796 3512 2111 3594 phoenicis
2160 3512 2282 3573 erit
2325 3512 2390 3573 in

894 3613 1166 3675 distante
1196 3612 1377 3675 valde
1412 3612 1817 3695 proportione
1847 3611 1925 3673 ad
1964 3610 2390 3673 revolutiones

896 3711 1205 3785 coelesteS‚
1242 3719 1305 3773 et
1345 3711 1525 3793 quasi
1574 3710 1821 3773 modica
1864 3728 2007 3792 pars
2051 3709 2328 3771 illorum.

974 3910 1298 3987 Praeterea,
1332 3910 1498 3973 sicut
1531 3909 1829 3971 dominus
1868 3907 2087 3969 Petrus
2127 3906 2206 3968 de
2237 3906 2391 3969 Can-

894 4010 999 4073 dia
1044 4018 1107 4071 et
1154 4010 1265 4071 alii
1316 4008 1577 4091 quidam
1639 4006 2072 4078 conscribunt,
2124 4004 2388 4086 quidam

893 4108 1221 4172 christiani
1265 4108 1628 4191 philosophi
1670 4106 1954 4168 volentes
1984 4103 2388 4167 Aristotelem

2505 3120 2587 3180 sit
2619 3139 2761 3201 pars
2795 3119 3054 3193 mensiS,
3079 3118 3317 3182 mensis
3347 3137 3600 3201 quoque
3633 3137 3778 3201 pars
3807 3120 3994 3199 anni3

2504 3216 2794 3297 sequitur
2836 3216 3005 3298 quod
3049 3224 3220 3279 tanta
3263 3216 3343 3278 sit
3387 3216 3704 3298 quantitas
3746 3218 3996 3279 dierum

2506 3321 2574 3375 ut
2606 3315 2946 3388 mensium,
2970 3322 3034 3376 et
3065 3314 3382 3376 mensium
3413 3322 3480 3375 ut
3510 3332 3840 3377 annorum.
3865 3315 3998 3377 lmo

2503 3432 2704 3494 quum
2765 3412 3094 3474 infinitum
3154 3430 3280 3475 non
3329 3420 3573 3475 constet
3627 3432 3706 3475 ex
3765 3412 3994 3486 finitis,

2502 3519 2750 3594 oportet
2788 3511 3142 3593 quamlibet
3179 3512 3320 3594 ejus
3366 3520 3609 3594 partem
3649 3512 3998 3575 consistere

2503 3610 2848 3685 infinitam,
2881 3619 2945 3673 et
2984 3630 3097 3693 per
3131 3629 3525 3693 consequens
3565 3611 3622 3673 ei
3661 3612 3992 3693 aequalem.

2503 3744 2580 3754 -—
2610 3709 2681 3771 ln
2712 3710 2876 3772 libro
2907 3710 3058 3771 item
3090 3710 3168 3771 de
3198 3710 3392 3772 Morte
3421 3719 3485 3773 et
3515 3728 3725 3792 pomo,
3757 3710 3996 3773 Aristo-

2500 3807 2656 3869 teles
2707 3807 2907 3870 fertur
2947 3808 3207 3881 dixisse,
3250 3808 3420 3890 quod
3470 3808 3634 3870 Deus
3684 3808 3998 3890 sapientia

2501 3925 2614 3967 sua
2644 3906 2927 3969 condidit
2957 3907 3260 3969 saeculum
3289 3922 3307 3986 3
3337 3915 3524 3988 atque
3564 3907 3846 3969 secundo
3875 3907 3996 3969 Me-

2500 4012 2842 4078 teororum,
2876 4005 3044 4087 quod
3087 4024 3259 4066 mare
3289 4003 3528 4067 facturn
3559 4012 3654 4067 est
3684 4005 3761 4067 de
3792 4022 3994 4083 nov03

2498 4110 2561 4164 et
2599 4102 2776 4177 alibi,
2810 4103 2980 4185 quod
3021 4103 3213 4166 homo
3252 4109 3348 4165 est
3386 4102 3564 4185 prius
3606 4103 3887 4182 semine3
3930 4104 3994 4165 in

891 4208 1101 4271 facere
1131 4208 1518 4287 theologum,
1551 4212 1842 4268 asserunt
1874 4222 2021 4265 eum
2058 4221 2386 4284 nunquam
2420 4205 2470 4268 D
2501 4200 2665 4263 libro
2705 4202 2896 4263 etiam
2939 4202 3017 4263 de
3059 4200 3330 4263 Secretis
3379 4209 3790 4275 secretorum,
3825 4202 3996 4283 quod

891 4308 1165 4369 sensisse
1215 4305 1525 4368 mundum
1573 4304 1651 4366 ab
1698 4312 1936 4366 aeterno
1993 4301 2211 4363 fuisse.
2265 4299 2392 4362 Pri-

892 4424 1019 4479 m0,
1061 4406 1213 4487 quia
1260 4422 1661 4485 nequaquam
1704 4402 1959 4463 videtur
2006 4399 2383 4481 putandum,

836 4564 845 4571 .
890 4505 1062 4586 quod
1109 4510 1319 4565 tantus
1370 4500 1785 4582 philosophus
1844 4498 2038 4560 fuerit
2088 4496 2210 4559 sibi
2263 4497 2382 4579 ipsi

891 4604 1244 4666 contrarius
1279 4620 1292 4663 :
1327 4600 1498 4683 quod
1541 4606 1750 4660 tamen
1794 4604 2043 4679 oportet
2087 4598 2389 4659 concede-

890 4722 978 4777 re,
1030 4701 1083 4763 si
1131 4701 1377 4762 dicatur
1436 4697 1710 4761 sensisse
1760 4696 1929 4778 quod
1979 4696 2257 4758 mundus
2305 4694 2385 4757 ab

887 4809 1122 4863 aeterno
1171 4806 1417 4861 creatus
1466 4798 1567 4858 sit.
1621 4794 1949 4878 Siquidem
2002 4794 2067 4855 in
2116 4794 2386 4856 diversis

889 4898 1045 4961 locis
1087 4898 1287 4959 multa
1328 4896 1575 4959 locutus
1618 4901 1817 4956 estex
1851 4892 2088 4975 quibus
2130 4892 2389 4954 demon-

886 5004 1123 5059 stratur
1156 4995 1541 5077 oppositum.
1578 4992 1789 5054 Tertio
1828 4992 2068 5073 quippe
2099 4990 2389 5073 Physico-

888 5116 1031 5159 rum
1062 5092 1362 5157 disseruit
1396 5111 1410 5155 :
1444 5090 1849 5174 Impossibile
1879 5098 1974 5152 est
2006 5088 2262 5151 infinita
2291 5107 2386 5150 es-

886 5216 955 5259 se
998 5192 1396 5277 pertransita.
1442 5191 1504 5253 Si
1554 5199 1770 5253 autem
1820 5188 2097 5251 mundus
2146 5187 2388 5250 exstitit

886 5294 966 5357 ab
996 5301 1255 5366 aeterno,
1288 5288 1527 5353 infiniti
1564 5289 1699 5370 jam
1735 5287 1893 5362 dies,
1930 5285 2169 5347 infiniti
2209 5286 2386 5361 anni,

2502 4300 2666 4361 Deus
2726 4308 2954 4362 cuncta
3011 4299 3164 4361 fecit
3211 4319 3287 4361 ex
3345 4299 3564 4363 nihilo.
3619 4300 3708 4362 Ex
3757 4299 3994 4382 quibus

2502 4398 2681 4479 sequi
2734 4398 3004 4471 videtur,
3057 4398 3224 4480 quod
3287 4399 3561 4460 mundus
3621 4397 3860 4480 incepit
3916 4399 3994 4460 de

2502 4513 2688 4571 nom,
2731 4504 2794 4558 et
2837 4496 3004 4577 quod
3056 4496 3191 4577 ipse
3241 4496 3360 4558 hoc
3411 4495 3626 4558 sensit.
3669 4497 3813 4559 Haec
3864 4497 3989 4559 ille.

2580 4694 2900 4756 Postremo
2930 4693 3152 4755 Scotus
3191 4692 3415 4754 harum
3447 4692 3822 4775 opinionum
3867 4711 3997 4755 mo—

2501 4792 2630 4854 tiva
2677 4792 3015 4873 diligenter
3063 4800 3126 4853 et
3172 4791 3325 4853 satis
3374 4791 3616 4873 prolixe
3666 4793 3992 4875 prosequi-

2501 4898 2624 4963 tur,
2658 4908 3024 4972 quanquam
3068 4909 3141 4952 ea
3185 4909 3326 4971 quae
3371 4890 3642 4971 probant
3681 4891 3992 4953 mundum

2501 5007 2626 5052 non
2679 4988 2961 5070 potuisse
3005 4987 3147 5049 fieri
3197 4988 3276 5049 ab
3326 4996 3584 5063 aeterno,
3633 4989 3994 5071 specialiter

2499 5087 2818 5150 adscribat
2847 5087 3138 5161 Henrico,
3171 5106 3364 5170 quem
3407 5106 3536 5170 prae
3565 5088 3793 5150 ceteris
3829 5088 3992 5150 inse-

2501 5185 2612 5268 qui
2657 5185 2836 5259 solet‚
2872 5204 3072 5267 quum
3113 5192 3320 5247 tamen
3366 5205 3403 5248 a
3445 5186 3825 5259 senioribuS,
3863 5186 3994 5249 imo

2504 5303 2619 5368 per
2664 5283 2840 5346 mille
2886 5302 3086 5346 annos
3134 5292 3280 5345 ante
3324 5284 3692 5360 Henricum‚
3726 5302 3854 5348 non
3895 5304 3994 5349 so-
