4334 6242
876 460 997 526 234

1544 483 1608 531 IN
1648 485 1870 532 mamm
1911 484 1955 531 11
1998 484 2478 531 SENTENTIARUB.
2524 501 2606 512 —-
2645 485 2797 530 DIS'I'.
2845 483 2952 548 1113
2995 485 3218 541 QUAEST.
3264 485 3333 532 111

882 652 1250 734 hujusmodi
1302 654 1801 724 substantiarum
1852 655 2038 718 altior
2084 656 2316 737 gradus
2360 674 2374 717 ε
2408 653 2459 716 A
2489 654 2729 716 tudinis
2761 654 3127 735 angelorum
3159 663 3254 718 est
3278 651 3531 738 duplex.
3547 656 3680 719 Una
3707 663 3805 719 est
3834 658 3976 720 mul-

882 771 1023 833 quae
1064 753 1184 814 etsi
1222 771 1349 816 non
1392 754 1693 816 uniantur
1732 754 2107 835 corporibus
2145 761 2216 814 ut
2253 752 2377 816 sor-

881 869 1022 924 mae,
1055 859 1204 913 sunt
1246 861 1458 914 tamen
1503 852 1745 934 proprii
1793 870 2133 934 corporum
2180 853 2380 914 deter-

882 949 1267 1011 minatorum
1310 958 1602 1013 motoreS.
1637 951 1943 1014 Similiter
1972 959 2199 1013 natura
2234 951 2380 1012 sub·

880 1049 1126 1112 stantiae
1155 1049 1601 1112 intellectualis
1631 1068 1754 1112 non
1786 1051 2099 1132 dependet
2122 1050 2203 1113 ab
2231 1057 2378 1112 actu

883 1147 1201 1222 movendi,
1244 1168 1442 1230 quum
1496 1167 1749 1211 movere
1798 1149 1879 1211 sit
1928 1157 2107 1210 actus
2158 1167 2376 1213 conse-

882 1267 1083 1329 quens
1130 1249 1209 1310 ad
1257 1247 1679 1330 principalem
1723 1266 1943 1311 eorum
1989 1256 2226 1322 actum,
2265 1249 2376 1330 qui

880 1353 975 1408 est
1018 1346 1373 1428 intelligere
1417 1367 1430 1411 :
1474 1348 1595 1410 erit
1640 1366 1788 1428 ergo
1830 1355 1894 1410 et
1936 1348 2143 1409 adhuc
2191 1347 2379 1409 altior

878 1444 1110 1524 gradus
1142 1443 1671 1506 intellectualium
1706 1443 2206 1507 substantiarum
2239 1464 2378 1528 quae

880 1560 1009 1605 non
1051 1550 1200 1605 sunt
1242 1543 1494 1606 orbium
1541 1552 1836 1618 motoreS‚
1870 1545 1979 1606 sed
2026 1543 2378 1607 motoribus

880 1642 1257 1723 superiores.
1302 1645 1445 1706 Haec
1488 1643 1597 1706 ibi.
1642 1644 1835 1706 Multa
1876 1661 2130 1725 quoque
2175 1643 2380 1706 consi-

881 1740 1059 1802 milia
1098 1741 1346 1804 inducit
1377 1742 1466 1805 ibi
1506 1743 1742 1805 motiva
1779 1743 1857 1804 ad
1900 1740 2067 1804 idem
2109 1741 2377 1824 proban-

880 1839 1054 1900 dum.
1100 1875 1179 1884 —-
1224 1841 1572 1903 Concordat
1613 1842 1850 1904 Petrus.

960 1937 1265 2011 Quocirca
1308 1939 1541 2001 mirum
1573 1939 1844 2015 videtur,
1879 1939 2047 2021 quod
2078 1937 2380 2000 Aristote-

880 2038 971 2099 les
1002 2037 1232 2099 dixerit
1265 2055 1388 2100 non
1420 2057 1559 2100 esse
1589 2038 1835 2119 aliquos
1878 2045 2086 2100 motus
2118 2038 2181 2100 in
2216 2037 2378 2100 coelo

879 2137 989 2218 qui
1038 2155 1075 2198 a
1121 2136 1307 2199 nobis
1355 2137 1743 2218 deprehendi
1807 2155 1931 2199 non
1982 2134 2250 2218 possint,
2301 2155 2376 2198 eo

878 2235 1048 2317 quod
1102 2235 1311 2297 omnis
1371 2241 1579 2298 motus
1640 2234 1915 2297 coelestis
1974 2234 2057 2296 sit
2116 2241 2378 2316 propter

878 2340 1123 2396 motum
1152 2333 1425 2414 alicujus
1457 2333 1655 2396 stellae
1682 2332 2021 2395 sensibilis.
2039 2332 2176 2395 Non
2207 2332 2376 2394 enim

873 2449 1096 2494 omnes
1138 2431 1336 2493 stellae
1380 2431 1565 2493 nobis
1607 2437 1917 2512 apparent
1957 2430 2273 2492 distincte.

954 2530 1241 2612 insuper,
1259 2529 1533 2611 qualiter
1562 2547 1868 2592 numerus
1898 2529 1979 2590 sit
2010 2529 2076 2590 in
2105 2529 2370 2610 angelis,

870 2629 1211 2691 ostendens
1242 2627 1590 2690 Richardus
1616 2647 1629 2689 ε
1660 2628 1977 2701 Quaedam,
2013 2627 2244 2708 inquit,
2278 2634 2374 2688 est

872 2727 1082 2790 unitas
1140 2725 1597 2801 substantialis,
1654 2726 1957 2808 quoniam
2018 2725 2372 2788 substantia

872 2833 969 2889 est
1010 2845 1135 2888 una
1174 2843 1442 2888 numero
1480 2844 1594 2906 per
1624 2826 1966 2887 essentiam
2008 2844 2210 2898 suam,
2243 2843 2370 2886 non

873 2943 987 3006 per
1030 2924 1419 2986 accidentale
1470 2924 1620 3005 quid
1670 2923 1957 2985 additum
1992 2942 2007 2986 τ
2042 2923 2193 3004 quia
2237 2923 2370 2986 haec

2486 753 2791 834 tiplicitas
2835 753 3174 816 ministerii
3214 755 3292 817 ad
3335 754 3750 836 indigentiam
3790 756 3976 819 homi-

2486 852 2587 914 nis
2637 852 2931 926 ordinati,
2983 853 3153 934 quod
3202 853 3280 915 sit
3326 871 3455 915 non
3503 853 3568 916 in
3619 853 3813 916 rebus
3859 873 3979 918 uno

2487 948 2816 1014 aut'certo
2873 970 3141 1014 numero
3199 953 3700 1034 comprehensiS,
3751 955 3860 1015 sed
3916 955 3974 1016 in

2486 1050 2786 1112 omnibus
2818 1051 3011 1132 hujus
3044 1052 3266 1113 mundi
3297 1052 3624 1126 creaturis,
3641 1071 3718 1114 ex
3750 1053 3977 1134 quibus

2487 1148 2749 1223 erudiri,
2775 1151 3026 1231 corrigi,
3061 1158 3169 1212 aut
3196 1151 3404 1232 juvari
3437 1151 3851 1232 corporaliter
3875 1159 3977 1213 aut

2487 1247 2904 1328 spiritualiter
2948 1257 3172 1330 potest.
3207 1249 3344 1312 Alia
3385 1257 3502 1322 est,
3536 1250 3838 1331 quoniam
3875 1249 3979 1312 bo-

2489 1346 2705 1408 nitatis
2744 1365 2818 1409 ac
2859 1347 3256 1410 liberalitatis
3287 1348 3520 1412 divina}
3549 1356 3666 1423 est,
3700 1366 3828 1411 non
3855 1357 3979 1410 tan-

2487 1453 2624 1507 tum
2686 1463 2814 1508 uno
2876 1447 3062 1508 modo
3117 1455 3226 1518 aut
3274 1447 3496 1528 paucis
3556 1447 3760 1509 modis
3819 1465 3980 1510 com·

2490 1544 2882 1624 prehensove
2935 1563 3202 1609 numero
3251 1546 3724 1609 communicare
3775 1545 3976 1609 lucem

2489 1660 2561 1703 ac
2606 1642 3066 1706 beatitudinem
3110 1664 3292 1707 suam
3341 1645 3406 1706 in
3451 1645 3876 1726 theophaniis,
3920 1645 3978 1707 id

2487 1748 2582 1802 est
2637 1742 3146 1824 apparitionibus
3207 1762 3318 1806 seu
3381 1742 3977 1817 illuminationibuS,

2405 1841 2452 1902 B
2487 1839 3020 1902 descendentibus
3069 1841 3150 1902 ab
3203 1841 3362 1924 ips0,
3411 1841 3521 1903 sed
3571 1841 3746 1904 omni
3797 1843 3982 1904 modo

2487 1938 2564 1998 ad
2596 1939 2772 2020 regni
2804 1947 3097 2002 ornatum
3129 1940 3828 2023 pertinente,omnique
3862 1960 3982 2004 mo-

2487 2037 2568 2098 do
2597 2038 2926 2118 potestatis
2957 2038 3276 2119 perfectae,
3312 2047 3375 2101 et
3405 2039 3580 2101 omni
3618 2040 3808 2102 modo
3837 2058 3979 2122 ope-

2485 2135 2748 2197 rationis
2805 2136 3160 2217 completae‚
3213 2144 3282 2198 ut
3331 2136 3588 2199 divinus
3644 2137 3979 2220 Dionysius

2485 2234 2658 2296 dicit.
2675 2235 2820 2297 Ideo
2852 2235 3142 2297 infinitos
3175 2235 3380 2317 quoad
3411 2254 3526 2298 nos
3555 2234 3815 2317 angelos
3845 2255 3982 2298 con-

2483 2332 2665 2407 didit,
2699 2342 3012 2415 quatenus
3042 2335 3252 2396 omnis
3292 2335 3520 2397 modus
3550 2335 3980 2398 communica-

2483 2431 2675 2493 tionis
2721 2431 3264 2494 illuminationum
3315 2432 3380 2494 in
3423 2432 3670 2514 angelis
3717 2433 3980 2496 manite-

2483 2538 2700 2592 stetur.
2755 2531 2928 2603 Quod
2990 2529 3262 2593 intendit
3315 2532 3626 2614 Propheta
3681 2532 3974 2606 dicendO,

2481 2628 2676 2691 Millia
2725 2628 3000 2690 millium
3050 2629 3497 2692 ministrabant
3537 2630 3596 2692 ei
3641 2649 3655 2694 ε
3701 2649 3815 2712 per
3858 2631 3976 2694 hoc
4003 2653 4254 2702 omnm.

2482 2727 2756 2789 innuens
2793 2721 3129 2789 ministerii
3170 2727 3747 2810 multiplicitatem,
3786 2737 3978 2811 atque

2479 2826 2790 2899 addendo,
2825 2825 2900 2887 Et
2938 2824 3148 2887 decies
3193 2825 3426 2887 millies
3467 2834 3734 2889 centena
3775 2827 3978 2890 millia

2479 2923 2868 2985 adsistebant
2916 2923 2974 2984 ei
3028 2939 3042 2984 t
3095 2941 3208 3004 per
3255 2922 3375 2985 hoc
3425 2923 3698 2986 innuens
3757 2945 3978 3006 super-

870 3023 1082 3086 unitas
1129 3041 1257 3086 non
1306 3022 1672 3104 superaddit
1728 3022 1853 3084 nisi
1905 3021 2444 3094 indivisibilita·C
2479 3021 2856 3084 effluentem
2902 3041 3034 3084 suae
3083 3020 3578 3102 magnificentiae
3627 3021 3976 3086 bonitatem

871 3131 1023 3198 tem,
1058 3143 1199 3205 quae
1230 3140 1357 3186 non
1398 3122 1553 3184 dicit
1580 3121 1822 3204 aliquid
1865 3120 2232 3204 positivum.
2268 3122 2372 3184 Sic

868 3230 933 3286 et
962 3223 1235 3305 qualitas
1276 3241 1402 3284 una
1432 3229 1526 3284 est
1560 3239 1827 3283 numero
1866 3220 2218 3282 formaliter
2257 3240 2372 3302 per

870 3342 1051 3384 suam
1081 3321 1444 3394 essentiam,
1478 3319 1925 3402 quantitasque
1957 3318 2275 3393 similiter,
2310 3326 2372 3381 et

871 3424 959 3485 ita
1010 3422 1086 3483 de
1138 3420 1300 3483 aliis.
1352 3421 1558 3493 Quum
1611 3437 1761 3500 ergo
1811 3428 1938 3481 tam
1986 3438 2063 3481 ex
2118 3419 2372 3481 unitati-

872 3521 991 3583 bus
1050 3517 1577 3582 substantialibus
1634 3537 1827 3599 quam
1880 3536 1957 3578 ex
2018 3517 2369 3580 unitatibus

872 3639 1013 3700 quae
1045 3623 1193 3680 sunt
1222 3615 1541 3698 quantitas
1569 3625 1633 3678 et
1662 3615 1955 3696 qualitaS,
1992 3615 2191 3697 possit
2223 3633 2369 3677 con-

870 3715 1047 3777 stitui
1110 3703 1473 3787 multitudo,
1525 3719 1588 3774 et
1635 3711 1845 3774 omnis
1896 3711 2238 3774 multitudo
2289 3712 2371 3773 sit

870 3831 1213 3892 numerus3
1255 3811 1544 3894 sequitur
1584 3812 1753 3893 quod
1797 3829 2102 3872 numerus
2141 3810 2370 3872 circuit

868 3929 1057 3975 omne
1090 3910 1649 3993 praedicamentum
1680 3909 2205 3991 quemadmodum
2240 3909 2372 3971 uni-

870 4019 983 4072 taS.
1018 4010 1352 4090 Quumque
1384 4008 1449 4071 in
1479 4009 1721 4089 angelis
1757 4009 1885 4070 sint
1916 4007 2192 4070 unitates
2225 4009 2370 4070 sub-

870 4108 1217 4182 stantialeS,
1241 4127 1383 4189 quae
1413 4115 1563 4168 sunt
1592 4125 1809 4168 eorum
1847 4105 2219 4168 substantia>-
2249 4106 2368 4168 sub

2480 3121 2546 3183 in
2589 3119 2861 3182 infinitis
2900 3119 3106 3201 quoad
3148 3137 3262 3182 nos
3301 3119 3508 3183 modis
3552 3120 3980 3203 participatio-

2481 3218 2580 3280 nis
2611 3217 3098 3279 illuminationis
3127 3237 3201 3280 ac
3231 3217 3644 3280 beatitudinis
3673 3238 3822 3282 suae.
3860 3221 3976 3294 Qui

2479 3317 2556 3380 ad
2587 3317 2837 3379 nullum
2874 3336 3213 3379 numerum
3258 3317 3682 3380 materialium
3712 3327 3776 3380 et
3804 3321 3978 3401 apud

2479 3435 2593 3479 nos
2639 3423 3028 3478 coarctatum
3077 3416 3276 3497 redigi
3323 3423 3567 3498 queunt
3609 3437 3622 3480 :
3665 3417 3758 3479 sic
3803 3438 3983 3480 nam-

2479 3533 2603 3597 que
2634 3514 3013 3576 limitaretur
3042 3521 3105 3576 et
3136 3520 3561 3577 coarctaretur
3598 3516 3983 3597 superefflu-

2477 3633 2590 3676 ens
2624 3613 2848 3675 modus
2879 3612 3383 3694 participationis
3415 3613 3715 3676 bonitatis
3749 3614 3977 3696 ipsiuS.

2478 3712 2622 3775 Ideo
2670 3711 2980 3792 scriptum
3029 3719 3125 3774 est
3174 3711 3237 3772 in
3286 3711 3403 3774 Job
3449 3731 3464 3775 τ
3510 3712 3835 3794 Numquid
3881 3723 3984 3776 est
4007 3733 4244 3775 Jobmat

2478 3829 2784 3873 numerus
2826 3811 3106 3872 militum
3139 3811 3326 3891 ejus?
3355 3818 3473 3873 etc.
3507 3847 3588 3857 --
3615 3811 3724 3874 Ηίε
3765 3813 3980 3876 causis

2478 3909 2726 3970 duabus
2785 3908 2986 3990 aliqui
3045 3909 3297 3971 tertiam
3358 3910 3618 3984 addunt,
3681 3930 3824 3992 quae
3881 3920 3984 3974 est

2478 4007 2659 4090 quasi
2705 4007 2914 4069 civilis
2949 4025 2963 4068 ε
2998 4007 3302 4079 ᾱίθθηῐθε,
3338 4009 3506 4090 quod
3551 4008 3717 4071 sicut
3758 4010 3822 4071 in
3867 4010 3986 4072 hu-

2481 4106 2687 4168 manis
2736 4107 2813 4167 de
2864 4105 3344 4186 magnificentia
3391 4115 3489 4168 est
3536 4107 3754 4188 regali,
3806 4109 3980 4190 quod

869 4206 1110 4270 ratione
1171 4205 1723 4279 indivisibilitatiS,
1778 4213 2023 4268 constat
2071 4205 2240 4287 quod
2302 4205 2366 4267 in
2399 4214 2449 4276 D
2480 4203 2979 4267 innumerabiles
3024 4204 3252 4266 habeat
3295 4205 3619 4268 ministros
3659 4207 3741 4268 ad
3785 4207 3984 4270 curiae

868 4305 961 4367 eis
992 4305 1075 4366 sit
1105 4323 1409 4365 numerus
1438 4304 1549 4385 qui
1588 4322 1781 4384 super
1811 4321 2031 4366 eorum
2074 4303 2368 4366 substan·

867 4404 1022 4465 tiam
1072 4419 1201 4464 non
1248 4402 1422 4464 addit
1470 4401 1623 4482 quid
1676 4401 2021 4483 positivum
2066 4419 2081 4463 ε
2128 4402 2367 4464 idcirco

872 4500 1196 4564 reducitur
1234 4501 1312 4562 ad
1351 4519 1552 4581 genus
1594 4500 1983 4562 substantiae.
2020 4500 2370 4564 Consormi-

870 4610 967 4663 ter
994 4599 1185 4662 estin
1223 4598 1315 4661 eis
1356 4618 1660 4661 numerus
1700 4599 1809 4680 qui
1850 4599 2259 4661 constituitur
2289 4619 2366 4661 ex

869 4698 1224 4763 unitatibus
1254 4717 1395 4780 quae
1424 4706 1570 4760 sunt
1603 4698 1961 4779 qualita‘teS,
1995 4717 2111 4760 nec
2152 4718 2368 4780 super-

869 4799 1044 4861 addit
1072 4797 1165 4860 eis
1196 4796 1321 4858 nisi
1351 4796 1660 4858 rationem
1693 4796 2223 4859 indivisibilitatis
2255 4815 2368 4859 seu

872 4895 1262 4977 negationis3
1311 4895 1421 4956 sed
1482 4913 1609 4956 non
1658 4902 1753 4957 est
1803 4895 1867 4956 in
1917 4895 2009 4956 eis
2060 4915 2366 4958 numerus

870 4993 1251 5058 constitutus
1296 5010 1374 5054 ex
1418 4992 1767 5054 unitatibus
1811 5013 1951 5074 quae
2001 4993 2129 5055 sint
2170 5013 2366 5075 quan-

869 5094 1079 5156 titates
1124 5090 1635 5154 dimensionales.
1671 5091 1813 5154 Haec
1855 5091 2225 5154 Richardus.

959 5193 1264 5254 Praeterea
1320 5190 1399 5252 de
1465 5189 1892 5252 inaestimabili
1959 5189 2367 5253 multitudine

874 5291 1242 5371 angelorum
1282 5289 1506 5351 scribit
1539 5287 1834 5351 Albertus
1869 5308 1882 5352 :
1917 5289 2117 5351 Causa
2156 5289 2368 5351 multi-

2474 4305 2703 4384 regalis
2751 4303 3179 4385 frequentiam
3228 4305 3640 4385 pertinenteS,
3685 4305 3982 4368 innume-

2475 4403 2707 4465 rabiles
2749 4418 3002 4484 quoque
3045 4420 3339 4484 proceres
3383 4402 3577 4483 regali
3617 4403 3837 4484 gloriae
3874 4406 3983 4467 ad-

2477 4501 2831 4580 sistentes3
2900 4501 2988 4562 ita
3057 4501 3259 4562 multo
3327 4501 3530 4581 magis
3597 4509 3839 4584 spectat
3901 4503 3982 4566 ad

2478 4599 2873 4681 majestatem
2921 4598 3298 4661 immensam
3345 4599 3530 4679 Regis
3575 4600 3876 4674 coelestis,
3910 4609 3982 4663 ut

2477 4697 2976 4761 innumerabiles
3016 4697 3252 4760 milites
3285 4699 3344 4759 ei
3379 4698 3761 4773 ministrent,
3797 4699 3984 4762 innu-

2477 4797 2816 4859 merabiles
2864 4814 3118 4878 quoque
3168 4796 3491 4878 principes
3539 4797 3598 4858 ei
3645 4797 3974 4860 adsistant.

2475 4896 2650 4969 Quod
2711 4895 3069 4957 insinuatur
3127 4895 3314 4958 tertio
3369 4895 3632 4976 Regum,
3696 4895 3806 4958 ubi
3865 4898 3978 4959 Mi-

2477 4994 2681 5056 chaeas
2711 4993 2800 5054 ait
2830 4993 3139 5075 propheta
3163 5013 3176 5056 ε
3201 4993 3346 5056 Vidi
3378 4994 3722 5056 Dominum
3757 4996 3978 5058 seden-

2477 5100 2699 5165 tem,et
2723 5110 2980 5155 omnem
3010 5091 3361 5154 exercitum
3389 5091 3533 5155 coeli
3563 5092 3976 5157 adsistentem
4006 5096 4112 5134 ¹⁸¹¹·

2475 5191 2536 5252 ei
2580 5210 2616 5252 a
2660 5190 2898 5253 dextris
2937 5198 3001 5252 et
3039 5209 3075 5252 a
3117 5190 3413 5252 sinistriS.
3448 5190 3608 5253 Hinc
3645 5191 3808 5254 dixit
3844 5193 3980 5256 Sal-

4047 5019 4106 5062 ΙΙΙ
4139 5021 4238 5075 Rry.

4047 5097 4054 5100 “
4151 5089 4212 5126 19.

4059 5252 4234 5295 March.

2477 5297 2656 5353 vator
2688 5309 2702 5353 :
2736 5289 2830 5351 An
2862 5297 3047 5370 putas
3085 5289 3252 5370 quod
3294 5306 3420 5351 non
3453 5307 3716 5371 possum
3756 5309 3978 5372 rogare
4005 5327 4122 5362 xm,
4157 5319 4218 5357 5³.
