4334 6242
143 1294 262 1337 Emael.
277 1308 344 1344 vu,

125 1362 172 1407 ¹³,
189 1362 262 1400 ete.

122 1490 185 1533 Ιοὸ
197 1504 266 1541 ω,
281 1494 342 1535 15.

121 4821 184 4864 Ρε.
197 4838 283 4873 nv,
299 4832 336 4879 5;

109 4889 219 4942 Apoe.
239 4904 279 4941 u.
295 4895 336 4937 9.

1165 515 1252 563 AN
1292 515 1357 563 m
1398 514 1758 561 DAEHONIBUS
1803 514 1896 561 sn*
1936 513 2094 561 ORDO
2136 512 2335 570 A'erJE
2375 510 2686 559 PRAELATIO

3356 484 3471 551 361

375 708 520 752 sum
568 696 668 752 est
714 691 890 753 velut
938 690 1004 753 in
1063 690 1317 753 simiam
1366 691 1704 773 quamdam
1765 686 1956 751 Ec-A
1984 708 2109 771 que
2166 691 2473 772 quasdam
2532 708 2751 751 earum
2813 688 3097 771 quotidie
3157 686 3355 750 creari
3412 691 3477 749 et

377 787 588 852 clesiae
646 788 1019 863 electorum,
1071 809 1212 872 quae
1261 808 1410 852 vere
1465 796 1562 853 est
1607 807 1875 870 regnum

375 888 508 951 Dei.

455 986 584 1048 Nec
637 986 888 1049 mireris
939 988 1248 1069 malignos
1297 986 1560 1069 spiritus
1611 1005 1689 1049 ex
1742 986 1874 1048 suis

373 1084 809 1147 acerbissimis
877 1085 1266 1147 cruciatibus
1329 1092 1392 1146 et
1450 1084 1781 1147 tormentis
1840 1102 1877 1145 a

375 1181 510 1245 suis
539 1183 1000 1246 ambitionibus
1031 1190 1094 1247 et
1123 1182 1712 1265 impugnationibus
1748 1199 1874 1244 non

373 1282 598 1355 averti,
633 1302 833 1363 quum
875 1283 1037 1345 scias
1076 1283 1460 1345 Pharaonem
1500 1301 1578 1344 ex
1618 1289 1710 1344 tot
1743 1282 1874 1363 pla-

373 1379 472 1461 gis
521 1398 650 1443 non
697 1381 1128 1455 emendatum,
1179 1380 1289 1443 sed
1346 1381 1732 1443 induratum.
1787 1380 1874 1441 De

374 1478 630 1542 diabolo
678 1498 933 1561 quoque
988 1480 1197 1559 legisti
1246 1497 1260 1541 :
1312 1471 1719 1541 In'durabitur
1767 1496 1875 1539 cor

375 1576 516 1658 ejus
556 1577 738 1659 quasi
781 1577 963 1659 lapiS,
997 1585 1061 1640 et
1091 1577 1434 1658 stringetur
1469 1576 1650 1658 quasi
1690 1576 1874 1638 incus

375 1674 783 1737 malleatoris.
845 1675 1391 1748 Quemadmodum
1450 1674 1622 1735 enim
1692 1673 1872 1735 incus

374 1771 761 1835 malleatoris
809 1773 1082 1835 assiduis
1141 1771 1518 1834 malleorum
1567 1770 1874 1833 tunsioni-

1985 787 2231 859 cadere,
2264 787 2483 849 (licens
2517 787 2863 849 bonitatem
2897 786 3008 849 Dei
3041 803 3285 849 cessare
3315 804 3477 847 nun-

1985 905 2178 967 quam
2209 903 2394 967 posse
2422 906 2460 947 a
2489 886 2803 948 creatione
2834 885 3321 947 substantiarum
3353 892 3479 945 tam

1986 983 2320 1047 nobilium.
2357 984 2433 1046 Et
2474 984 2635 1046 dixit
2676 984 2983 1066 quasdam
3028 983 3334 1045 cecidisse
3377 984 3479 1045 vel

1986 1083 2211 1145 cadere
2277 1082 2341 1145 in
2413 1083 2693 1145 diversas
2763 1089 2973 1165 partes
3040 1090 3350 1144 terrarum
3419 1088 3482 1143 et

1985 1201 2296 1264 aquarum
2344 1188 2406 1244 et
2453 1181 2684 1243 deserti
2734 1189 2797 1243 et
2843 1180 3119 1243 fontium
3177 1198 3250 1241 ac
3307 1198 3481 1260 gem-

1986 1299 2235 1343 marum
2266 1288 2455 1362 atque
2485 1278 2848 1353 herbarum,
2872 1286 2938 1341 et
2964 1296 3481 1360 unamquamque

1985 1398 2202 1441 earum
2246 1385 2620 1460 potestatem
2664 1376 2896 1439 habere
2936 1376 3003 1437 in
3043 1375 3233 1437 rebus
3272 1375 3373 1437 his
3413 1376 3478 1437 in

1985 1496 2143 1559 quas
2202 1476 2461 1551 corruit,
2513 1475 2733 1558 sicque
2788 1474 2869 1537 ab
2925 1474 3019 1537 eis
3077 1481 3281 1536 tantas
3340 1492 3479 1536 esse

1983 1576 2252 1638 virtutes
2295 1594 2368 1637 ac
2413 1575 2580 1638 vires
2631 1574 2697 1636 in
2744 1573 3015 1655 gemmis
3058 1581 3119 1634 et
3158 1572 3478 1654 lapidibus

1984 1674 2299 1755 pretiosis,
2362 1674 2537 1747 Quod
2598 1690 2737 1735 esse
2794 1690 2921 1733 non
2985 1677 3213 1753 potest,
3276 1689 3476 1753 quum

1985 1791 2166 1834 casus
2217 1772 2336 1834 ille·
2370 1771 2451 1833 sit
2494 1770 2653 1834 ultio
2696 1770 2899 1851 culpae
2946 1788 3020 1831 ac
3065 1769 3335 1851 poenalis
3378 1787 3477 1831 ca·

373 1870 494 1932 bus
539 1888 669 1933 non
714 1870 1027 1951 frangitur
1065 1889 1186 1933 nec
1224 1870 1530 1944 mollitur,
1564 1871 1720 1952 quin
1765 1887 1871 1951 po-
1907 1870 2253 1936 B'lamitaS.

371 1968 497 2031 tius
528 1968 900 2045 induratur;
941 1968 1032 2030 sic
1063 1969 1486 2049 malignorum
1527 1968 1869 2049 spirituum

370 2068 584 2140 corda,
611 2067 676 2129 id
707 2075 802 2129 est
834 2065 1074 2129 intimae
1103 2066 1484 2139 voluntateS,
1509 2065 1704 2128 nullis
1734 2085 1872 2128 cru-

373 2164 650 2227 ciatibus
697 2164 1136 2237 emolliuntur,
1187 2182 1396 2245 neque
1443 2184 1480 2227 a
1527 2163 1712 2226 malis
1761 2164 1871 2226 ali-

369 2262 610 2344 quibus
639 2268 1030 2325 avertuntur.
1065 2262 1304 2324 Vitium
1344 2281 1622 2345 namque
1657 2281 1873 2345 super-

369 2360 494 2423 biae
549 2362 711 2424 adeo
770 2361 953 2441 longe
1010 2360 1164 2423 facit
1214 2360 1565 2444 superbum
1613 2381 1649 2424 a
1696 2360 1871 2424 fonte

367 2460 614 2540 gratiaes
661 2460 818 2521 adeo
877 2458 1088 2521 inficit
1135 2467 1198 2521 et
1245 2459 1598 2541 corrumpit
1645 2459 1870 2521 intima

369 2556 826 2640 superbientiS,
859 2558 1016 2620 adeo
1052 2564 1324 2619 excaecat
1355 2556 1747 2619 intellectum
1779 2566 1868 2619 at-

369 2675 500 2738 que
556 2656 863 2737 pervertit
918 2653 1222 2717 allectum
1282 2654 1508 2736 ipsiuS,
1562 2662 1634 2715 ut
1687 2654 1868 2736 quasi

369 2753 534 2815 nihil
595 2754 913 2835 relinquat
961 2760 1202 2816 naturae
1258 2752 1455 2826 illius,
1507 2752 1614 2814 sed
1666 2759 1868 2814 totum

369 2851 585 2935 ipsum
617 2851 897 2914 vindicet
927 2850 1074 2925 sibi,
1109 2858 1172 2912 et
1202 2859 1403 2913 totum
1445 2850 1584 2912 sine
1625 2858 1868 2913 contra-

368 2949 648 3012 dictione
692 2948 1030 3031 possideat.

2064 1968 2370 2041 Quocirca
2410 1968 2639 2031 merito
2682 1967 3048 2050 inquiritur,
3081 1986 3159 2029 an
3205 1967 3479 2048 gaudere

1987 2065 2235 2149 possint
2264 2066 2342 2128 de
2375 2065 2549 2128 vitiis
2586 2066 2945 2140 hominum,
2978 2072 3086 2127 aut
3118 2066 3197 2127 de
3231 2064 3478 2128 vitiosis

1981 2165 2355 2229 hominibus
2396 2172 2506 2227 aut
2544 2164 2877 2227 tormentis
2920 2182 3161 2227 eorum.
3196 2163 3273 2226 Et
3310 2163 3480 2225 vide-

1981 2272 2086 2326 tur
2129 2264 2299 2347 quod
2343 2262 2475 2325 imo
2509 2280 2522 2324 :
2558 2262 2707 2344 quia
2745 2261 3105 2324 desiderant
3144 2260 3295 2324 talia
3334 2279 3478 2323 eve-

1983 2363 2142 2437 nire,
2194 2370 2257 2425 et
2306 2362 2559 2445 placent
2607 2361 2699 2423 eis
2748 2361 2901 2422 dum
2949 2360 3151 2440 fiunt3
3203 2359 3478 2441 compla-

1981 2460 2189 2523 centia
2244 2468 2456 2523 autem
2515 2458 2659 2521 talis
2716 2476 2843 2520 non
2900 2457 3073 2519 aliud
3130 2466 3224 2519 est
3284 2476 3475 2539 quam

1980 2558 2335 2621 delectatio.
2371 2558 2546 2632 Quod
2590 2558 2643 2621 si
2685 2557 2770 2619 ita
2810 2564 2925 2630 est,
2960 2563 3146 2618 erunt
3185 2556 3476 2618 innume-

1981 2657 2208 2719 rabilia
2234 2656 2463 2737 gaudia
2492 2658 2875 2731 daemonum,
2901 2673 3098 2737 quum
3133 2662 3223 2717 tot
3252 2662 3315 2717 et
3346 2662 3476 2715 tan-

1978 2765 2043 2818 ta
2085 2756 2245 2818 siant
2293 2755 2575 2837 quotidie
2626 2755 2790 2817 mala
2832 2774 2846 2818 ε
2890 2754 3109 2836 sicque
3158 2753 3474 2815 cruciatus

1981 2855 2341 2917 daemonum
2382 2854 2708 2917 absorberi
2739 2872 2775 2915 a
2805 2861 2897 2915 tot
2934 2851 3180 2933 gaudiis
3216 2852 3349 2932 jam
3380 2852 3474 2913 vi-

1979 2953 2228 3015 dentur.
2267 2988 2348 2998 —
2388 2952 2483 3014 Ad
2533 2951 2703 3033 quod
2752 2950 2916 3024 dicO,
2963 2950 3133 3033 quod
3181 2949 3473 3031 quamvis

446 3048 752 3109 Praeterea
794 3046 1043 3128 opinari
1093 3046 1236 3129 quis
1281 3054 1508 3130 potest,
1543 3045 1710 3108 inter
1751 3047 1870 3109 dae-
1906 3054 1950 3117 C
1981 3051 2165 3133 plura
2208 3058 2357 3113 sunt
2398 3049 2565 3112 mala
2608 3068 2800 3131 quam
2843 3048 3007 3111 bona
3050 3048 3117 3109 in
3156 3047 3288 3109 vita
3330 3048 3469 3121 hac,

365 3161 592 3206 mones
633 3162 772 3206 esse
815 3144 1070 3207 ordines
1114 3146 1461 3208 contrarios
1504 3153 1868 3207 sanctorum

363 3240 699 3305 ordinibus
727 3243 1114 3323 angelorum,
1129 3244 1461 3305 contrariis
1490 3261 1734 3325 quoque
1764 3260 1870 3304 no-

365 3338 656 3401 minibus
689 3340 1130 3415 nominandoS‚
1165 3348 1235 3403 ut
1264 3341 1743 3423 antiseraphim‚
1765 3359 1872 3402 an-

363 3437 779 3512 ticherubim,
836 3438 1185 3501 antithroni
1241 3438 1534 3501 dicantur
1584 3456 1598 3501 :
1650 3439 1868 3520 sicque

363 3534 824 3616 antiseraphim
875 3535 1278 3617 appellentur
1320 3536 1431 3618 qui
1478 3535 1752 3617 graviori
1801 3535 1868 3597 in

367 3633 729 3696 Creatorem
787 3632 934 3695 odio
993 3634 1446 3713 exardescunt3
1504 3633 1867 3696 anticheru-

365 3730 524 3803 bim,
572 3729 684 3812 qui
733 3730 961 3811 maiori
1011 3732 1238 3794 ceteris
1288 3731 1662 3814 praecellunt
1703 3740 1868 3795 astu-

364 3830 490 3907 tia3
532 3828 906 3903 antithroni‚
950 3830 1062 3911 qui
1111 3829 1548 3911 pervertendis
1596 3828 1868 3909 judicio-

363 3946 510 3989 rum
557 3926 828 4001 semitiS,
863 3935 927 3989 et
973 3927 1366 4009 corruptioni
1411 3926 1705 4007 judicum
1753 3946 1865 3988 seu

364 4024 783 4086 tribunalium
835 4043 1240 4106 summopere
1283 4025 1642 4098 intendunt,
1683 4031 1746 4085 et
1790 4023 1867 4085 is-

362 4123 475 4184 tud
505 4122 1105 4205 pestilentissimum
1139 4123 1433 4186 officium
1465 4122 1732 4185 nocendi
1763 4122 1865 4184 vel

1979 3156 2039 3211 et
2080 3149 2296 3231 plures
2337 3147 2540 3229 iniqui
2582 3166 2773 3229 quam
2812 3145 2990 3228 justi,
3024 3145 3225 3208 nihilo
3259 3146 3473 3208 minus

1981 3248 2118 3329 ipsa
2165 3246 2331 3310 bona
2377 3247 2659 3308 virtuosa
2716 3264 2787 3307 ac
2838 3244 3181 3319 meritoria,
3232 3244 3474 3324 majora

1979 3353 2128 3408 sunt
2159 3344 2594 3425 magnitudine
2626 3363 2738 3406 seu
2770 3343 3127 3405 intensione
3157 3342 3475 3424 incompa-

1979 3442 2280 3517 rabiliter,
2305 3450 2492 3524 prout
2524 3441 2589 3503 in
2618 3448 2889 3503 tractatu
2919 3441 2997 3503 de
3025 3439 3381 3502 Virtutibus
3410 3448 3475 3503 et

1980 3540 2269 3602 moribus
2309 3539 2643 3602 declaravi.
2679 3540 3071 3621 Quapropter
3105 3537 3379 3600 intensio
3412 3546 3476 3600 et

1979 3639 2349 3719 magnitudo
2387 3638 2700 3701 bonorum
2741 3655 2867 3700 non
2908 3637 3117 3699 solum
3152 3636 3475 3699 redimunt

1978 3735 2363 3818 paucitatem
2406 3752 2649 3808 eorum,
2682 3742 2745 3797 et
2782 3740 3199 3816 compensant
3238 3733 3476 3815 magni-

1977 3834 2262 3895 tudinem
2310 3832 2911 3914 multitudinemque
2961 3832 3298 3906 malorum,
3346 3831 3476 3894 imo

1975 3931 2165 3993 etiam
2220 3930 2394 3993 illam
2444 3929 3027 4011 incomparabiliter
3069 3937 3370 4011 superant
3412 3936 3476 3991 et

1976 4029 2309 4091 excedunt.
2365 4028 2500 4091 Non
2550 4046 2699 4110 ergo
2753 4046 3011 4090 necesse
3063 4035 3160 4089 est
3207 4036 3278 4089 ut
3323 4046 3473 4109 gau-

1976 4126 2177 4199 dium,
2211 4126 2265 4187 si
2310 4126 2480 4208 quod
2528 4133 2624 4189 est
2675 4125 2968 4207 malignis
3018 4125 3351 4208 spiritibus
3394 4126 3473 4187 de

363 4220 486 4283 sibi
547 4219 706 4303 ipsis
765 4230 1267 4303 assumpserunt,
1319 4221 1421 4283 vel
1482 4240 1518 4283 a
1573 4221 1866 4302 principe
1895 4230 1944 4291 D
1975 4225 2311 4286 hominum
2362 4224 2545 4287 malis
2586 4224 2679 4305 (id
2728 4232 2823 4287 est
2865 4223 3038 4286 vitiis
3086 4231 3148 4286 et
3197 4232 3471 4287 tormen-

367 4319 612 4382 militiae
662 4328 1100 4401 susceperunt.
1144 4321 1246 4383 Sic
1291 4328 1353 4382 et
1396 4320 1867 4382 antidominati-

365 4434 538 4491 oneS‚
578 4418 1004 4491 antivirtute5‚
1041 4420 1538 4500 antipotestates‚
1573 4426 1717 4493 etc.,
1753 4437 1866 4500 per

367 4516 756 4579 contrarium
795 4518 872 4579 ad
914 4526 1162 4580 sanctas
1202 4518 1697 4593 DominationeS‚
1729 4517 1864 4579 Vir-

369 4622 531 4677 tutes
591 4621 656 4676 et
700 4615 1042 4678 Potestates
1101 4624 1481 4696 sumuntur3
1531 4626 1595 4679 et
1650 4618 1736 4679 ita
1787 4617 1864 4679 de

365 4713 506 4777 aliis
552 4713 782 4776 choris.
827 4713 904 4775 Et
947 4714 1066 4776 ista
1108 4722 1203 4777 est
1247 4716 1580 4789 ordinatio,
1613 4717 1715 4778 vel
1759 4735 1866 4797 po-

369 4812 490 4875 tius
541 4811 857 4886 confusio,
903 4813 1189 4877 ecclesiae
1239 4814 1722 4897 malignantium
1767 4838 1865 4901 sy-

369 4930 754 4994 nagogaeque
797 4912 1058 4975 Satanae.

441 5012 625 5075 Nunc
669 5011 1047 5094 patefaciam
1087 5013 1204 5075 tibi
1244 5019 1306 5075 et
1343 5013 1541 5075 alium
1585 5033 1864 5079 errorem

367 5110 818 5173 necromantici
875 5111 1009 5192 jam
1057 5111 1320 5193 prael'ati.
1375 5113 1641 5196 Scripsit
1689 5134 1865 5197 narn-

365 5228 508 5290 que,
559 5217 630 5271 ut
677 5216 917 5271 tactum
966 5220 1082 5283 est,
1131 5212 1465 5274 duodecim
1514 5233 1652 5276 esse
1701 5215 1866 5277 ordi-

366 5327 472 5369 nes
519 5307 983 5371 abstractarum
1035 5309 1570 5391 substantiarum3
1623 5311 1864 5393 posuit-

1976 4323 2106 4403 tis),
2139 4330 2247 4385 aut
2285 4324 2363 4386 de
2404 4322 2545 4385 aliis
2595 4322 2800 4399 maliS,
2842 4322 3175 4385 absorbeat
3224 4323 3471 4386 dolores

1975 4428 2038 4483 et
2082 4421 2399 4483 cruciatus
2444 4438 2686 4495 eorum,
2720 4440 2837 4483 nec
2880 4422 3071 4483 etiam
3117 4429 3188 4483 ut
3227 4422 3473 4503 mitiget

1978 4520 2119 4583 illos
2150 4527 2260 4583 aut
2289 4528 2621 4602 temperet,
2655 4520 2945 4601 quamvis
2978 4521 3255 4582 mundus
3286 4521 3469 4584 dura-

1976 4627 2156 4680 turus
2206 4626 2369 4680 esset
2420 4619 2483 4680 in
2534 4626 2697 4680 statu
2748 4618 2866 4680 hoc
2916 4617 3053 4681 sine
3101 4618 3253 4681 fine.
3297 4620 3472 4683 Licet

1975 4718 2146 4782 enim
2194 4718 2771 4800 multiplicarentur
2807 4717 3143 4780 hominum
3191 4719 3375 4793 mala,
3408 4727 3471 4781 et

1975 4826 2103 4880 tam
2148 4834 2418 4879 numero
2454 4835 2646 4898 quam
2690 4834 2987 4878 mensura
3030 4816 3093 4878 in
3138 4816 3470 4879 inlinitum

1973 4923 2430 4987 excrescerent,
2464 4915 2630 4977 bona
2666 4914 2957 4996 quamvis
2998 4915 3181 4978 malis
3222 4915 3473 4998 paucio-

1975 5036 2061 5085 ra.
2098 5016 2396 5078 similiter
2440 5022 2897 5089 excrescerent,
2939 5023 3000 5077 et
3044 5015 3212 5095 quod
3258 5016 3469 5077 minus

1974 5115 2281 5177 haberent
2332 5114 2393 5175 in
2445 5132 2733 5185 numero,
2785 5131 2917 5183 non,
2961 5113 3168 5175 solum
3217 5114 3471 5195 supple-

1974 5221 2148 5275 retur
2177 5213 2271 5275 eis
2303 5212 2658 5275 intensione
2694 5230 2806 5273 seu
2847 5211 3303 5291 magnitudine,
3337 5212 3471 5273 imo

1977 5311 2159 5393 longe
2206 5309 2829 5395 superabundantius
2878 5309 3468 5391 superabundarent
