4334 6242
1184 527 1378 574 'rrrcu
1421 527 1533 572 sm]
1572 523 1846 572 Rt'nmcAE
1887 523 2047 570 mm
2088 524 2132 570 11
2176 525 2639 571 SENTENTIARUM
3376 502 3456 568 27

443 703 828 768 Dis‘rmcrm
877 702 1158 768 XXVII.
1213 703 1311 766 De
1365 701 1630 781 virtute,
1693 700 1853 782 quid
1882 695 1932 758 A
2050 699 2243 774 Quod
2268 699 2583 781 originale
2606 701 2943 782 peccatum
2966 715 3117 764 vere
3138 697 3265 764 fuit
3281 698 3461 781 quod

339 811 464 890 sit,
510 813 576 874 et
611 810 774 893 quid
810 812 996 874 actus
1031 810 1197 891 ejus,

441 920 546 982 De
591 919 804 1000 gratia
849 935 998 999 quae
1044 916 1279 981 liberat
1325 916 1756 988 voluntatem,
1797 916 1854 978 si

347 1026 574 1089 virtus
621 1027 744 1104 est,
795 1024 902 1088 vel
937 1042 1094 1088 non.

443 1131 798 1204 Quomodo
829 1149 910 1194 ex
933 1130 1144 1212 gratia
1172 1129 1489 1212 incipiant
1521 1129 1693 1192 bona
1721 1145 1858 1192 me-

1963 808 2223 871 transiit
2267 808 2336 870 in
2379 810 2699 890 posteros.

2052 916 2229 989 Quid
2274 916 2363 978 sit
2404 915 2720 996 originale
2765 917 3130 996 peccatum.

2052 1023 2245 1096 Quod
2282 1022 2597 1104 originale
2634 1024 2975 1104 peccatum
3019 1023 3119 1086 est
3154 1022 3368 1104 culpa.

2052 1131 2246 1204 Quod
2298 1130 2613 1211 originale
2668 1133 3009 1212 peccatum
3067 1131 3308 1194 dicitur
3362 1129 3462 1192 fo-

343 1239 508 1316 rita,
550 1240 616 1302 et
670 1239 752 1301 de
806 1256 938 1319 qua
991 1238 1200 1318 gratia
1248 1237 1374 1300 hoc
1427 1236 1851 1316 intelligatur.
1963 1255 2107 1302 mes
2155 1239 2427 1320 peccati,
2470 1239 2537 1300 id
2584 1240 2684 1302 est
2729 1237 3279 1320 concupiscentia.

444 1346 642 1420 Quod
689 1346 860 1409 bona
905 1345 1212 1408 voluntas
1256 1345 1482 1426 gratiae
1531 1344 1858 1425 principa-

347 1454 514 1518 liter
561 1455 682 1518 est.

447 1562 599 1636 Qua
633 1562 886 1625 ratione
917 1561 1158 1624 dicitur
1193 1560 1356 1623 fides
1393 1559 1628 1623 mereri
1653 1557 1857 1638 Justi-

345 1670 758 1734 ficationem.

441 1778 546 1841 De
595 1775 980 1840 muneribus
1020 1775 1365 1854 virtutum,
1411 1777 1477 1838 et
1523 1774 1604 1837 de
1650 1773 1860 1854 gratia

347 1903 508 1968 quae
545 1902 679 1948 non
717 1886 818 1948 est
861 1882 978 1947 sed
1025 1882 1180 1946 facit
1229 1883 1562 1946 meritum.

443 1993 641 2067 Quod
676 1992 855 2056 idem
903 1992 1003 2054 est
1048 2007 1211 2054 usus
1255 1990 1522 2053 virtutis
1561 1990 1627 2053 et
1668 1988 1856 2053 liberi

349 2103 636 2182 arbitrii,
677 2103 794 2166 sed
831 2101 1097 2166 virtutis
1139 2101 1611 2184 principaliter.

439 2212 732 2286 Quidam
797 2212 1032 2291 putant
1089 2209 1368 2274 virtutes
1431 2208 1642 2273 bonos
1695 2226 1858 2272 usus

343 2338 498 2384 esse
535 2318 726 2382 liberi
765 2318 1044 2399 arbitrii,
1077 2318 1146 2381 id
1183 2319 1283 2382 est
1317 2317 1505 2380 actus
1542 2317 1806 2380 mentis.

439 2427 822 2490 Dismcrro
870 2422 1188 2490 XXVIII.
1241 2425 1340 2490 De
1392 2423 1626 2488 haeresi
1670 2423 1861 2487 Pela-

343 2535 572 2617 giana.

439 2641 795 2716 Quomodo
859 2640 1196 2721 Pelagiani
1250 2638 1446 2701 dictis
1501 2637 1858 2719 Augustini

341 2751 632 2814 utuntur
676 2750 746 2812 in
793 2747 1250 2812 testimonium
1296 2745 1402 2808 sui
1448 2745 1708 2809 erroris,

439 2857 796 2933 Quomodo
845 2853 1260 2936 Augustinus
1314 2853 1428 2917 illa
1485 2853 1683 2917 verba
1738 2853 1856 2916 de-

345 2965 665 3032 terminat
711 2965 780 3026 in
827 2961 1451 3026 RetractationibuS.

2054 1345 2230 1419 Quid
2266 1345 2533 1410 nomine
2563 1345 3108 1426 concupiscentiae
3147 1345 3460 1426 intelligi—

1966 1455 2096 1532 tur,
2144 1471 2294 1534 quae
2344 1452 2556 1516 fomes
2600 1455 2703 1516 est
2746 1453 3015 1533 peccati.

2054 1561 2247 1635 Quod
2302 1579 2419 1644 per
2473 1561 2686 1624 Adam
2748 1559 3063 1640 originale
3123 1561 3465 1643 peccatum

1967 1674 2237 1737 intravit
2294 1674 2363 1735 in
2414 1690 2666 1752 omneS,
2722 1672 2790 1735 id
2839 1674 2939 1736 est
2992 1672 3464 1754 concupiscen-

1969 1782 2081 1844 tia.

1893 1881 1940 1942 B
2059 1887 2163 1952 An
2201 1889 2289 1952 sit
2325 1887 2639 1969 originale
2678 1889 3017 1970 peccatum
3056 1886 3125 1950 in
3163 1903 3295 1968 quo
3325 1904 3467 1952 om-

1967 2014 2085 2060 nes
2130 1996 2584 2078 peccaverunt.

2054 2104 2156 2167 Ex
2193 2120 2325 2184 quo
2364 2120 2563 2166 sensu
2608 2102 2855 2166 dictum
2902 2103 3025 2182 est,
3069 2101 3196 2165 Per
3242 2101 3466 2166 inobe-

1966 2211 2285 2275 dientiam
2312 2209 2513 2274 unius
2541 2209 2735 2273 multi
2762 2210 2919 2273 sunt
2948 2209 3288 2273 constituti
3311 2226 3463 2290 pec-

1969 2320 2243 2383 catoreS.

2056 2426 2251 2500 Quod
2320 2424 2635 2506 originale
2708 2423 3050 2504 peccatum
3114 2423 3184 2486 in
3249 2423 3464 2486 Adam

1970 2532 2120 2612 fuit,
2157 2533 2223 2596 et
2258 2533 2328 2594 in
2365 2531 2558 2595 nobis
2603 2532 2724 2595 est.

2055 2639 2403 2713 Quomodo
2471 2657 2700 2702 omnes
2756 2638 3064 2702 dicuntur
3125 2637 3195 2701 in
3250 2637 3465 2701 Adam

1969 2746 2175 2810 fuisse
2208 2746 2469 2826 quando
2506 2745 2822 2827 peccavit,
2864 2745 2930 2808 et
2966 2762 3048 2808 ex
3084 2761 3163 2810 eo
3200 2746 3468 2812 descen-

1968 2854 2166 2918 disse.

2057 2961 2251 3035 Quod
2309 2960 2477 3023 nihil
2543 2960 2985 3024 extrinsecum
3051 2961 3468 3030 convertatur

437 3073 541 3136 De
569 3071 808 3136 haeresi
835 3069 1170 3134 Joviniani
1201 3069 1267 3133 et
1295 3067 1664 3148 Manichaei,
1689 3083 1858 3148 quos
1891 3067 2036 3132 Cin
2097 3070 2455 3132 humanam
2517 3067 2952 3132 substantiam
3018 3085 3167 3150 quae
3224 3070 3325 3133 est
3384 3086 3466 3131 ex

347 3181 611 3246 collidit
648 3179 1122 3258 Hieronymus.

437 3289 821 3352 D1s‘rmc'r10
869 3283 1120 3347 XXIX.
1169 3283 1406 3345 Utrum
1459 3281 1660 3344 homo
1709 3281 1858 3344 ante

345 3394 698 3478 peccatum
736 3389 988 3472 eguerit
1022 3390 1231 3471 gratia
1267 3389 1598 3472 operante,
1640 3389 1706 3452 et
1741 3404 1858 3452 co-

349 3501 693 3584 operante.
1719 3593 1730 3602 .

441 3610 518 3675 Si
557 3609 764 3671 homo
812 3605 963 3669 ante
1007 3605 1270 3687 lapsum
1317 3603 1595 3668 virtutes
1643 3603 1858 3667 hahu-

393 3717 504 3781 rit.

353 3736 390 3782 e
443 3826 547 3889 De
585 3823 905 3905 ejectione
941 3820 1232 3884 hominis
1275 3820 1358 3882 de
1400 3819 1727 3900 paradiso.

445 3932 799 4009 Quomodo
835 3929 1336 4010 intelligendum
1376 3928 1466 3992 sit
1510 3927 1676 3990 illud
1717 3947 1732 3989 ε
1775 3944 1856 3990 ne

351 4041 578 4105 sumat
622 4039 704 4103 de
757 4037 938 4118 ligno
986 4036 1142 4099 vitae
1201 4036 1267 4098 et
1316 4035 1498 4097 vivat
1547 4034 1614 4096 in
1668 4035 1856 4098 aeter-

351 4165 514 4212 Ilum
525 4195 540 4210 .

1969 3176 2207 3240 Adam.

2056 3284 2431 3348 D1s‘rmcr10
2462 3282 2717 3346 XXXI.
2761 3282 3108 3356 Quomodo
3148 3282 3462 3364 originale

1967 3392 2307 3473 peccatum
2356 3409 2395 3454 a
2449 3390 2746 3472 patribus
2800 3390 3090 3454 transeat
3138 3391 3208 3453 in
3261 3390 3460 3471 filios,

1967 3516 2049 3561 an
2123 3499 2486 3562 secundum
2560 3497 2874 3577 animam,
2948 3515 3031 3560 an
3100 3497 3464 3561 secundum

1968 3623 2254 3670 carnem.

2057 3713 2249 3787 Quod
2287 3731 2406 3796 per
2447 3730 2709 3776 carnem
2749 3713 3186 3776 introducitur
3230 3729 3463 3794 pecca-

1966 3821 2134 3898 tum,
2178 3823 2243 3884 et
2278 3821 2638 3902 quomodo,
2678 3821 2986 3885 ostendit.

2054 3929 2284 3992 Carnis
2343 3929 2783 4011 corruptionis
2838 3944 3104 3992 causam
3153 3928 3461 4009 ostendit,

1966 4053 2048 4099 ex
2085 4054 2219 4117 qua
2263 4037 2607 4118 peccatum
2652 4037 2727 4100 fit
2772 4036 2841 4098 in
2888 4035 3129 4098 anima.

2054 4144 2268 4217 Quare
2305 4143 2546 4206 dicitur
2581 4145 2920 4224 peccatum
2958 4159 3101 4206 esse
3137 4141 3208 4205 in
3245 4159 3458 4206 carne.

439 4257 541 4320 De
569 4253 881 4317 flammeo
913 4251 1132 4334 gladio
1165 4251 1315 4314 ante
1339 4249 1716 4331 paradisum
1746 4265 1859 4329 po·
1884 4253 1934 4316 D
2054 4252 2293 4315 Utrum
2343 4267 2541 4314 causa
2596 4250 2933 4332 originalis
2988 4249 3262 4331 peccati,
3312 4267 3461 4331 quae

351 4364 509 4427 sito.

441 4469 546 4532 An
583 4470 735 4532 ante
763 4468 1106 4549 peccatum
1145 4465 1345 4527 homo
1383 4463 1740 4527 comederit
1776 4463 1856 4526 de

353 4577 536 4659 ligno
583 4577 762 4640 vitae.

442 4685 820 4748 D1sr1xcrlo
851 4679 1067 4744 XXX.
1093 4679 1286 4753 Quod
1322 4696 1439 4760 per
1466 4679 1680 4742 Adam
1709 4696 1858 4759 pec-

353 4797 578 4858 catum
615 4795 682 4858 et
719 4809 916 4874 poena
951 4790 1210 4854 transiit
1246 4789 1312 4853 in
1351 4791 1671 4872 posteros,

1965 4359 2065 4422 est
2108 4359 2177 4421 in
2219 4376 2434 4438 carne,
2472 4359 2561 4422 sit
2598 4358 2791 4440 culpa
2826 4358 2930 4422 vel
2966 4375 3181 4440 poena.

2055 4467 2270 4540 Quare
2307 4466 2552 4530 dicitur
2587 4465 2902 4546 originale
2948 4467 3317 4546 peccatum.

2053 4573 2425 4636 D1s'r1ncr1o
2454 4573 2740 4636 XXXII.
2771 4572 3118 4646 Quomodo
3148 4572 3463 4654 originale

1964 4681 2306 4761 peccatum
2352 4680 2710 4743 dimittitur
2756 4679 2823 4740 in
2871 4679 3235 4758 Baptismo.

2054 4787 2293 4850 Utrum
2334 4785 2594 4849 foeditas
2639 4803 2837 4866 quam
2881 4801 3031 4848 caro
3071 4801 3153 4848 ex
3190 4785 3461 4850 libidine

447 4901 684 4964 Utrum
736 4899 906 4963 illud
950 4900 1291 4979 peccatum
1341 4896 1521 4978 quod
1569 4897 1851 4976 transiit,
1962 4895 2187 4974 trahit,
2230 4895 2299 4956 in
2346 4893 2685 4974 Baptismo
2733 4893 3044 4955 diluatur.

360 5007 556 5072 fuerit
602 5007 948 5089 originale,
999 5005 1100 5069 vel
1151 5003 1425 5068 actuale.

444 5113 734 5188 Quidam
780 5113 1019 5196 putant
1065 5111 1270 5174 fuisse
1316 5110 1590 5174 actuale.

443 5220 795 5296 Quomodo
845 5218 1182 5298 assignant
1236 5216 1401 5279 illud
1456 5216 1732 5281 intrasse
1783 5217 1853 5281 in

357 5329 701 5393 mundum.

2050 5002 2291 5064 Utrum
2338 4999 2518 5064 illius
2564 4998 3109 5080 concupiscentiae
3154 4998 3336 5062 Deus
3372 4999 3461 5062 sit

1961 5111 2211 5174 auctor.

2031 5216 2269 5289 'Quare
2322 5215 2485 5278 illud
2529 5213 2871 5296 peccatum
2922 5213 3286 5296 imputetur
3320 5214 3462 5276 ani-

1965 5339 2112 5386 mae.
