4334 6242
888 488 1007 555 108

1566 508 1633 555 IN
1672 509 1895 555 Lunum
1935 508 1981 553 11
2022 507 2503 555 SENTENTIARUM.
2549 526 2630 535 —·
2669 508 2822 554 DIST.
2870 507 2932 569 13
2974 506 3199 563 QUAEST.
3245 506 3309 553 lx

886 698 1117 762 corpus
1147 686 1209 741 et
1246 676 1550 753 animam,
1582 679 1755 741 Plato
1792 678 2062 741 asseruit
2103 679 2380 741 animam
2413 676 2466 737 A
2496 686 2560 752 et
2591 678 2713 740 tale
2757 687 2850 740 cst
2887 695 3117 760 corpus
3157 678 3530 739 humanum.
3564 676 3807 740 Idcirco
3835 676 3994 739 dici-

884 798 1023 841 esse
1053 779 1119 840 in
1160 796 1423 860 corpore
1453 778 1620 840 sicut
1655 786 1751 839 est
1790 784 1996 839 motor
2027 778 2091 839 in
2135 777 2380 851 mobili,

884 886 956 940 ut
994 886 1186 940 nauta
1225 879 1291 940 in
1332 877 1502 951 navi,
1536 885 1605 937 ut
1638 876 1973 957 Gregorius
2010 876 2205 939 refert
2235 875 2385 958 Nys-

885 994 1095 1039 senus.
1122 976 1296 1039 Unde
1326 984 1390 1038 et
1419 976 1590 1038 Plato
1623 975 1970 1057 perhibuit,
1990 976 2158 1057 quod
2193 975 2384 1037 homo

884 1094 1011 1137 non
1054 1083 1149 1136 est
1196 1094 1293 1136 res
1336 1081 1633 1137 constans
1676 1092 1750 1135 ex
1795 1073 2009 1135 anima
2050 1081 2113 1135 et
2163 1091 2383 1154 corpo-

884 1193 973 1247 re,
1008 1173 1115 1235 sed
1166 1173 1334 1254 quod
1386 1173 1577 1235 homo
1624 1171 1707 1233 sit
1748 1172 1963 1233 anima
2014 1179 2198 1233 utens
2249 1189 2382 1233 cor-

885 1290 1055 1353 pore.
1110 1271 1187 1331 Et
1240 1278 1498 1352 propter
1548 1270 1666 1331 hoc
1718 1270 1909 1331 etiam
1964 1269 2225 1351 quidam
2277 1288 2383 1351 po-

885 1376 1150 1432 suerunt
1193 1370 1482 1450 quaedam
1528 1368 1734 1429 media
1787 1368 1951 1429 inter
1994 1367 2275 1429 animam
2319 1377 2383 1429 et

885 1474 1223 1549 corpus,ut
1253 1466 1551 1548 spiritum
1584 1466 1977 1547 corporalem
2008 1473 2070 1527 et
2100 1466 2380 1527 animam

883 1564 1302 1647 vegetabilem
1334 1574 1523 1645 atque
1556 1564 1948 1634 sensibilem,
1985 1565 2194 1626 lucem
2228 1582 2381 1646 quo-

884 1682 1031 1746 que,
1064 1683 1178 1725 seu
1226 1663 1467 1744 aliquid
1512 1663 1750 1744 quintae
1797 1662 2109 1735 essentiae,
2145 1662 2380 1744 quibus

888 1762 1315 1824 mediantibus
1346 1762 1557 1823 anima
1598 1761 1922 1823 rationalis
1962 1761 2212 1843 corpori
2246 1760 2383 1822 uni-

2493 785 2599 837 tur
2637 777 2918 839 secundo
2956 777 3033 838 de
3072 776 3320 850 Anima,
3354 777 3522 859 quod
3568 777 3758 839 homo
3801 775 3994 839 habet

2494 875 2824 938 meliorem
2856 883 3093 937 tactum
3128 876 3292 937 inter
3319 875 3620 937 animalia
3649 876 3950 937 universa
3975 894 3991 954 3

2491 981 2554 1035 et
2585 981 2822 1055 quanto
2856 974 3136 1036 melioris
3168 981 3263 1036 est
3304 982 3532 1048 tactuS‚
3566 982 3739 1035 tanto
3768 981 3833 1036 et
3863 993 3995 1035 me-

2494 1073 2669 1136 lioris
2699 1080 2794 1134 est
2827 1072 3209 1148 intellectuS,
3243 1072 3395 1157 quia
3432 1072 3752 1135 subtilitas
3783 1081 3992 1135 tactus

2491 1172 2780 1255 sequitur
2844 1171 3268 1253 aequalitatem
3337 1171 3817 1253 complexionis.
3883 1172 3990 1233 In-

2492 1278 2918 1333 strumentum
2965 1288 3240 1352 namque
3279 1288 3392 1332 seu
3432 1287 3738 1351 organum
3780 1276 3992 1332 tactus

2491 1369 2680 1431 debet
2727 1388 2868 1431 esse
2918 1369 2984 1430 in
3037 1368 3319 1450 potentia
3377 1375 3670 1449 respectu
3725 1386 3988 1431 suorum

2491 1468 2894 1531 sensibilium
2926 1468 3094 1530 sicut
3125 1467 3430 1541 medium,
3464 1475 3526 1529 et
3555 1485 3680 1530 non
3713 1487 3831 1549 per
3860 1467 3991 1550 pri-

2489 1567 2831 1641 vationem,
2861 1566 3027 1627 sicut
3059 1566 3304 1648 pupilla
3333 1574 3427 1627 est
3458 1566 3741 1647 potentia
3769 1565 3990 1627 album

2488 1673 2551 1727 et
2582 1667 2858 1746 nigrum,
2895 1674 2964 1727 ut
3007 1666 3070 1728 in.
3102 1666 3324 1727 eodem
3360 1665 3594 1726 dicitur
3625 1664 3807 1727 libro.
3843 1665 3989 1727 Haec

2492 1764 2659 1825 idem
2705 1764 2963 1825 ibidem.

886 1870 1077 1923 retur.
1104 1861 1251 1934 Quae
1280 1860 1493 1922 omnia
1524 1861 1875 1923 secundum
1909 1859 2379 1941 philosophiam
2418 1858 2463 1920 B
2570 1863 2760 1925 Porro
2791 1862 2856 1924 in
2898 1862 3105 1944 prima
3145 1870 3320 1944 parte
3359 1828 3657 1935 S·ummae‚
3692 1862 3986 1943 quaestio-

884 1959 1157 2021 absurda
1200 1966 1369 2033 sunt,
1403 1967 1465 2020 et
1503 1978 1540 2021 a
1578 1958 1959 2041 Philosopho
1998 1966 2221 2020 octavo
2264 1959 2382 2020 Me-

885 2058 1229 2140 taphysicae
1270 2057 1647 2139 improbata.
1691 2058 1835 2119 ldeo
1880 2056 2177 2130 dicimuS,
2212 2057 2381 2138 quod

885 2157 1159 2219 essentia
1200 2157 1428 2219 animae
1473 2156 1794 2218 rationalis
1840 2156 2206 2218 immediate
2247 2172 2381 2217 cor-

887 2256 1023 2338 pori
1055 2255 1473 2329 unitur,sicut
1505 2253 1709 2316 forma
1737 2255 2015 2317 materiae
2047 2254 2380 2335 figuraque

886 2373 1067 2427 cerae,
1103 2360 1172 2415 ut
1201 2353 1438 2415 dicitur
1466 2353 1745 2415 secundo
1774 2354 1851 2415 de
1884 2353 2128 2415 Anima.
2166 2352 2380 2415 Scien-

885 2454 1037 2515 dum
1088 2470 1257 2533 erg0‚
1304 2453 1474 2533 quod
1525 2451 1970 2514 convenientia
2016 2450 2379 2533 aliquorum

883 2551 1231 2614 attenditur
1281 2550 1623 2632 dupliciter
1674 2568 1689 2612 τ
1743 2550 1973 2632 prim0‚
2026 2549 2378 2611 secundum

886 2649 1303 2732 proprietates
1342 2656 1603 2722 naturis,
1636 2648 1857 2730 sicque
1890 2666 2121 2729 corpus
2151 2654 2214 2709 et
2246 2647 2378 2708 ani-

886 2768 989 2809 ma
1020 2747 1294 2809 multum
1325 2747 1592 2826 distant3
1626 2747 1927 2820 secunde,
1962 2754 2271 2827 quantum
2302 2746 2379 2806 ad

886 2846 1362 2929 proportionem
1420 2845 1717 2926 poten'tiae
1768 2845 1844 2906 ad
1894 2851 2130 2917 actum,
2184 2852 2246 2905 et
2294 2844 2381 2905 ita

885 2944 1099 3006 anima
1138 2951 1201 3005 et
1245 2960 1475 3024 corpus
1524 2943 1913 3005 conveniunt
1964 2942 2258 3003 maxime.
2306 2941 2381 3002 Et

2491 1980 2570 2023 ne
2617 1960 3084 2042 septuagesima
3130 1966 3352 2023 sexta:
3385 1959 3655 2022 Necesse
3703 1967 3799 2022 est
3839 1960 3986 2040 (ait)

2489 2059 2722 2135 dicere,
2756 2059 2924 2141 quod
2957 2058 3319 2121 intellectus
3351 2077 3462 2121 seu
3494 2058 3708 2121 anima
3738 2058 3983 2120 intelle-

2491 2158 2677 2226 ctiva,
2729 2158 2813 2219 sit
2864 2157 3124 2219 humani
3180 2156 3463 2238 corporis
3513 2156 3736 2219 Forma.
3787 2156 3988 2239 Expe-

2489 2256 2651 2317 ritur
2698 2255 2934 2317 etenim
2987 2254 3429 2337 unusquisque
3481 2274 3549 2317 se
3603 2254 3982 2335 intelligere,

2489 2354 3028 2436 quemadmodum
3093 2360 3156 2413 et
3213 2352 3447 2415 videre.
3511 2352 3676 2433 Ergo
3737 2359 3988 2434 oportet

2489 2453 2655 2534 quod
2710 2452 2773 2513 in
2824 2451 2962 2533 ipso
3004 2451 3086 2513 sit.
3127 2450 3392 2513 formale
3436 2450 3830 2532 principium
3875 2450 3991 2513 hu-

2484 2550 2766 2631 jusmodi
2809 2550 3132 2612 actionum
3173 2566 3186 2611 :
3229 2558 3292 2611 et
3335 2549 3454 2611 hoc
3496 2556 3592 2611 est
3634 2549 3849 2612 anima
3894 2569 3990 2612 ra-

2491 2649 2764 2723 tionaliS,
2799 2649 3039 2711 habens
3090 2649 3154 2710 in
3200 2668 3268 2710 se
3316 2648 3597 2710 diversas
3644 2648 3983 2730 potentiaS,

2489 2747 2654 2809 inter
2688 2767 2845 2828 quas
2886 2766 3200 2827 supremae
3239 2752 3387 2807 sunt
3422 2746 3590 2808 vires
3629 2746 3987 2809 intellectu-

2487 2845 2637 2907 ales.
2674 2844 2832 2906 Hinc
2867 2842 3288 2924 Philosophus
3327 2842 3576 2904 decimo
3615 2841 3986 2906 Ethicorum

2489 2942 2858 3005 felicitatem
2898 2941 3175 3003 hominis
3217 2940 3544 3003 constituit
3573 2940 3640 3001 in
3678 2942 3991 3022 operatio—

888 3044 1006 3105 ista
1035 3042 1477 3105 convenientia
1506 3041 1781 3122 exigitur
1808 3041 1884 3103 ad
1917 3041 2037 3103 hoc
2068 3040 2237 3123 quod
2267 3039 2380 3102 ali·
2417 3040 2461 3105 C
2489 3060 2570 3103 ne
2601 3039 3552 3113 intellectus—Verumtamen,
3573 3058 3774 3119 quum
3807 3040 3989 3102 intel-

885 3141 1041 3223 quid
1085 3141 1341 3203 uniatur
1382 3140 1565 3202 alteri
1606 3139 1970 3201 immediate
2009 3146 2080 3201 ut
2124 3138 2328 3201 forma
2362 3156 2376 3201 :

884 3240 1039 3303 alias
1073 3258 1189 3302 nec
1220 3240 1514 3301 accidens
1546 3238 1835 3319 subjecto
1866 3256 1984 3299 nec
2014 3238 2228 3321 aliqua
2259 3237 2381 3301 for·

886 3358 991 3400 ma
1049 3338 1327 3401 materiae
1385 3337 1675 3400 uniretur
1733 3336 2120 3411 immediate,
2178 3356 2377 3419 quum

885 3437 1247 3517 subjectum
1276 3443 1339 3499 et
1378 3436 1672 3498 accidens
1712 3436 1839 3497 sint
1871 3434 1937 3497 in
1977 3435 2247 3497 diversis
2277 3456 2380 3516 ge-

886 3536 1170 3607 neribus,
1207 3543 1269 3597 et
1314 3534 1576 3596 materia
1616 3534 1699 3596 sit
1741 3534 2024 3616 potentia
2064 3542 2127 3595 et
2175 3534 2382 3596 forma

888 3633 971 3695 sit
1008 3640 1205 3695 actus.
1240 3633 1383 3695 Haec
1426 3633 1695 3695 Thomas
1741 3632 1804 3693 in
1850 3632 2115 3713 Scripto.

968 3733 1270 3794 Praeterea
1305 3732 1585 3813 oportuit
1616 3732 1806 3793 talem
1837 3730 2129 3805 formam,
2164 3731 2383 3793 videli-

887 3841 989 3894 cet
1016 3830 1295 3893 animam
1328 3830 1719 3905 rationalem,
1740 3830 1990 3912 corpori
2021 3829 2184 3892 bene
2217 3848 2383 3892 com-

887 3930 1250 4012 plexionato
1290 3930 1480 3991 uniri.
1517 3929 1710 4011 Cujus
1752 3930 2060 3991 rationem
2104 3929 2384 4009 assignat

885 4030 1206 4091 Avicenna
1246 4046 1259 4090 :
1299 4028 1577 4110 Oportet,
1621 4029 1859 4103 dicens,
1905 4028 2195 4091 ordinem
2247 4047 2384 4110 per-

886 4127 1270 4190 fectibilium
1322 4146 1459 4189 esse
1503 4127 1853 4189 secundum
1898 4128 2189 4190 ordinem
2243 4147 2381 4210 per-

2491 3141 2684 3221 ligere
2733 3138 2816 3199 sit
2857 3138 2994 3200 sine
3039 3136 3489 3200 communione
3532 3137 3836 3210 materiae,
3873 3139 3991 3201 mi-

2491 3257 2632 3299 rum
2674 3237 2875 3299 videri
2923 3242 3126 3318 potest
3163 3236 3482 3316 quomodo
3523 3235 3986 3299 intellectivum

2492 3336 2879 3419 principium
2909 3354 3046 3397 esse
3076 3335 3279 3398 valeat
3307 3335 3589 3416 corporis
3619 3332 3821 3397 forma
3849 3336 3992 3399 sub-

2491 3433 2802 3497 stantialis
2860 3433 3219 3496 intrinseca.
3282 3433 3522 3496 {dcirco
3579 3436 3988 3498 consideran-

2491 3534 2666 3606 dum,
2701 3532 2869 3614 quod
2914 3539 3152 3614 quanto
3193 3531 3398 3595 forma
3439 3540 3642 3595 exstat
3687 3533 3986 3609 nobilior,

2491 3638 2665 3693 tanto
2711 3630 2854 3712 plus
2907 3630 3270 3693 dominatur
3323 3632 3602 3694 materiae
3648 3633 3987 3715 corporali,

2489 3750 2563 3793 ac
2605 3730 2818 3791 minus
2861 3730 2919 3791 ei
2964 3730 3366 3810 immergitur
3409 3731 3736 3813 magisque
3781 3732 3988 3814 ipsam

2491 3849 2607 3892 sua
2666 3828 3052 3891 transcendit
3115 3828 3367 3890 virtute.
3433 3828 3608 3892 Unde
3669 3828 3987 3905 videmus,

2492 3928 2660 4010 quod
2690 3926 2896 3990 forma
2935 3926 3219 4009 corporis
3258 3926 3438 3989 mixti
3477 3927 3756 4008 aliquam
3798 3928 3992 3992 habet

2492 4027 2922 4108 operationem
2964 4045 3106 4107 quae
3143 4044 3222 4087 ex
3259 4026 3672 4106 qualitatibus
3715 4027 3994 4090 elemen-

2491 4126 2734 4188 taribus
2765 4144 2891 4188 non
2933 4132 3246 4186 causatur.
3282 4125 3359 4186 Et
3387 4133 3626 4207 quanto
3667 4125 3811 4207 plus
3848 4145 3992 4209 pro-

884 4227 1254 4289 fectionum.
1300 4227 1471 4288 lnter
1518 4243 1738 4288 omncs
1787 4233 1998 4288 autem
2051 4227 2384 4308 perfectio·
2415 4231 2462 4293 D
2492 4226 2740 4289 ceditur
2770 4225 2834 4287 in
2877 4224 3210 4287 nobilitate
3249 4224 3619 4299 formarum,
3654 4232 3827 4288 tanto
3859 4246 3992 4288 am-

885 4343 1021 4398 neS,
1041 4324 1104 4386 id
1135 4331 1231 4386 est
1262 4323 1496 4386 formas
1528 4322 1958 4405 perficientes,
1982 4324 2383 4386 nobilissima

886 4430 982 4485 est
1022 4423 1129 4484 illa
1168 4442 1309 4504 quae
1349 4428 1562 4483 movet
1600 4422 1857 4494 coelum,
1893 4422 1995 4482 cui
2036 4422 2247 4483 anima
2293 4441 2384 4483 ra·

885 4520 1142 4584 tionalis
1192 4520 1519 4601 potissime
1567 4520 1956 4582 assimilatur
1999 4538 2013 4581 ε
2058 4520 2202 4582 ideo
2249 4538 2382 4582 cor-

888 4639 1009 4702 pus
1037 4618 1179 4700 ejus
1209 4625 1456 4699 oportet
1486 4637 1623 4680 esse
1654 4618 2059 4680 simillimum
2090 4617 2272 4681 coelo.
2297 4619 2382 4680 De

888 4717 1221 4781 nobilitate
1251 4734 1400 4779 vero
1441 4716 1724 4798 corporis
1756 4716 2031 4779 coelestis
2061 4724 2178 4792 est,
2213 4718 2382 4798 quod

887 4835 1014 4879 non
1066 4815 1256 4877 habet
1305 4814 1713 4877 contrarium.
1761 4814 2035 4896 Corpora
2082 4834 2232 4877 vero
2279 4834 2382 4896 ge-

888 4913 1273 4976 nerabilium
1302 4920 1364 4973 et
1404 4911 1921 4993 corruptibilium
1959 4931 2084 4974 non
2120 4921 2384 4995 possunt

886 5011 1150 5076 omnino
1188 5030 1225 5071 a
1266 5010 1707 5072 contrarietate
1750 5030 1889 5073 esse
1936 5011 2244 5074 absoluta.
2289 5014 2383 5075 Id-

886 5128 963 5173 6ο
1007 5128 1238 5191 corpus
1284 5108 1440 5170 illud
1490 5109 1657 5191 quod
1699 5109 1876 5171 venit
1916 5109 1992 5170 ad
2042 5110 2382 5174 maximam

830 5196 839 5205 ’
888 5208 1316 5292 aequalitatcm
1361 5207 1710 5282 mixtioniS,
1743 5215 1807 5269 et
1848 5208 2167 5290 praecipuc
2211 5227 2386 5291 sepa-

890 5316 1065 5371 ratur
1094 5326 1131 5369 a
1160 5306 1733 5381 contrarietate,est
1762 5306 1923 5370 coelo
1952 5306 2386 5370 simillimum:

2492 4325 2663 4406 plius
2711 4324 2914 4385 virtus
2967 4322 3188 4385 formae
3240 4322 3691 4385 elementarem
3739 4325 3994 4387 excedit

2489 4422 2816 4485 materiam
2864 4439 2878 4484 :
2933 4421 3093 4484 sicut
3151 4420 3360 4482 anima
3411 4422 3784 4502 vegetabilis
3842 4424 3991 4505 plus

2491 4542 2680 4603 quam
2713 4523 2912 4584 forma
2943 4521 3195 4593 metalli,
3210 4520 3419 4582 anima
3448 4539 3699 4602 quoque
3729 4523 3996 4585 sensibi-

2493 4621 2572 4683 lis
2613 4621 2757 4703 plus
2797 4639 2988 4703 quam
3031 4620 3400 4701 vegetativa.
3437 4620 3666 4682 Anima
3695 4639 3847 4683 vero
3877 4622 3993 4683 hu-

2495 4738 2681 4780 mana
2709 4719 2775 4781 in
2806 4718 3136 4780 nobilitate
3167 4717 3512 4780 formarum
3543 4738 3842 4800 suprema
3871 4728 3986 4783 est.

2493 4818 2667 4879 Unde
2714 4816 2776 4878 in
2828 4822 3076 4878 tantum
3120 4834 3236 4877 sua
3283 4816 3517 4878 virt-ute
3565 4817 3815 4879 excedit·
3857 4836 3996 4881 cor-

2494 4916 2773 4997 poralem
2835 4914 3188 4987 materiam,
3241 4914 3409 4995 quod
3469 4914 3660 4976 habet
3709 4915 3992 4997 aliquam

2493 5013 2925 5095 operationem
2977 5020 3168 5094 atque
3218 5012 3518 5074 virtutem
3571 5012 3637 5075 in
3681 5032 3807 5095 qua
3852 5014 3996 5076 nul-

2497 5113 2556 5174 lo
2596 5112 2783 5174 modo
2822 5110 3250 5173 communicat
3289 5110 3635 5192 corporalis
3676 5111 3942 5174 materia
3973 5130 3989 5173 t

2493 5230 2635 5292 quae
2693 5210 2897 5271 virtus
2963 5208 3198 5271 dicitur
3266 5209 3646 5272 intellectus,
3713 5210 3856 5273 Haec
3925 5210 3996 5273 in

2495 5309 2774 5371 Summa.

4069 1980 4144 2017 art.
4169 1978 4200 2017 1.
