4334 6242
828 469 903 531 {4
1587 485 1863 534 Emona-3
1907 485 2371 531 DISTINCTIONI'M
2414 486 2571 531 mum
2616 487 2657 530 11
2701 486 3164 532 ΒΕΝΤΕΝΤΙΛΒΙῙΜ

815 656 1056 712 Balaam
1089 671 1102 712 :
1137 671 1312 728 quem
1341 659 1537 713 tamen
1570 655 1784 712 mulier
1812 655 2105 728 loquelam
2136 671 2173 710 a
2201 655 2316 710 Deo
2350 653 2399 716 A
2429 656 2637 710 tacent.
2673 654 2929 727 Denique
2968 655 3073 712 etsi
3112 654 3327 712 mulier
3361 653 3618 728 peccavit
3654 671 3723 710 ex
3762 653 3926 728 igno·

815 745 1104 817 accepisse
1151 747 1440 802 credebat.
1485 747 1644 802 Hanc
1683 762 1820 818 ergo
1861 743 2317 816 interrogatione

813 832 1158 898 sollicitavit,
1191 837 1257 890 ut
1294 852 1408 906 qua
1447 833 1538 890 vla
1576 835 1856 890 tentando
1900 833 2210 897 incederet,
2247 849 2315 888 cx

813 923 995 995 ipsius
1056 924 1306 980 disceret
1360 923 1753 996 responsione.
1800 923 1963 978 Unde
2021 926 2078 978 et
2131 938 2315 993 quum

814 1012 978 1084 quasi
1029 1012 1350 1069 dubitando
1408 1014 1782 1085 responderet
1837 1011 2067 1075 mulier,
2117 1011 2313 1066 statIm

817 1101 1014 1158 intulit
1051 1103 1206 1174 quod
1244 1101 1443 1164 voluit,
1477 1106 1701 1157 metum
1745 1101 1967 1157 scilicet
2012 1101 2237 1161 mortis,
2268 1099 2316 1154 si

814 1193 1204 1253 comederent,
1247 1191 1610 1246 mendaciter
1655 1191 1988 1252 excludens,
2026 1193 2084 1246 et
2132 1189 2322 1262 digni-

815 1279 948 1334 tatis
995 1279 1400 1336 excellentiam
1454 1278 1599 1335 falso
1649 1280 2010 1351 promittens.
2059 1279 2321 1334 Tentat-it

814 1371 1008 1424 autem
1040 1385 1170 1425 eam
1203 1371 1273 1425 de
1306 1369 1459 1441 gula,
1488 1370 1558 1425 de
1587 1386 1738 1424 vana
1778 1367 1961 1442 gloria
1989 1372 2046 1424 et
2075 1367 2319 1423 avaritia

815 1475 918 1529 per
956 1458 1172 1514 dictam
1213 1458 1681 1530 promissionem.
1713 1460 1809 1513 Est
1850 1474 2059 1529 nempe
2103 1457 2315 1528 duplex

813 1548 1070 1611 tentatio,
1103 1549 1356 1604 exterior
1384 1549 1605 1604 scilicet
1631 1552 1686 1605 et
1728 1547 1986 1604 interior.
2019 1550 2161 1612 Quae
2190 1546 2321 1602 ulti-

815 1653 913 1692 ma
950 1638 1302 1709 quandoque
1336 1639 1407 1693 ab
1451 1638 1614 1694 hoste
1653 1640 1884 1692 tantum
1925 1637 1990 1690 fit
2028 1636 2152 1692 sine
2192 1652 2319 1706 pec-

2427 743 2619 799 rantia
2648 745 2841 814 quoad
2870 743 2979 799 hoc
3018 746 3171 816 quod
3215 746 3455 800 seducta
3482 747 3586 808 est,
3616 744 3705 798 vir
3728 747 3924 800 autem

2428 834 2702 888 seductus
2753 849 2870 888 nnn
2918 837 3021 896 est,
3072 850 3184 888 non
3244 837 3441 889 tamen
3494 833 3781 906 ignoravit
3826 833 3925 888 Dei

2429 925 2783 994 praeceptum
2819 940 2831 976 :
2875 925 3027 980 unde
3068 939 3173 978 nec
3224 940 3326 994 per
3366 923 3476 978 boc
3516 922 3780 979 excusari
3828 939 3926 993 po-

2427 1013 2555 1066 test.
2590 1011 2715 1066 Non
2744 1010 2903 1067 enim
2936 1011 3131 1067 omnis
3170 1010 3501 1084 ignorantia
3538 1013 3793 1074 excusat,
3824 1013 3924 1066 sed

2429 1100 2781 1156 invincibilis
2818 1103 3095 1164 ‚tantum;
3146 1099 3437 1156 vincibilis
3490 1102 3683 1155 autem
3734 1099 3924 1171 potius

2428 1193 2723 1261 aggravat.
2762 1190 2934 1245 Porro
2982 1206 3166 1261 quum
3214 1189 3470 1244 hominis
3518 1191 3725 1245 natura
3774 1189 3925 1244 bona

2426 1281 2577 1334 esset
2614 1279 2737 1335 sine
2774 1279 2931 1343 vitio,
2964 1294 3279 1335 consensus
3318 1278 3460 1334 mali
3503 1294 3574 1335 ex
3617 1279 3799 1334 libero
3835 1294 3927 1333 vo-

2429 1368 2666 1424 luntatis
2712 1368 2952 1424 arbitrio
3000 1367 3292 1440 processit,
3336 1367 3567 1424 diabolo
3614 1367 3673 1423 id
3720 1383 3925 1439 sugge-

2427 1460 2604 1514 rente.
2648 1457 2807 1512 Unde
2857 1473 2963 1513 nec
3008 1457 3276 1513 voluutas
3324 1457 3483 1512 mala
3530 1456 3589 1512 in
3636 1458 3921 1527 quantum

2426 1550 2607 1608 actus,
2648 1549 2948 1617 peccatum
2998 1545 3309 1617 praecesSIt‚
3348 1545 3483 1601 licet
3530 1545 3588 1600 ln
3636 1550 3921 1616 quantum

2428 1638 2700 1707 quaedam
2732 1639 2943 1691 natura
2971 1653 3073 1692 seu
3104 1634 3389 1692 naturalis
3418 1634 3693 1706 potentia.

813 1729 941 1782 ⁰⁸²⁰
987 1726 1229 1792 mutatu
1275 1729 1626 1798 quandoque
1673 1729 1730 1782 et
1775 1743 1808 1780 a
1853 1742 2044 1786 came·
2077 1728 2134 1780 et
2178 1727 2317 1780 tune
2430 1761 2570 1810 Esse
2604 1761 2704 1809 Dei
2736 1760 2936 1810 similis
2966 1759 3097 1810 dum
3136 1759 3282 1809 falsa
3310 1757 3583 1822 cupiverit
3612 1773 3769 1818 uxor,

814 1831 930 1871 non
973 1818 1062 1871 est
1099 1815 1224 1871 sine
1273 1818 1524 1887 peccato.
1557 1819 1696 1880 Quoe
1745 1819 1802 1870 et
1839 1814 1976 1886 quia
2025 1813 2320 1870 difficilior
2356 1807 2403 1869 B
2494 1832 2859 1894 Degustanda
2886 1832 3006 1882 viro
3038 1832 3207 1882 noxia
3239 1845 3406 1895 poma
3441 1829 3610 1880 dedit.

811 1908 900 1961 est
927 1920 1104 1974 quam
1135 1904 1402 1966 exterior,
1427 1921 1542 1977 qua
1571 1904 1747 1960 homo
1778 1903 2003 1966 cecidit,
2029 1903 2158 1958 ideo
2193 1919 2321 1974 gra-

812 1993 940 2050 vius
969 1993 1300 2065 puniendus
1329 1997 1470 2050 erat.
1503 1997 1574 2048 At
1602 1992 1869 2065 quamvis
1897 1992 2082 2048 levem
2114 1992 2321 2048 habuit

815 2084 889 2138 ad
945 2084 1306 2154 peccandum
1364 2082 1750 2144 occasionem,
1800 2081 1938 2154 quia
1994 2084 2193 2136 tamen
2242 2082 2316 2136 ad

815 2171 1053 2228 alterius
1079 2171 1413 2228 suasionem
1453 2171 1726 2244 peccavit,
1761 2170 1891 2227 ideo
1921 2169 2319 2227 remediabilis

815 2260 925 2316 ruit
954 2277 967 2316 :
999 2277 1115 2316 non
1146 2263 1342 2317 autem
1384 2260 1668 2324 diabolus,
1701 2260 1799 2332 qui
1833 2259 1992 2318 nullo
2033 2261 2316 2316 suadente

815 2350 1101 2423 peccavit;
1139 2351 1459 2422 praesertim
1500 2351 1676 2407 etiam
1725 2350 1863 2422 quia
1904 2367 2021 2407 non
2059 2352 2180 2405 tota
2218 2365 2319 2404 an·

817 2440 1000 2512 gelica
1031 2443 1238 2497 natura
1276 2441 1564 2497 ceciderat
1593 2443 1658 2496 ut
1691 2441 1971 2502 humana,
2006 2456 2108 2511 per
2137 2455 2316 2511 quam

814 2533 873 2585 et
923 2529 1189 2603 angelica
1241 2530 1414 2586 ruina
1469 2529 1657 2586 fuerat
1702 2530 2048 2600 reparanda.
2099 2529 2317 2583 Praece-

817 2622 981 2691 ptum
1012 2624 1207 2676 autem
1253 2619 1480 2674 Domini
1513 2621 1582 2675 de
1624 2635 1738 2674 non
1782 2618 2144 2674 comedendo
2181 2615 2321 2672 utri·

817 2724 928 2779 que
976 2709 1198 2770 datum,
1248 2710 1321 2764 ad
1374 2708 1679 2764 mulierem
1731 2724 1833 2778 per
1878 2707 2069 2762 virum
2119 2721 2322 2762 conve-

818 2796 1047 2853 nienter
1075 2800 1427 2868 pervenerat,
1459 2814 1526 2854 eo
1567 2796 1890 2868 quod-ipsa
1921 2795 2046 2851 viro
2085 2795 2321 2851 subdita

817 2902 941 2941 esse
972 2887 1251 2942 debebat:
1276 2903 1421 2957 quos
1449 2888 1505 2941 et
1534 2887 1684 2942 Deus
1712 2885 1942 2946 fecerat,
1975 2887 2040 2940 ut
2069 2884 2319 2940 invicem

2838 2072 3264 2136 DISTINCTIO
3308 2072 3514 2133 XXIII.

2711 2225 3015 2288 Praeterea
3059 2223 3257 2306 quaeri
3300 2223 3481 2296 solet,
3526 2230 3644 2284 etc.

2564 2441 2905 2505 UANQL'AM
2944 2440 3095 2496 Deus
3130 2437 3429 2494 hominem
3473 2452 3746 2493 casurum
3787 2451 3927 2506 prae-

2591 2529 2781 2592 sciret,
2824 2528 3035 2586 tentari
3086 2531 3285 2583 tamen
3337 2542 3473 2583 eum
3528 2524 3810 2596 permisit,
3850 2525 3925 2579 ad

2434 2618 2779 2691 dignitatem
2822 2617 3083 2674 hominis
3118 2617 3561 2678 ostendendam,
3591 2631 3707 2687 qua
3739 2612 3930 2686 potior

2430 2712 2518 2764 est
2572 2707 2667 2764 ille
2725 2707 2824 2779 qui
2884 2707 3097 2762 tentari
3152 2705 3392 2777 quidem
3454 2707 3639 2777 potest
3696 2707 3754 2759 et
3808 2717 3925 2758 non

2432 2797 2775 2861 consentire,
2818 2813 2995 2868 quam
3048 2812 3153 2852 nec
3202 2795 3529 2850 consentire
3572 2810 3676 2849 nec
3713 2793 3925 2849 tentari

2432 2903 2615 2958 posse.
2648 2887 2833 2951 Quem
2876 2889 2933 2942 et
2979 2884 3113 2941 licet
3160 2883 3383 2939 malum
3427 2881 3689 2939 futurum
3735 2881 3924 2942 sciret.

818 2973 975 3046 loqui
1015 2977 1274 3045 possent,
1313 2977 1371 3030 et
1415 2976 1488 3031 ab
1536 2973 1666 3029 aliis
1702 2973 1774 3045 (si
1823 2975 2037 3046 essent)
2077 2973 2317 3029 discere.
2358 2972 2400 3034 C
2431 2975 2645 3032 creavit
2698 2979 2893 3031 tamen
2950 2974 3022 3030 ob
3084 2975 3300 3030 bonum
3362 2974 3518 3044 quod
3578 2971 3715 3027 inde
3772 2970 3931 3026 novit

818 3096 1066 3149 Callidus
1095 3098 1410 3149 accendens
1441 3097 1734 3150 muliebria
1765 3101 1994 3161 pectora
2025 3096 2263 3157 doemon,

881 3170 1174 3221 Persuasit
1202 3171 1422 3221 miserae
1453 3184 1674 3221 sumere
1708 3183 1876 3234 poma
1907 3169 2078 3219 necis.

1239 3411 1669 3475 DISTINCTIO
1713 3411 1896 3473 XXII.

820 3554 934 3616 Hic
967 3555 1218 3618 videtur
1253 3556 1592 3636 diligenter
1629 3555 2162 3636 investigandum,
2195 3561 2314 3616 etc.

944 3771 1502 3828 ROTOPAREN'I'UM
1540 3769 1714 3842 primi
1759 3768 1976 3840 peccati
2015 3767 2180 3842 origo
2214 3769 2322 3825 fuit

963 3862 1233 3934 quoedam
1275 3858 1748 3931 praesumptionis
1786 3858 1958 3914 elatio
1997 3857 2321 3930 reprimen-

822 3958 913 4020 da,
945 3971 1016 4012 ex
1045 3969 1162 4025 qua
1189 3949 1380 4023 primo
1419 3948 1648 4012 mulier,
1682 3950 1812 4019 post
1849 3947 1956 4003 hoc
1983 3948 2072 4002 vir
2101 3947 2160 4003 in
2192 3964 2321 4020 pec·

821 4049 1019 4102 catum
1050 4039 1344 4098 consensit
1374 4056 1387 4095 :
1421 4055 1536 4096 non
1567 4037 1732 4111 quasi
1765 4036 1864 4093 illa
1903 4036 2076 4092 elatio
2106 4036 2323 4093 diaboli

2429 3067 2794 3122 eventurum.
2826 3063 2941 3119 Nec
2970 3079 3105 3119 eum
3136 3061 3578 3134 impeccabilem
3620 3059 3804 3116 facere
3832 3075 3928 3115 vo·

2431 3153 2555 3217 luit,
2589 3153 2723 3208 licet
2768 3152 2979 3209 melius
3016 3155 3183 3216 esset,
3215 3167 3282 3207 eo
3322 3152 3477 3222 quod
3522 3149 3631 3205 hoc
3676 3148 3754 3204 sit
3796 3165 3929 3204 san·

2432 3247 2657 3300 ctorum
2714 3242 3078 3315 angelorum.
3130 3241 3327 3312 Neque
3375 3256 3410 3294 a
3457 3254 3743 3295 consensu
3790 3253 3925 3294 eum

2432 3331 2817 3404 praeservavit,
2850 3333 2915 3386 ut
2960 3330 3043 3386 sic
3090 3346 3195 3386 nec
3241 3327 3599 3385 infructuose
3643 3330 3795 3383 esset
3834 3327 3931 3382 bo·

2434 3438 2561 3482 nus.
2612 3437 2719 3477 nec
2766 3419 2959 3476 malus
3008 3419 3265 3492 impune.
3312 3419 3423 3473 Sed
3470 3433 3576 3474 nec
3616 3414 3929 3472 voluntatis

2434 3509 2645 3566 divinoe
2675 3513 2886 3581 proeter
2912 3509 3099 3580 ipsam
3129 3507 3245 3562 alia
3281 3523 3457 3563 causa
3480 3510 3567 3562 est
3595 3506 3925 3577 quaerenda.

2433 3599 2601 3656 Dedit
2639 3602 2833 3655 autem
2878 3596 3104 3654 homini
3144 3613 3281 3652 mox
3321 3611 3505 3667 quum
3544 3595 3735 3667 ipsum
3776 3611 3932 3650 crea-

2432 3689 2530 3752 vit,
2562 3687 2865 3745 scientiam
2898 3703 3095 3744 rerum
3136 3689 3483 3749 creatarum,
3514 3684 3603 3741 sui
3643 3683 3843 3756 ipsius,
3874 3685 3931 3739 et

2432 3777 2735 3840 Creatoris,
2786 3793 2889 3848 per
2932 3776 3253 3848 quamdam
3302 3773 3635 3832 interiorem
3690 3771 3933 3843 inspira-

2434 3867 2673 3927 tionem,
2707 3865 2860 3920 int'ra
2905 3867 3100 3920 tamen
3144 3879 3273 3919 eam
3315 3879 3445 3935 quae
3484 3862 3541 3917 in
3591 3861 3779 3934 patria
3822 3863 3927 3918 est.

2436 3959 2558 4021 Qua
2590 3955 2825 4027 quidem
2867 3954 3109 4010 scientia
3136 3952 3277 4025 quid
3318 3952 3525 4023 cuique
3561 3953 3810 4014 deberet,
3840 3966 3931 4006 sa-

2435 4045 2508 4100 tis
2554 4044 2805 4117 agnovit.
2854 4045 2921 4098 Et
2965 4041 3231 4115 quamvis
3286 4042 3649 4114 agendorum
3704 4043 3927 4096 tantam

821 4132 1275 4208 suggestiwem,
1324 4131 1428 4185 sed
1474 4147 1620 4200 OPUS
1677 4126 1894 4199 peccati
1945 4126 2321 4198 Pl'aessesseffl·
2355 4125 2404 4186 D
2438 4133 2707 4190 habuerit
2730 4133 3056 4198 scientiam,
3088 4148 3257 4188 casus
3294 4135 3489 4186 tamen
3529 4130 3618 4186 sui
3654 4128 3930 4202 praescius

822 4227 963 4291 Quae
989 4227 1189 4279 tamen
1218 4219 1387 4275 aliter
1415 4218 1474 4273 in
1505 4217 1703 4273 animo
1735 4216 1997 4272 mulieris
2036 4215 2161 4279 suit,
2195 4231 2326 4287 quae

821 4311 1073 4384 serpenti
1103 4309 1394 4372 credebat,
1421 4323 1534 4362 non
1565 4309 1761 4362 autem
1793 4305 1918 4360 vir:
1952 4306 2106 4360 unde
2137 4308 2195 4361 et
2221 4304 2326 4360 ali-

822 4406 911 4458 ter
950 4415 1130 4472 quam
1171 4397 1384 4454 mulier
1421 4395 1648 4452 illectus
1686 4393 1813 4449 fuit.
1861 4394 2006 4448 Hinc
2047 4393 2224 4449 etiam
2269 4395 2327 4451 et

825 4488 1056 4564 gravide
1103 4485 1360 4560 peccavit
1403 4482 1632 4548 mulier,
1683 4487 1810 4538 tum
1859 4483 2017 4553 quod
2069 4481 2321 4553 serpenti

824 4581 1026 4636 contra
1073 4578 1256 4633 Deum
1297 4572 1562 4636 credidit,
1593 4575 1719 4628 tum
1760 4573 1916 4643 quod
1959 4570 2106 4627 elate
2145 4570 2325 4626 nimis

823 4683 886 4726 se
924 4665 1206 4740 aequalem
1247 4664 1362 4720 Deo
1403 4661 1525 4718 fieri
1565 4676 1730 4734 posse
1769 4659 2009 4731 putavit,
2043 4661 2201 4731 quod
2238 4658 2326 4715 vir

825 4773 942 4814 non
990 4754 1155 4821 fecit;
1186 4757 1313 4810 tum
1363 4751 1540 4808 etiam
1591 4750 1746 4822 quod
1795 4750 2012 4805 nedum
2059 4748 2223 4804 inse
2269 4752 2327 4805 et

825 4846 1162 4919 proximum
1202 4846 1267 4900 ut
1302 4841 1406 4906 vir,
1439 4841 1541 4895 sed
1578 4838 1755 4894 etiam
1798 4837 1855 4892 in
1898 4838 2079 4894 Deum
2123 4855 2325 4909 pecea-

823 4936 921 4991 vit.
945 4935 1060 4991 Nec
1087 4934 1276 4990 obstat
1304 4931 1460 5003 quod
1490 4943 1692 5000 parem
1724 4926 1940 4983 fastum
1973 4926 2032 4982 in
2062 4926 2323 5000 utrisque

823 5024 1002 5082 fuisse
1034 5021 1394 5094 Augustinus
1433 5017 1591 5074 dicit.
1623 5017 1738 5072 Hoc
1777 5015 1936 5072 enim
1978 5017 2048 5072 de
2085 5032 2325 5073 excusa-

823 5115 981 5170 tione
1011 5111 1372 5182 intelligitur,
1396 5109 1498 5164 sed
1528 5123 1644 5163 non
1668 5107 1861 5178 quoad
1893 5105 2189 5177 praedicta.
2212 5105 2324 5161 Sed

825 5220 933 5260 nec
976 5201 1036 5257 hi
1082 5200 1182 5272 qui
1230 5203 1286 5256 et
1323 5197 1514 5253 virum
1564 5195 1664 5252 Dei
1715 5193 2108 5267 aequalitatem
2155 5211 2328 5266 appe-

823 5293 983 5351 tiisse
1013 5292 1232 5358 dicunt,
1253 5287 1561 5346 mulierem
1592 5285 1653 5341 in
1678 5286 1789 5341 hoc
1818 5283 2007 5357 magis
2037 5283 2321 5342 exarsisse

2434 4239 2553 4279 non
2584 4221 2709 4286 fuit,
2739 4225 2803 4279 ut
2831 4238 3005 4293 supra
3038 4223 3109 4278 de
3137 4220 3345 4293 angelo
3384 4219 3539 4275 malo
3571 4218 3793 4276 dictum
3824 4221 3927 4274 est.

2436 4345 2683 4396 Primum
2730 4344 3009 4396 hominem
3051 4343 3287 4395 ornabat
3329 4357 3631 4394 numerosa
3672 4341 3927 4402 scientia,

2496 4417 2619 4467 Non
2652 4417 2821 4467 fuerit
2847 4431 3020 4467 casus
3049 4415 3321 4480 praescius
3352 4416 3471 4481 ipse
3506 4415 3613 4466 sui.
3650 4414 3929 4480 {quamvis

2845 4657 3269 4720 DISTINCTIO
3312 4656 3515 4719 XXIV.

2480 4802 2661 4865 Nunc
2693 4801 3029 4881 diligenter
3060 4799 3425 4881 investigari
3455 4805 3723 4881 oportet,
3756 4806 3877 4860 etc.

2574 5016 2779 5071 ABUIT
2817 5017 3193 5088 protoparens
3236 5033 3305 5072 ex
3350 5013 3475 5088 ipsa
3510 5014 3600 5072 sui
3639 5015 3931 5072 creatione

2592 5109 2762 5162 rectae
2804 5104 3119 5160 voluntatis
3164 5105 3472 5169 auxilium,
3505 5122 3619 5175 quo
3666 5104 3931 5162 resistere

2438 5194 2594 5250 malo
2634 5193 2837 5266 potuit,
2870 5193 3004 5250 licet
3032 5209 3147 5249 non
3190 5194 3401 5250 mereri
3432 5211 3445 5249 :
3476 5193 3693 5266 alioqui
3733 5192 3780 5249 si
3822 5193 3933 5250 hoc

2438 5299 2554 5339 non
2609 5282 2922 5349 habuisset,
2981 5298 3097 5338 non
3159 5282 3363 5340 fuisset
3418 5282 3529 5339 sibi
3588 5282 3931 5356 imputabile
