4334 6242
504 1335 539 1501 ...=>

574 1567 591 1586 .
535 1347 602 1501 ⁵³33

606 1332 683 1438 a}

550 2495 755 2552 Origenes

506 2559 553 2602 in
593 2557 741 2601 Ezech.
758 2525 771 2544 ἱ

506 2621 621 2664 hom.
638 2634 665 2670 ι,
678 2623 769 2663 ιι.3.

520 2845 632 2901 Sap.
649 2858 677 2895 1,
697 2846 764 2889 13.

509 3077 675 3121 Joann.
688 3089 774 3126 vm,

510 3144 579 3185 Η.

514 3308 780 3356 Matutam.

514 3377 584 3418 28.

796 403 911 466 184
1334 409 1339 412 ’
1741 421 1917 466 mmm
1958 421 2001 466 11
2040 419 2524 466 sun-rammam.
2568 437 2649 446 —
2689 418 2842 464 msr.
2889 419 2956 464 ιιι

796 659 883 724 H.
942 664 1304 729 Quomodo
1368 663 1844 738 intelliyenda
1894 662 2047 724 sint
2091 663 2319 722 veroa
2367 662 2764 732 proemissa
2814 661 3110 722 Domini
3154 641 3474 736 disserit,
3525 658 3924 722 evidenter

961 783 1291 858 tradem,
1342 785 1645 857 anoelos
1690 794 1844 842 esse
1891 779 2186 843 creatos
2231 782 2479 853 boma,
2530 779 2602 840 et
2639 779 2809 852 post
2853 779 3312 841 creationem
3357 779 3721 840 cecidisse.

932 968 1185 1032 Deinde
1232 968 1514 1049 qualiter
1559 967 1755 1031 verba
1810 967 2081 1030 Domini
2138 983 2287 1046 quae
2335 983 2534 1046 supra
2579 966 2824 1047 posuit,
2867 965 3244 1047 accipienda
3288 964 3444 1044 sint,
3484 963 3916 1046 Augustinus

799 1084 1044 1164 aperit3
1084 1083 1198 1146 ubi
1248 1084 1444 1147 etiam
1498 1100 1618 1147 sua
1667 1102 1815 1164 quae
1869 1083 2176 1164 praedixit
2227 1081 2426 1144 verba
2470 1081 2883 1161 determinat,
2938 1081 3272 1144 evidenter
3323 1080 3588 1160 docenS,
3629 1081 3914 1162 angelos

800 1198 1009 1262 bonos
1056 1199 1262 1264 fuisse
1310 1202 1583 1280 creatos,
1630 1202 1694 1263 et
1743 1201 1895 1281 post
1949 1198 2345 1262 creationem
2393 1197 2782 1278 interposita
2832 1197 3053 1278 aliqua
3105 1196 3360 1259 morula
3419 1197 3753 1277 cecidisse,
3807 1198 3914 1259 ita

684 1356 773 1438 lm-
800 1315 1106 1395 inquiens
1148 1337 1162 1376 ε
1205 1315 1397 1389 Quod
1452 1318 1721 1396 putatur
1748 1315 2051 1378 diabolus
2101 1331 2440 1394 nunquam
2493 1313 2558 1374 in
2608 1314 2879 1377 veritate
2925 1314 3208 1392 stetisse,
3254 1330 3592 1394 nunquam
3636 1313 3914 1377 beatam

593 1461 769 1508 x1,n.30.

646 1565 719 1608 uia
796 1547 937 1610 Deo
977 1547 1232 1609 creatus
1261 1565 1402 1610 esse
1431 1549 1719 1628 putetur,
1753 1542 1983 1629 quasi*
2012 1545 2094 1609 ab
2130 1547 2321 1609 initio
2359 1564 2491 1608 non
2531 1545 2842 1609 cecidisse
2871 1546 3214 1609 diceretur.
3245 1545 3396 1609 Non
3433 1546 3610 1608 enim
3639 1546 3906 1625 cecidit,

797 1431 1006 1492 vitam
1045 1431 1335 1510 duxisse,
1378 1433 1493 1494 sed
1542 1431 1625 1494 ab
1660 1432 1849 1494 initio
1894 1431 2230 1510 cecidisse,
2272 1447 2403 1492 non
2455 1430 2549 1492 sic
2596 1430 3050 1511 accipiendum
3089 1431 3210 1508 est,
3258 1430 3332 1492 ut
3379 1429 3595 1492 malus
3639 1446 3677 1492 a
3722 1429 3912 1493 bono

798 1662 855 1725 si
907 1661 1081 1741 talis,
1122 1662 1191 1724 id
1238 1665 1336 1726 est
1373 1663 1610 1742 maluS,
1663 1662 1874 1725 factus
1924 1664 2042 1726 est.
2085 1663 2145 1724 A
2182 1680 2313 1743 quo
2365 1663 2541 1725 enim
2581 1661 2886 1725 caderet?
2923 1661 3162 1724 Factus
3213 1679 3366 1742 ergo
3417 1662 3624 1743 priu8,
3674 1663 3910 1726 statim

797 1796 837 1841 a
873 1779 1144 1841 veritate
1192 1796 1261 1840 se
1309 1780 1565 1858 avertit,
1609 1779 1874 1860 propria
1922 1779 2244 1859 potestate
2291 1777 2686 1857 delectatus3
2726 1775 3063 1857 beataeque
3107 1777 3260 1840 vitae
3306 1777 3719 1842 dulcedinem
3764 1797 3911 1842 non

798 1894 1109 1975 gustavit,
1144 1912 1343 1975 quam
1372 1897 1705 1976 acceptam
1743 1912 1875 1957 non
1906 1894 2248 1973 fastidivit,
2283 1893 2398 1956 sed
2427 1892 2708 1955 nolendo
2752 1893 3044 1973 accipere
3072 1895 3316 1956 amisit.
3359 1894 3476 1958 Sui
3518 1913 3670 1976 ergo
3710 1913 3912 1959 casus

796 2010 1111 2090 praescius
1159 2027 1301 2073 esse
1348 2028 1480 2073 non
1528 2011 1766 2091 potuit,
1809 2011 1965 2090 quia
2020 2009 2341 2090 sapientia
2392 2009 2646 2071 fructus
2697 2011 2797 2071 est
2850 2009 3135 2088 pietatis.
3177 2009 3503 2073 Continuo
3551 2013 3766 2074 autem
3829 2013 3912 2074 ut

799 2124 1011 2189 factus
1051 2128 1173 2206 est,
1220 2127 1477 2205 cecidit,
1509 2144 1643 2189 non
1681 2127 1763 2189 ab
1792 2143 1868 2190 eo
1907 2126 2086 2206 quod
2122 2126 2396 2206 accepit,
2435 2125 2550 2188 sed
2591 2125 2674 2188 ab
2708 2142 2784 2188 eo
2815 2125 2992 2206 quod
3033 2125 3377 2206 acciperet,
3418 2127 3476 2188 si
3524 2127 3664 2190 Deo
3705 2126 3908 2190 subdi

797 2241 1136 2305 voluisset.
1176 2277 1267 2288 —-
1292 2244 1460 2306 Ecce
1511 2243 1620 2305 hic
1672 2245 1891 2323 aperte
1929 2243 2237 2322 declarat,
2278 2241 2545 2322 angelos
2593 2240 2803 2304 bonos
2855 2243 3105 2304 creatos
3153 2240 3380 2322 fuisse,
3424 2243 3490 2306 et
3533 2243 3684 2322 post
3724 2260 3913 2305 crea-

797 2357 1047 2422 tionem
1085 2359 1395 2423 cecidisse
1439 2379 1453 2420 :
1498 2360 1563 2422 et
1599 2359 1727 2422 fuit
1773 2359 1865 2422 ibi
1918 2359 2137 2439 aliqua
2177 2358 2456 2437 morula,
2497 2358 2650 2420 licet
2695 2357 3104 2420 brevissima.
3149 2358 3342 2431 Quod
3383 2359 3698 2440 Origenes
3745 2376 3914 2422 con-

798 2474 1038 2555 firmat,
1110 2493 1307 2557 super
1366 2476 1776 2539 Ezechielem
1840 2474 2065 2538 dicens
2117 2496 2130 2535 :
2186 2475 2467 2554 Serpens
2525 2475 2624 2536 est
2673 2473 2884 2536 hostis
2949 2475 3314 2538 contrarius
3377 2475 3636 2538 veritati
3696 2495 3710 2536 ε
3769 2493 3914 2538 non

804 2593 1025 2654 tamen
1072 2609 1110 2654 a
1159 2592 1483 2673 principio
1531 2610 1743 2673 neque
1800 2592 2024 2654 statim
2072 2608 2272 2671 supra
2319 2592 2550 2671 pectus
2592 2592 2658 2653 et
2702 2592 2998 2654 ventrem
3043 2608 3240 2653 suum
3289 2590 3674 2654 ambulavit.
3719 2591 3916 2655 Sicut

802 2706 1017 2770 Adam
1066 2709 1131 2770 et
1174 2709 1315 2770 Eva
1351 2725 1483 2770 non
1535 2709 1759 2771 statim
1807 2709 2261 2789 peccaverunt,
2314 2707 2404 2768 ita
2455 2707 2520 2769 et
2565 2724 2834 2787 serpens
2881 2707 3231 2788 aliquando
3271 2707 3401 2771 fuit
3443 2724 3575 2769 non
3612 2726 3912 2790 serpenS,

804 2840 1011 2904 quum
1063 2824 1131 2885 in
1182 2824 1485 2904 paradiso
1532 2825 1918 2888 deliciarum
1976 2826 2362 2887 moraretur.
2405 2824 2586 2886 Deus
2634 2824 2811 2886 enim
2859 2823 3182 2886 malitiam
3229 2841 3363 2887 non
3413 2822 3587 2886 fecit.
3621 2859 3709 2871 —
3739 2827 3917 2890 Ecce

802 2941 1023 3022 aperte
1071 2940 1251 3020 dicit,
1293 2943 1443 3021 post
1480 2941 1899 3021 creationem,
1942 2939 2328 3020 interposita
2373 2939 2652 3020 morula,
2695 2940 3027 3004 cecidisse.

938 3058 1227 3139 Ideoque
1266 3058 1381 3120 illa
1409 3057 1606 3121 verba
1643 3059 1738 3120 sic
1777 3058 2155 3138 accipienda
2186 3057 2490 3120 videntur
2532 3077 2546 3117 :
2589 3057 2941 3120 Homicida
2969 3059 3107 3121 erat
3134 3058 3216 3120 ab
3245 3057 3434 3120 initio
3464 3058 3567 3121 vel
3599 3057 3914 3140 mendax,

806 3174 876 3236 id
927 3176 1028 3238 est
1082 3174 1307 3237 statim
1364 3175 1516 3255 post
1568 3174 1857 3253 initium,
1907 3173 2169 3253 quando
2223 3171 2349 3234 sibi
2407 3173 2850 3252 aequalitatem
2904 3174 3026 3237 Dei
3083 3173 3410 3254 promisit,
3454 3175 3518 3238 et
3571 3192 3641 3238 se
3688 3175 3920 3254 ipsum

808 3291 1069 3370 occidit,
1105 3291 1220 3370 qui
1258 3290 1458 3352 homo
1497 3289 1739 3352 dicitur
1779 3290 1847 3351 in
1897 3289 2281 3368 EvangeliO.
2331 3288 2468 3352 Nec
2516 3289 2584 3351 in
2623 3289 2894 3352 veritate
2929 3291 3135 3369 stetit,
3176 3291 3332 3369 quia
3367 3290 3435 3352 in
3475 3307 3551 3353 ea
3584 3308 3717 3353 non
3756 3289 3916 3369 fuit,

808 3407 925 3472 sed
954 3407 1035 3470 ab
1064 3407 1255 3469 initio
1293 3406 1633 3487 temporie,
1668 3406 1735 3468 id
1766 3407 1864 3470 est
1901 3406 2123 3468 statim
2155 3408 2308 3486 post
2336 3406 2602 3468 initium
2640 3406 2980 3487 temporiS,
3005 3405 3418 3487 apostatavit.
3451 3407 3680 3470 Potest
3712 3407 3920 3470 etiam

809 3525 874 3586 et
914 3524 1009 3586 sic
1052 3523 1258 3604 accipi
1310 3523 1474 3584 illud
1509 3543 1522 3583 ε
1568 3523 1671 3585 Ab
1713 3523 1902 3585 initio
1955 3523 2290 3586 homicida
2327 3522 2457 3589 fuit
2485 3522 2588 3584 vel
2627 3523 2933 3602 mendax,
2975 3523 3044 3585 id
3081 3523 3202 3602 est,
3245 3540 3327 3587 ex
3365 3541 3497 3604 quo
3544 3524 3745 3586 homo
3783 3523 3923 3586 fuit

807 3638 1133 3718 condituS,
1175 3655 1373 3719 quem
1402 3656 1518 3720 per
1557 3640 1873 3702 invidiam
1906 3641 1975 3701 in
2006 3640 2288 3701 mortem
2324 3638 2784 3719 praecipitavit‚
2819 3640 2885 3702 et
2928 3639 3244 3702 fallaciter
3279 3639 3562 3702 seduxit.
3605 3640 3702 3702 Ex
3741 3657 3921 3721 prae-

806 3754 1001 3818 dictis
1048 3771 1201 3836 ergo
1240 3753 1470 3835 liquet,
1513 3755 1781 3836 angelos
1830 3772 2059 3818 omnes
2096 3754 2306 3817 bonos
2345 3772 2486 3818 esse
2538 3755 2810 3848 creatOS,
2854 3757 2920 3819 et
2967 3757 3117 3836 post
3155 3756 3550 3820 creationem
3589 3758 3918 3838 quosdam

808 3869 1119 3935 cecidisse
1166 3889 1203 3933 a
1248 3870 1421 3934 bono
1470 3871 1649 3952 quod
1694 3869 2100 3950 habuissent,
2144 3871 2202 3933 si
2240 3869 2701 3951 perstitissent.

808 4070 861 4131 Ι.
920 4072 1117 4138 Quod
1160 4071 1442 4144 triplex
1482 4051 1629 4141 fuit
1680 4069 2050 4144 sapientia
2098 4073 2179 4133 in
2226 4071 2512 4145 anoctis
2558 4071 2731 4132 ante
2779 4083 3037 4132 casum
3090 4075 3205 4133 vel
3251 4075 3916 4144 confirmationem.

947 4249 1075 4311 Hic
1124 4249 1368 4329 inquiri
1406 4249 1595 4327 solet,
1643 4265 1843 4329 quam
1881 4249 2272 4330 sapientiam
2310 4248 2680 4312 habuerunt
2726 4252 2875 4314 ante
2915 4267 3139 4313 casum
3177 4252 3281 4314 vel
3324 4253 3915 4318 confirmationem.

765 4397 790 4427 ο
815 4366 974 4428 Erat
1008 4366 1079 4428 in
1116 4365 1213 4428 eis
1248 4364 1488 4445 triplex
1525 4365 1843 4428 naturalis
1882 4365 2193 4446 cogniti0,
2236 4383 2364 4445 qua
2406 4364 2719 4446 sciebant,
2761 4367 2939 4448 quod
2982 4366 3136 4430 facti
3174 4369 3378 4448 erant,
3421 4371 3560 4470 etoa
3585 4386 3716 4450 quo
3759 4370 3920 4433 facti

709 4522 787 4560 J,
818 4482 1022 4559 erant,
1068 4482 1132 4543 et
1169 4498 1319 4543 cum
1359 4498 1491 4561 quo
1543 4480 1698 4543 facti
1750 4483 1967 4564 erant;
2021 4483 2086 4544 et
2133 4482 2458 4545 habebant
2491 4482 2780 4563 aliquam
2824 4483 2980 4547 boni
3021 4486 3085 4549 et
3121 4484 3278 4547 mali
3315 4485 3643 4565 notitiam,
3678 4487 3924 4550 intelli-

815 4597 1041 4678 gentes
1086 4596 1247 4678 quid
1293 4597 1734 4678 appetendum
1772 4597 1877 4660 vel
1924 4597 2364 4679 respuendum
2414 4598 2548 4662 illis
2594 4598 2782 4662 foret.

1110 4795 1193 4857 Κ.
1244 4799 1357 4861 An
1405 4800 1743 4872 aliquam
1790 4798 1922 4857 Dei
1965 4799 2364 4861 habuerint
2411 4799 2906 4872 dilectionem,
2955 4802 3071 4860 vel
3114 4803 3234 4860 sui
3279 4801 3614 4863 invicem.

946 4973 1127 5038 Solet
1157 4973 1355 5037 etiam
1386 4974 1618 5055 quaeri,
1642 4975 1864 5037 utrum
1895 4974 2188 5055 aliquam
2217 4975 2340 5039 Dei
2371 4975 2474 5038 vel
2507 4975 2612 5038 sui
2644 4975 2927 5040 invicem
2956 4977 3374 5040 dilectionem
3417 4977 3785 5042 habuerint.
3811 4981 3920 5044 Ad

811 5091 990 5171 quod
1019 5090 1149 5153 dici
1178 5092 1417 5171 potest,
1437 5091 1615 5171 quod
1644 5091 2009 5156 naturalem
2040 5092 2460 5156 dilectionem
2490 5092 2838 5173 habebant,
2865 5094 2940 5156 ut
2963 5094 3376 5174 memoriam,
3405 5095 3813 5159 intellectum
3851 5099 3920 5161 et

814 5207 1175 5286 ingenium,
1203 5224 1334 5288 qua
1363 5206 1580 5270 Deum
1610 5208 1675 5271 et
1702 5226 1772 5271 se
1806 5206 2221 5288 aliquatenus
2250 5208 2646 5289 diligebant:
2673 5226 2790 5290 per
2821 5228 3024 5291 quam
3052 5212 3274 5273 tamen
3302 5227 3436 5274 non
3469 5211 3910 5277 merebantur.
