4334 6242
583 1080 694 1123 Gen.
711 1094 739 1132 1,
760 1083 797 1123 l.

840 484 919 552 70
1528 505 1593 551 m
1632 504 1855 551 Limum
1894 505 1938 550 11
1980 503 2463 550 summam.
2508 521 2588 530 —
2629 502 2782 548 11151.
2830 502 2890 564 1;
2934 500 3156 557 0111151.
3205 501 3266 547 iv

844 677 999 738 dum
1050 674 1367 759 incepisse
1416 684 1691 758 nequeat
1740 674 2184 747 demonstrari,
2235 673 2344 735 sed
2374 671 2622 744 Adam,
2685 691 2765 732 an
2824 671 3116 733 homines
3173 678 3385 732 essent
3443 668 3617 736 facti.
3673 675 3738 730 et
3795 685 3948 750 quo-

844 774 1229 837 revelatione
1264 774 1601 837 innotescit
1630 794 1704 836 ac
1736 773 2034 836 creditur.
2062 773 2210 846 Quae
2242 790 2346 854 po-

846 872 993 935 sitio
1051 872 1345 935 innititur
1401 872 1758 935 auctoritati
1821 871 2127 953 Gregorii,
2177 890 2346 933 asse-

846 970 1043 1033 rentis
1073 972 1242 1053 quod
1273 978 1366 1033 est
1398 972 1685 1053 quaedam
1718 971 2052 1053 prophetia
2081 971 2159 1031 de
2191 989 2346 1052 prae-

846 1069 1053 1141 terito,
1085 1076 1153 1131 ut
1183 1088 1381 1151 quum
1414 1070 1653 1151 Moyses
1682 1069 1843 1131 dixit
1876 1086 1889 1130 :
1924 1070 1993 1131 In
2026 1067 2344 1149 principio

846 1168 1083 1230 creavit
1133 1169 1298 1230 Deus
1343 1168 1576 1231 coelum
1624 1176 1687 1229 et
1730 1176 1982 1230 terram.
2019 1167 2130 1229 Cui
2179 1166 2344 1248 posi-

846 1265 1003 1327 tioni
1054 1267 1402 1340 consentio,
1438 1266 1589 1348 quia
1638 1284 1764 1329 non
1812 1266 2001 1328 credo
2047 1266 2218 1348 quod
2265 1265 2342 1327 ad

846 1363 965 1425 hoc
997 1363 1202 1425 valeat
1232 1364 1391 1426 ratio
1422 1364 1917 1426 demonstrativa
1946 1363 2198 1436 adduci,
2233 1363 2344 1425 sic-

844 1468 915 1522 ut.
964 1479 1169 1542 neque
1212 1462 1289 1523 ad
1335 1482 1652 1524 summam
1698 1461 2091 1536 Trinitatem,
2126 1480 2345 1542 quam-

842 1558 943 1621 vis
992 1558 1391 1640 impossibile
1449 1561 1531 1621 sit
1580 1579 1719 1622 eam
1768 1578 1897 1622 non
1955 1579 2111 1621 esse.
2166 1559 2342 1631 Quod

844 1657 1119 1719 ostendit
1172 1658 1467 1720 debilitas
1527 1658 1843 1720 rationum
1895 1678 2036 1740 quae
2083 1658 2161 1719 ad
2223 1658 2341 1719 hoc

846 1772 962 1836 pro
1019 1754 1665 1817 demonstrationibus
1722 1755 2148 1829 adducuntur,
2200 1775 2342 1837 quae

845 1870 1067 1914 omnes
1118 1872 1155 1915 a
1214 1854 1611 1935 philosophis
1672 1853 2055 1935 ponentibus
2118 1854 2338 1916 mundi
2378 1849 2425 1911 B
2457 1850 2672 1926 teria*,
2724 1859 2786 1912 et
2845 1852 3320 1914 contrarietates
3380 1851 3684 1914 exsistant
3737 1868 3751 1913 :
3803 1870 3945 1933 quae
4013 1867 4104 1907 ·n2

845 1952 1284 2026 aeternitatem‚
1320 1952 1594 2015 inductae.
1624 1960 1772 2015 sunt
1802 1962 1863 2015 et
1893 1953 2115 2015 solutae
2149 1969 2163 2014 :
2201 1953 2343 2015 ideo

847 2049 1058 2131 potius
1109 2050 1174 2111 in
1224 2050 1378 2112 fidei
1430 2050 1790 2113 irrisionem
1842 2070 2035 2133 quam
2086 2051 2148 2112 in
2201 2051 2342 2131 ejus

846 2147 1402 2210 confirmationem
1442 2157 1799 2221 vertuntur,
1833 2150 1884 2211 si
1926 2150 2071 2230 quis
2108 2148 2342 2211 talibus

846 2245 1200 2307 rationibus
1232 2247 1534 2320 innitenS,
1570 2247 1792 2309 mundi
1822 2248 2168 2310 novitatem
2201 2266 2345 2309 con-

844 2351 944 2405 tra
987 2344 1397 2426 philosophos
1443 2344 1711 2427 probare
1756 2345 2130 2408 intenderet.

940 2442 1093 2504 Dico
1148 2461 1320 2525 ergo,
1382 2443 1552 2526 quod
1609 2444 1687 2505 ad
1746 2452 2037 2506 neutram
2098 2452 2373 2526 partem·

848 2540 1217 2623 quaestionis
1288 2541 1471 2604 istius
1535 2550 1683 2604 sunt
1750 2542 2342 2617 demonstrationeS,

846 2638 957 2701 sed
1001 2639 1276 2701 rationes
1320 2641 1395 2701 ad
1443 2648 1779 2723 utramque
1829 2650 2075 2722 partem
2124 2642 2349 2723 proba-

848 2736 1011 2799 biles
1042 2737 1177 2799 sive
1216 2738 1598 2819 sophisticas.
1634 2739 1809 2812 Quod
1851 2740 2178 2801 insinuant
2209 2760 2346 2801 ver-

848 2831 931 2896 ba
967 2834 1354 2917 Philosophi,
1388 2836 1599 2919 primo
1632 2837 2012 2919 Topicorum
2050 2838 2342 2913 dicentis,

849 2932 1021 3013 quod
1052 2940 1199 2994 sunt
1240 2933 1529 3014 quaedam
1570 2933 1965 3016 problemata
2001 2936 2079 2997 de
2110 2936 2346 3017 quibus

2455 770 2660 833 modo.
2699 770 2812 833 Cui
2861 788 3061 851 quum
3113 768 3220 830 ille
3269 775 3614 850 exponeret
3659 767 3946 830 ordinem

2453 868 2803 930 nativitatis
2835 868 3150 941 humanae,
3186 885 3310 929 non
3344 865 3614 928 credidit
3644 884 3824 947 puer,
3842 864 3950 926 ob-

2449 967 2680 1046 jiciens
2725 966 2892 1047 quod
2935 965 3058 1027 nisi
3103 964 3296 1027 homo
3335 964 3603 1046 respiret
3645 970 3707 1027 et
3745 981 3950 1026 come-

2453 1065 2580 1139 dat,
2632 1063 2961 1147 superflua
3009 1081 3263 1145 quoque
3313 1063 3608 1145 expellat,
3653 1081 3774 1124 nec
3821 1080 3948 1124 uno

2453 1163 2658 1225 valeat
2702 1163 2915 1224 vivere
2959 1162 3081 1223 die.
3119 1162 3426 1224 Similiter
3463 1169 3676 1223 errant
3716 1161 3828 1243 qui
3871 1180 3948 1223 ex

2455 1262 2643 1324 modo
2684 1261 2883 1323 fiendi
2926 1279 3024 1322 res
3067 1260 3307 1322 mundo
3341 1260 3472 1342 jam
3507 1259 3812 1342 perfecto,
3844 1278 3951 1322 vo-
4047 1264 4052 1271 ’

2455 1361 2593 1421 lunt.
2625 1360 3066 1423 necessitatem
3098 1360 3197 1422 vel
3242 1359 3824 1441 impossibilitatem
3856 1358 3950 1419 in-

2453 1458 2764 1540 ceptionis
2824 1458 3044 1519 mundi
3105 1458 3438 1519 ostendere
3500 1474 3515 1519 ε
3569 1457 3720 1539 quia
3779 1458 3946 1538 quod

2452 1576 2624 1618 nunc
2656 1556 2882 1638 incipit
2912 1575 3072 1629 esse,
3108 1556 3334 1637 incipit
3362 1575 3502 1618 esse
3536 1574 3648 1637 per
3677 1563 3945 1627 motum,

2453 1662 2712 1736 propter
2758 1654 2928 1736 quod
2974 1662 3221 1736 oportet
3269 1654 3440 1736 quod
3485 1672 3746 1716 movens
3791 1674 3948 1736 prae-

2453 1754 2634 1814 cedat
2695 1752 3048 1827 duratione,
3097 1760 3160 1814 et
3212 1753 3379 1835 quod
3440 1753 3754 1834 praecedat
3816 1772 3945 1814 ma-

2453 1950 2808 2012 necessaria
2850 1968 2974 2011 non
3020 1950 3280 2012 fuerunt
3322 1949 3388 2012 in
3431 1950 3640 2031 primo
3687 1968 3944 2031 egressu

2454 2048 2733 2111 universi
2767 2068 2802 2110 a
2832 2048 2977 2111 Deo.
3002 2050 3244 2112 —Haec
3274 2050 3542 2112 Thomas
3576 2050 3641 2111 in
3673 2049 3941 2131 Seript0.

2533 2148 2797 2229 Insuper
2847 2147 2908 2208 in
2961 2148 3169 2229 prima
3215 2154 3392 2230 parte
3441 2148 3740 2222 Summae,
3780 2166 3946 2230 qute-

4105 1870 4186 1908 tm

2453 2247 2658 2308 stione
2703 2245 3184 2327 quadragesima
3230 2254 3406 2308 sexta
3437 2264 3452 2309 ε
3485 2246 3788 2309 Voluntas
3827 2247 3949 2327 (111-
4031 2270 4110 2309 m.
4141 2270 4174 2307 1.

2454 2344 2621 2426 quit)
2649 2344 2760 2406 Dei
2792 2364 2979 2406 causa
3017 2352 3110 2406 est
3148 2363 3379 2406 rerum.
3417 2345 3520 2408 Sic
3558 2363 3706 2426 ergo
3737 2345 3948 2426 aliqua

2455 2460 2712 2504 necesse
2761 2450 2858 2504 est
2899 2461 3059 2515 esse,
3093 2442 3259 2504 sicut
3300 2461 3560 2505 11666556
3605 2451 3701 2505 651
3745 2443 3942 2505 Deum

2456 2540 2564 2602 illa
2593 2540 2756 2603 velle
2791 2558 2804 2601 :
2840 2541 2989 2623 quia
3029 2540 3372 2602 necessitas
3411 2540 3682 2603 effectus
3723 2560 3798 2603 ex
3838 2561 3948 2603 116-

2457 2640 2746 2701 cessitate
2795 2658 3000 2701 causae
3051 2639 3386 2720 dependet,
3439 2646 3510 2700 ut
3557 2640 3782 2722 quinto
3829 2642 3949 2703 Μ6-

2455 2738 2798 2821 taphysicae
2860 2738 3111 2799 dicitur.
3180 2738 3516 2801 Ostensum
3577 2746 3674 2801 est
3733 2746 3946 2801 autem

2456 2856 2668 2919 supra,
2702 2837 2872 2918 quod
2911 2836 3199 2898 absolute
3232 2836 3548 2918 loquendo
3579 2855 3706 2899 non
3737 2857 3950 2900 neces·
4017 2852 4220 2907 cmxx,

2457 2954 2522 2997 se
2567 2942 2662 2998 est
2703 2935 2906 3018 Deum
2948 2935 3189 3017 aliquid
3231 2935 3395 2997 velle
3438 2936 3562 2998 nisi
3601 2955 3670 2998 se
3709 2937 3941 3019 ipsum.

849 3030 1160 3092 rationem
1210 3050 1337 3092 non
1390 3031 1720 3104 babemuS,
1766 3040 1855 3105 ut,
1901 3040 2115 3095 utrum
2168 3054 2348 3096 mun·
2383 3030 2426 3093 C
2457 3034 2593 3097 Non
2656 3042 2752 3096 est
2813 3052 2962 3114 ergo
3025 3034 3455 3096 necessarium
3522 3036 3723 3097 Deum
3785 3035 3950 3097 velle

848 3129 969 3190 dus
1016 3128 1097 3191 sit
1144 3136 1436 3191 aeternus.
1492 3130 1666 3193 Unde
1721 3131 1839 3193 hoe
1901 3131 2035 3213 ipse
2090 3132 2348 3195 ‹lemon-

849 3236 1047 3289 strare
1098 3247 1427 3309 nunquam
1478 3228 1767 3290 intendit.
1823 3230 1997 3303 Quod
2049 3238 2220 3313 patet
2271 3251 2346 3293 ex

850 3326 1039 3387 modo
1087 3343 1203 3389 suo
1250 3327 1655 3408 procedendi,
1703 3328 2003 3409 quoniam
2055 3328 2346 3392 ubicum-

849 3442 975 3506 que
1014 3424 1431 3506 quaestionem
1474 3425 1656 3487 istam
1700 3434 2061 3506 pertractat,
2094 3446 2348 3510 semper

849 3522 1142 3602 adjungit
1170 3522 1443 3603 aliquam
1474 3524 1947 3604 persuasionem
1978 3525 2079 3587 vel
2110 3545 2188 3587 ex
2220 3528 2348 3608 opi-

850 3621 1040 3684 nione
1084 3620 1455 3695 multorum,
1490 3621 1590 3683 vel
1632 3640 1709 3683 ex
1753 3622 2211 3703 approbatione
2259 3644 2349 3687 ra-

851 3719 1097 3781 tionum
1134 3735 1148 3779 :
1182 3719 1350 3800 quod
1382 3719 1458 3780 ad
1490 3719 2055 3783 demonstratorem
2088 3722 2350 3785 nullate-

852 3836 971 3878 nus
1003 3816 1292 3898 pertinet.
1310 3817 1510 3879 Causa
1538 3826 1753 3879 autem
1785 3838 1895 3880 cur
1924 3819 2343 3882 demonstrari

851 3932 977 3977 non
1020 3921 1249 3996 potest,
1293 3921 1389 3977 est
1436 3916 1556 3977 ista
1592 3916 1940 3997 :quoniam
1986 3926 2212 3979 natura
2257 3919 2346 3980 rei

849 4012 1133 4074 variatur
1172 4013 1523 4074 secundum
1570 4014 1738 4094 quod
1782 4022 1879 4076 est
1923 4014 1988 4076 in
2032 4034 2172 4077 esse
2213 4034 2349 4097 per-

852 4110 1041 4185 fecto,
1066 4118 1129 4171 61
1158 4111 1509 4173 secundum
1542 4111 1711 4192 quod
1738 4120 1836 4173 est
1868 4112 1933 4174 in
1965 4114 2174 4194 primo
2203 4114 2346 4176 sieri

2458 3132 2626 3214 quod
2679 3132 2954 3193 mundus
3007 3132 3198 3193 fuerit
3247 3152 3501 3213 semper
3547 3150 3562 3193 ε
3615 3134 3782 3195 unde
3833 3153 3950 3195 1166

2458 3230 2951 3291 demonstrative
2993 3238 3198 3312 potest
3237 3229 3510 3312 probari.
3555 3230 3681 3293 Nee
3719 3232 3952 3293 Aristo-

2459 3329 2614 3391 teles
2672 3328 3166 3390 demonstrative
3226 3327 3518 3409 probavit
3577 3330 3695 3391 hoc
3751 3346 3766 3391 ε
3823 3331 3952 3392 11110

2457 3426 2818 3508 specialiter
2863 3426 3228 3488 intendebat
3280 3426 3567 3507 probare,
3603 3429 3774 3509 quod
3826 3446 3950 3490 non

2460 3525 2697 3605 incepit
2745 3542 2820 3586 eo
2871 3525 3056 3586 modo
3105 3542 3232 3606 quo
3282 3525 3541 3607 quidam
3603 3536 3954 3606 posuerunt

2460 3623 2840 3704 philosophi.
2877 3622 3049 3683 Unde
3094 3630 3222 3684 tam
3271 3631 3493 3685 octavo
3539 3623 3950 3708 physicorum

2459 3740 2650 3803 quam
2713 3721 2922 3802 primo
2984 3721 3160 3793 Coeli,
3224 3721 3552 3802 praemittit
3613 3722 3950 3803 opiniones

2456 3820 2859 3899 Anaxagorae,
2887 3818 3286 3900 Empedoclis
3314 3826 3378 3881 et
3408 3820 3703 3893 ΡΙ6101115,
3731 3829 3950 3883 contra

2458 3936 2617 3999 quos
2661 3918 2934 3979 rationes
2978 3917 3496 3979 contradictorias
3540 3919 3802 3981 inducit.

2536 4016 2695 4078 Hinc
2728 4016 3038 4077 mundum
3073 4016 3386 4097 incepisse
3416 4036 3493 4078 ex
3526 4025 3831 4098 tempore,
3853 4027 3952 4081 est

2457 4115 2763 4177 articulus
2803 4115 2976 4176 fidei.
3009 4114 3266 4177 Novitas
3305 4116 3546 4198 quippe
3586 4115 3808 4178 mundi
3848 4118 3954 4179 de·

853 4226 969 4271 suo
1017 4226 1146 4290 quo
1187 4228 1224 4270 a
1267 4228 1457 4271 causa
1500 4229 1614 4271 sua
1664 4210 2019 4290 egreditur3
2051 4213 2351 4292 quemad-
2379 4211 2428 4273 D
2461 4213 2795 4276 monstrari
2837 4230 2961 4274 11011
3004 4213 3170 4275 valet
3207 4232 3284 4275 ex
3325 4222 3501 4294 parte
3543 4215 3762 4276 mundi
3805 4216 3953 4297 ipsi-

854 4307 1116 4369 modum
1154 4307 1279 4368 alia
1316 4316 1541 4369 natura
1577 4316 1674 4368 est
1714 4308 1992 4371 hominis
2020 4309 2151 4389 jam
2195 4312 2347 4384 nati,

852 4414 916 4468 et
944 4405 1297 4467 secundum
1331 4406 1500 4487 quod
1530 4406 1737 4468 adhuc
1778 4406 1844 4467 in
1876 4415 2054 4469 utero
2092 4416 2188 4469 est
2221 4428 2350 4471 ma—

851 4511 1053 4565 terno.
1089 4503 1248 4565 Hinc
1280 4502 1333 4565 si
1365 4504 1508 4585 quis
1540 4522 1616 4565 611
1648 4504 2123 4567 conditionibus
2155 4506 2353 4569 homi-

852 4602 953 4664 nis
980 4602 1111 4682 jam
1146 4601 1275 4663 nati
1306 4610 1371 4663 et
1401 4601 1684 4683 perfecti,
1700 4601 1889 4665 vellet
1919 4608 2350 4685 argumentari

853 4702 931 4763 de
962 4700 1438 4763 conditionibus
1477 4700 1619 4780 ejus
1655 4702 2008 4763 secundum
2045 4705 2213 4784 quod
2245 4706 2350 4767 ad-

853 4800 980 4862 huc
1009 4807 1106 4861 est
1137 4797 1551 4880 imperfectus
1591 4806 1779 4881 atque
1811 4799 1876 4861 in
1911 4808 2091 4863 utero
2130 4804 2351 4866 matris

854 4898 1188 4970 61151516115,
1220 4897 1622 4978 deciperetur
1655 4914 1669 4958 τ
1705 4906 1892 4979 prout
1928 4898 2119 4961 refert
2150 4900 2349 4963 Rabbi

854 4996 1096 5079 Moyses
1131 4997 1209 5057 de
1239 4996 1515 5078 quodam
1557 5013 1757 5077 puero
1787 4996 1897 5078 qui
1941 5006 2190 5060 mortua
2223 5020 2351 5061 ma-

856 5103 951 5157 tre
998 5113 1199 5176 quum
1259 5093 1576 5155 mensium
1634 5103 1801 5156 esset
1859 5114 2230 5177 paucorum,
2287 5098 2394 5160 in·

857 5192 1018 5255 silva
1060 5191 1340 5255 solitaria
1377 5201 1473 5254 est
1510 5192 1810 5267 nutritus,
1844 5194 2353 5277 perveniensque

856 5291 935 5352 ad
974 5308 1171 5353 annos
1212 5290 1634 5366 discretioniS,
1670 5291 2079 5372 interrogavit
2118 5312 2155 5354 a
2194 5311 2351 5375 quo-

2463 4332 2554 4374 us.
2607 4311 2999 4393 Principium
3058 4330 3334 4392 namque
3396 4312 3952 4376 demonstrationis

2458 4419 2554 4473 est
2603 4410 2772 4493 quod
2819 4409 2975 4491 quid
3024 4415 3137 4471 est.
3183 4410 3691 4493 Unumquodque
3738 4421 3951 4475 autem

2459 4508 2810 4570 secundum
2854 4507 3162 4569 rationem
3201 4526 3332 4569 suae
3371 4508 3606 4590 speciei
3645 4508 3957 4573 abstrahit

2458 4606 2539 4668 ab
2580 4606 2684 4667 hic
2714 4614 2776 4667 et
2817 4624 2988 4666 nunc
3023 4622 3037 4666 :
3072 4612 3332 4686 propter
3361 4606 3530 4686 quod
3571 4606 3958 4671 universalia

2459 4705 2760 4767 dicuntur
2787 4722 2926 4765 esse
2959 4702 3198 4785 ubique
3239 4711 3302 4766 et
3337 4723 3608 4785 semper.
3643 4706 3820 4767 Unde
3850 4708 3956 4769 de-

2463 4801 2798 4865 monstrari
2847 4819 2974 4864 non
3027 4808 3253 4883 potest,
3303 4802 3472 4883 quod
3528 4802 3742 4875 hom0‚
3795 4803 3958 4885 lapis

2459 4910 2569 4963 aut
2615 4900 2850 4963 coelum
2899 4918 3025 4962 non
3077 4898 3271 4962 fuerit
3323 4919 3592 4982 semper.
3649 4901 3958 4965 Similiter

2459 4998 2878 5062 demonstrari
2937 5017 3062 5060 non
3124 5006 3330 5079 potest
3386 5017 3464 5060 ex
3516 5007 3693 5079 parte
3751 5018 3958 5063 causae

2459 5096 2724 5179 agentiS,
2757 5116 2898 5178 quae
2935 5096 3064 5177 agit
3104 5115 3218 5177 per
3257 5096 3647 5159 voluntatem
3683 5114 3698 5159 :
3733 5097 3956 5160 volun·

2460 5204 2554 5257 tas
2596 5194 2768 5256 enim
2820 5194 2930 5256 Dei
2981 5193 3222 5256 ratione
3273 5212 3398 5257 non
3449 5202 3657 5276 potest
3700 5195 3958 5258 investi-

2461 5291 2592 5373 gari
2634 5292 2758 5354 nisi
2802 5292 2970 5354 circa
3015 5310 3089 5354 ea
3129 5311 3270 5373 quae
3315 5310 3572 5355 11666556
3615 5300 3711 5355 651
3752 5292 3952 5355 Deum

3977 2930 4022 2970 p.
4043 2916 4184 2958 atax.
