4334 6242
803 497 1006 543 mnu
1047 497 1324 544 ANGELUS
1367 497 1560 544 BONUS
1605 499 1716 544 SEU
1759 500 1958 546 MALth
2001 501 2311 548 INTERDUM
2353 503 2629 548 DESERAT
2668 500 2972 558 nonum-m,
3013 499 3141 546 mc.

3404 481 3555 546 551·

418 667 554 729 lum
603 667 1018 748 providentiae
1065 667 1370 731 effectum
1423 669 1482 730 ei
1533 669 1871 731 exhibeant
1902 686 1918 747 3
1951 668 2003 729 A
2031 671 2294 752 angelus
2340 671 2719 752 quandoque
2768 678 2895 732 tam
2942 670 3171 733 fortem
3215 669 3366 732 facit
3413 670 3531 732 im-

417 765 526 827 sed
569 773 880 846 quantum
924 767 1002 828 ad
1045 767 1408 848 aliquorum
1457 784 1723 849 operum
1774 767 1922 829 sub-

414 864 816 940 tractionem,
849 883 926 944 ex
957 865 1068 928 Dei
1103 865 1450 939 voluntate,
1485 873 1554 926 ut
1593 866 1761 946 quod
1793 883 1921 928 non

413 963 640 1042 juvant
689 963 756 1025 in
800 963 1103 1045 periculis
1150 971 1214 1025 et
1260 963 1562 1025 adversis
1597 964 1724 1026 Nec
1771 964 1923 1025 hinc

416 1061 830 1136 credendum,
861 1062 1028 1144 quod
1062 1061 1324 1143 angelus
1355 1081 1608 1144 semper
1640 1062 1925 1124 localiter

415 1159 500 1221 sit
528 1177 674 1221 cum
706 1159 830 1222 sibi
863 1161 1244 1237 commiss03
1278 1160 1387 1222 sed
1420 1179 1535 1242 per
1563 1159 1924 1222 efficaciam

416 1276 546 1320 suae
577 1257 833 1320 virtutis
865 1277 1119 1340 semper
1149 1265 1246 1319 est
1281 1276 1558 1339 praesens
1584 1258 1923 1340 :quoniam

416 1354 732 1437 imprimit
762 1355 956 1419 fortes
986 1374 1059 1417 ac
1090 1355 1348 1418 stabiles
1381 1355 1923 1418 illuminationum

417 1463 478 1516 et
509 1453 930 1516 affectionum
963 1454 1438 1536 impressioneS,
1462 1454 1698 1537 quibus
1736 1455 1925 1517 homo

417 1571 454 1613 a
503 1552 689 1614 malis
740 1552 1186 1634 spiritualibus
1239 1560 1680 1634 praeservatur,
1732 1560 1795 1614 et
1844 1552 1922 1614 ad

417 1650 586 1712 bona
640 1651 1021 1732 disponitur.
1075 1651 1280 1732 Atque
1329 1670 1406 1712 ex
1456 1651 1924 1713 illuminatione

417 1748 637 1810 divina
682 1749 1006 1830 cognoscit
1050 1749 1303 1830 quando
1353 1749 1436 1810 sit
1483 1749 1924 1831 opportunitas

2032 769 2428 851 pressionem
2476 788 2589 831 seu
2639 769 3147 850 dispositionem,
3184 768 3353 850 quod
3403 788 3532 831 ma-

2033 874 2140 928 net
2187 867 2265 928 ad
2314 873 2567 948 tempus
2616 866 2895 930 notabile
2931 885 2945 928 :
2980 875 3050 928 ut
3099 867 3252 929 dum
3303 866 3536 949 aliquis

2033 965 2232 1026 semel
2266 964 2540 1026 multum
2571 965 2797 1027 devote
2826 971 2984 1038 orat,
3010 983 3123 1046 per
3153 965 3369 1047 plures
3399 965 3535 1026 dies

2035 1069 2321 1124 remanet
2386 1062 2533 1124 inde
2600 1063 2904 1126 devotior.
2976 1063 3206 1144 Sicque
3272 1062 3535 1143 angelus

2035 1161 2331 1242 quamvis
2379 1180 2505 1224 non
2556 1181 2809 1243 semper
2857 1163 2940 1224 sit
2990 1180 3289 1242 praesenS,
3329 1168 3539 1242 potest

2037 1278 2290 1340 semper
2320 1260 2657 1322 custodire.
2695 1259 2771 1320 Et
2800 1259 3091 1340 quamvis
3121 1259 3383 1339 angelus
3414 1258 3537 1321 sci-

2039 1365 2131 1418 ret
2172 1357 2295 1419 sibi
2336 1357 2751 1419 commissum
2790 1376 2929 1419 esse
2966 1357 3354 1438 praescitum,
3386 1363 3539 1419 atta-

2038 1473 2185 1516 men
2218 1462 2432 1536 posset
2470 1474 2617 1516 eum
2650 1474 2685 1516 a
2718 1455 2937 1517 multis
2978 1455 3161 1516 malis
3194 1455 3534 1528 retrahere,

2036 1561 2100 1616 et
2127 1554 2203 1615 ad
2237 1554 2527 1635 quaedam
2560 1553 2726 1616 bona
2757 1552 3075 1616 inducere.
3096 1554 3239 1616 Haec
3268 1553 3539 1616 Thomas

2039 1651 2104 1712 in
2147 1652 2415 1737 Scripto.

2117 1749 2353 1812 Eadem
2398 1750 2621 1813 scribit
2660 1751 2724 1812 in
2769 1749 2977 1832 prima
3020 1757 3197 1831 parte
3233 1750 3535 1823 Summae,

417 1847 834 1929 promovendi
876 1847 1206 1910 hominem
1244 1847 1368 1909 sibi
1409 1847 1825 1908 commissum
1858 1848 1924 1908 in
1962 1848 2008 1930 B
2039 1848 2388 1929 quaestione
2434 1848 2781 1911 centesima
2823 1847 3276 1910 tertiadecima.
3313 1846 3432 1910 Ubi
3474 1855 3537 1910 et

417 1946 838 2028 prosperitate
884 1945 1215 2027 temporali
1259 1953 1368 2008 aut
1406 1946 1724 2027 spirituali
1761 1963 1774 2006 :
1810 1947 1927 2008 sic-

417 2063 544 2125 que
570 2044 856 2106 ascendit
885 2051 946 2106 et
977 2044 1422 2106 descendit.—
1442 2044 1776 2125 Quumque
1807 2045 1928 2105 vir-

417 2149 520 2203 tus
566 2141 708 2223 ejus
750 2142 1008 2216 motiva,
1042 2142 1124 2204 sit
1162 2141 1366 2203 virtus
1407 2140 1776 2204 substantiae
1812 2142 1930 2202 im-

420 2241 790 2314 materialiS‚
856 2243 1141 2323 operatio
1207 2242 1348 2322 ejus
1414 2249 1510 2303 est
1576 2242 1928 2303 secundum

419 2340 682 2401 modum
728 2338 1098 2402 substantiae
1139 2359 1176 2402 a
1213 2359 1339 2423 qua
1369 2339 1534 2401 fluit.
1573 2340 1746 2401 Unde
1780 2340 1931 2421 quia

419 2437 774 2499 substantia
801 2436 1151 2518 spiritualis
1182 2455 1309 2499 non
1335 2446 1431 2500 θεῖ
1457 2437 1930 2520 proportionata

419 2535 628 2617 spatio
659 2534 852 2596 medii
887 2535 1128 2609 localis,
1162 2537 1312 2617 quia
1351 2553 1476 2598 non
1509 2536 1699 2598 habet
1735 2556 1931 2618 quan-

422 2635 668 2695 titatem
711 2651 827 2694 nec
869 2633 1264 2714 principium
1306 2635 1678 2714 quantitatis
1718 2635 1782 2696 in
1815 2626 1928 2696 sua

423 2739 651 2794 natura
685 2749 698 2793 :
736 2730 878 2792 ideo
917 2731 1068 2792 dum
1113 2740 1426 2806 movetur,
1460 2733 1633 2794 venit
1666 2733 1928 2814 quidem

421 2831 499 2892 de
530 2838 816 2892 extremo
847 2829 911 2890 in
943 2837 1302 2891 extremum
1334 2849 1448 2911 per
1479 2830 1926 2903 medium‚n0n

423 2927 997 2992 commensurando
1027 2945 1096 2988 se
1127 2927 1360 3001 medio,
1395 2947 1511 2990 nec
1545 2937 1756 3010 partes
1791 2947 1929 3010 spa-

423 3126 780 3208 portionata
811 3133 1126 3198 movetur,
1146 3125 1462 3188 vincendo
1493 3123 1772 3187 medium
1807 3125 1924 3186 im-

423 3231 576 3304 petu
609 3223 873 3304 spiritus
905 3224 1028 3296 sui,
1063 3224 1151 3284 ita
1180 3224 1348 3305 quod
1380 3225 1697 3305 quantitas
1730 3223 1926 3285 medii

421 3340 552 3384 non
601 3328 699 3383 est
746 3319 805 3384 ei
851 3322 1195 3404 quantitaS‚
1245 3323 1355 3384 sed
1410 3330 1478 3383 ut
1528 3321 1922 3384 indivisibile

421 3426 756 3502 punctum.
799 3419 1000 3482 Aliter
1048 3419 1221 3482 enim
1274 3438 1401 3481 non
1450 3420 1698 3481 veniret
1745 3439 1924 3501 aeque

423 3519 728 3581 velociter
758 3519 836 3580 de
867 3517 1028 3580 coelo
1061 3518 1126 3579 in
1157 3524 1496 3591 terram,et
1524 3518 1603 3579 de
1633 3537 1760 3579 una
1789 3538 1927 3600 par-

421 3625 486 3679 te
518 3624 700 3679 terrae
729 3616 807 3678 ad
839 3615 1030 3678 aliam
1054 3617 1257 3697 :quod
1288 3614 1521 3678 falsum
1551 3623 1665 3677 est.
1691 3616 1925 3678 Eadem

423 3715 637 3796 itaque
667 3714 1000 3778 velocitate
1031 3733 1145 3797 per
1173 3715 1450 3795 spatium
1482 3715 1926 3796 quodcumque

427 3819 718 3875 movetur
751 3829 766 3873 z
802 3813 971 3895 quod
1012 3818 1185 3894 patet
1222 3831 1300 3874 ex
1339 3812 1460 3874 hoc
1503 3812 1672 3893 quod
1716 3811 1928 3874 subito

425 3911 491 3971 in
523 3910 680 3972 locis
719 3917 1018 3991 operatur
1058 3909 1350 3983 diversis,
1384 3917 1454 3970 ut
1493 3918 1663 3992 patet
1699 3911 1927 3972 multo·

423 4009 544 4070 ties
577 4007 642 4069 in
674 4006 1040 4089 Scripturis.
1077 4007 1180 4070 Sic
1221 4026 1370 4088 ergo
1413 4016 1723 4082 movetur,
1758 4010 1927 4089 quod

376 4160 379 4162 ,
425 4107 490 4168 in
534 4123 662 4168 uno
707 4123 878 4167 nunc
922 4114 1019 4168 est
1064 4105 1127 4166 in
1173 4107 1448 4168 termino
1488 4125 1525 4167 a
1569 4124 1716 4187 qu0,
1749 4113 1813 4168 et
1863 4107 1927 4167 in

2037 1947 2211 2008 addit
2246 1964 2259 2008 ε
2294 1946 2594 2019 Quamvis
2622 1946 2885 2026 angelus
2917 1945 3236 2007 interdum
3268 1945 3535 2007 derelin-
3614 1977 3697 2018 m·
3722 1976 3747 2015 ⁶
3774 1971 3829 2016 ,d

2038 2053 2191 2126 quat
2247 2045 2574 2107 hominem
2635 2044 2794 2116 loco,
2843 2062 2969 2107 non
3028 2051 3237 2105 tamen
3296 2042 3533 2106 effectu
3563 2040 3656 2080 ³⁸·-

2039 2142 2359 2205 custodiae.
2400 2142 2557 2204 Nam
2597 2151 2659 2205 et
2700 2143 2766 2204 in
2807 2143 2967 2205 coelo
3006 2142 3340 2216 exsistens,
3381 2142 3536 2224 quid

2040 2240 2211 2302 circa
2248 2241 2573 2302 hominem
2614 2249 2834 2321 agatur
2870 2240 3190 2321 agnoscit3
3224 2257 3341 2302 nec
3380 2240 3541 2302 indi-

2038 2345 2144 2418 get
2175 2357 2351 2400 mora
2379 2339 2686 2420 temporis
2715 2339 2791 2400 ad
2826 2347 3069 2400 motum
3111 2338 3399 2412 localem,
3430 2339 3540 2401 sed

2040 2437 2253 2499 statim
2300 2445 2506 2520 potest
2547 2439 2785 2500 adesse.
2896 2503 2901 2508 ,

2119 2537 2404 2618 Denique
2435 2538 2653 2599 Petrus
2689 2554 2704 2598 :
2737 2536 2984 2618 Duplex
3015 2543 3110 2599 est
3138 2536 3405 2618 (inquit)
3434 2555 3542 2599 cu-
3580 2617 3587 2626 ¹

2039 2635 2245 2696 stodia
2272 2635 2663 2715 angelorum.
2699 2635 2831 2697 Una
2861 2635 3175 2715 generalis
3210 2635 3404 2697 totius
3430 2634 3541 2696 ali-

2039 2732 2224 2812 cujus
2284 2733 2761 2794 communitatis
2818 2750 2832 2793 :
2888 2740 2950 2794 et
3010 2733 3143 2795 haec
3200 2733 3541 2814 aliquando

2037 2828 2272 2891 deserit
2302 2829 2847 2892 communitatem.
2874 2830 3047 2892 Unde
3078 2829 3334 2904 dicitur,
3368 2830 3538 2912 quod

2037 2928 2323 3000 Michael,
2359 2928 2470 3010 qui
2500 2927 2627 2989 fuit
2656 2928 2995 3011 Synagogae
3026 2929 3427 3010 praepositus,
3451 2927 3537 2990 fa·
3562 2945 3681 2990 Dan.
3702 2949 3829 2999 κω.

420 3027 494 3088 tii
539 3024 966 3103 numerand03
999 3026 1108 3087 sed
1154 3025 1389 3087 virtute
1433 3027 1646 3087 medio
1694 3026 1927 3107 impro-
1959 3029 2002 3092 C
2037 3032 2177 3088 ctus
2226 3034 2321 3087 est
2369 3025 2667 3089 Ecclesiae
2715 3027 3015 3108 princeps

3068 3045 3081 3088 :
3134 3035 3393 3088 secutus
3441 3033 3537 3088 est

2035 3124 2209 3186 enim
2250 3124 2599 3186 Ecclesiam
2646 3125 3039 3206 primitivam
3081 3143 3157 3186 ex
3196 3125 3428 3188 Judaeis
3470 3125 3534 3186 in

2035 3220 2271 3302 quibus
2320 3230 2709 3284 remanserat
2748 3223 2913 3284 fides
2956 3229 3230 3305 patrum.
3264 3223 3404 3285 Alia
3441 3231 3537 3286 est

2035 3319 2325 3382 custodia
2350 3320 2644 3401 specialis
2674 3339 2959 3402 personae
2990 3320 3373 3402 cujuslibet:
3396 3340 3538 3402 quae

2035 3437 2163 3480 non
2196 3417 2432 3480 deserit
2461 3417 2859 3500 simpliciter,
2884 3426 3031 3492 etc.‚
3055 3427 3126 3480 ut
3155 3437 3367 3500 supra.
3394 3418 3538 3482 Haec

2037 3517 2277 3580 Petrus,

2118 3615 2308 3677 Porro
2338 3614 2686 3676 Richardus
2712 3615 3013 3687 :Quidam
3044 3615 3186 3696 (ait)
3215 3615 3535 3688 dixerunt,

2039 3714 2206 3794 quod
2239 3713 2502 3793 angelus
2532 3711 2849 3774 interdum
2880 3713 3113 3776 deserit
3142 3714 3535 3785 custoditum,

2040 3811 2194 3872 dum
2226 3810 2470 3872 scilicet
2511 3829 2577 3872 se
2608 3810 2781 3872 videt
2822 3811 2991 3872 circa
3022 3811 3204 3872 illum
3241 3830 3367 3875 non
3400 3829 3541 3894 pos-

2041 3928 2108 3970 se
2152 3907 2487 3989 proficere,
2524 3908 3064 3989 quemadmodum
3108 3910 3394 3972 medicus
3433 3910 3539 3972 de-

2038 4008 2194 4069 serit
2222 4024 2461 4087 aegrum
2504 4007 2580 4068 de
2613 4006 2799 4087 cujus
2838 4008 3163 4071 curatione
3195 4009 3487 4089 desperat
3520 4025 3535 4069 ε

2039 4106 2207 4167 sicut
2238 4112 2299 4166 et
2338 4104 2601 4185 angelus
2644 4105 2870 4176 maluS‚
2906 4124 3103 4185 quum
3139 4105 3224 4167 ita
3258 4105 3538 4186 perfecte

425 4203 550 4265 alio
591 4203 657 4264 in
704 4203 935 4274 medio,
969 4211 1158 4284 atque
1204 4203 1268 4263 in
1315 4203 1501 4265 tertio
1545 4203 1609 4264 in
1655 4203 1928 4264 termino
1957 4205 2006 4266 D
2037 4203 2116 4265 ab
2161 4203 2420 4266 homine
2462 4202 2671 4264 victus
2711 4210 2827 4276 est,
2861 4203 3030 4284 quod
3076 4222 3143 4265 se
3187 4211 3368 4285 putat
3410 4221 3535 4266 non

425 4301 503 4362 ad
535 4319 747 4382 quem.
784 4301 921 4363 Non
951 4308 1165 4362 autem
1199 4307 1488 4362 movetur
1519 4301 1584 4362 in
1616 4309 1924 4382 tempore,

429 4407 548 4461 etc.
599 4399 740 4462 Haec
783 4398 1130 4462 UdalricuS.

509 4497 636 4560 Hoc
667 4505 763 4559 est
793 4497 962 4578 quod
999 4497 1280 4578 loquitur
1309 4496 1580 4560 Thomas
1616 4514 1629 4559 :
1663 4496 1928 4578 Angelo-

429 4615 574 4659 rum
605 4595 893 4657 custodia
930 4614 1130 4676 quum
1169 4594 1250 4656 sit
1279 4596 1567 4676 quaedam
1606 4596 1930 4658 exsecutio

428 4694 662 4756 divinae
700 4692 1136 4774 providentiae,
1170 4701 1418 4774 oportet
1457 4693 1621 4755 idem
1664 4713 1802 4756 esse
1838 4694 1932 4774 ju·

429 4791 670 4854 dicium
713 4791 791 4852 de
842 4798 1130 4872 utroque.
1183 4791 1412 4853 Divina
1463 4800 1674 4854 autem
1726 4793 1933 4874 provi-

431 4890 648 4953 dentia
709 4909 1038 4973 nunquam
1100 4890 1425 4952 hominem
1491 4891 1796 4973 relinquit
1854 4910 1930 4953 ex

433 4995 586 5061 toto,
640 4987 788 5050 licet
839 4987 1040 5068 magis
1083 4989 1410 5069 provideat
1456 4990 1560 5051 uni
1608 5009 1799 5071 quam
1850 4990 1934 5051 al·

256 5117 404 5154 mm,
435 5087 572 5148 teri.
627 5085 778 5148 Inde
828 5093 890 5148 et
931 5086 1099 5148 oculi
1155 5085 1408 5148 Domini
1467 5107 1658 5168 super
1702 5087 1930 5168 justOS,

287 5241 404 5278 ‘vm'
435 5183 672 5266 quibus
702 5185 858 5246 adeo
888 5183 1167 5266 perfecte
1199 5184 1687 5267 providet,quod
1720 5185 1935 5248 omnia

437 5289 858 5364 cooperantur
886 5282 979 5346 eis
1013 5282 1075 5344 in
1110 5281 1454 5344 bonum.ln
1486 5284 1718 5367 quibus
1749 5283 1935 5346 ctiam

2036 4302 2314 4383 amplius
2356 4319 2539 4382 posse
2573 4300 2667 4361 illi
2707 4318 2957 4373 nocere,
2994 4302 3231 4364 recedit
3260 4311 3324 4364 et
3352 4303 3536 4366 omit-

2038 4400 2116 4460 tit
2144 4417 2292 4460 eum
2326 4399 2722 4479 impugnare.
2747 4434 2828 4443 —
2856 4399 2995 4460 Alia
3023 4406 3119 4460 est
3146 4399 3363 4480 opinio
3396 4417 3535 4481 pro-

2037 4497 2311 4559 babilior
2339 4505 2528 4578 atque
2559 4496 2982 4572 communior,
3010 4498 3178 4578 quod
3210 4517 3537 4582 nunquam

2040 4595 2104 4656 in
2157 4603 2286 4657 toto
2338 4595 2571 4656 deserit
2620 4594 2945 4657 hominem
2996 4595 3282 4657 custodia
3328 4596 3536 4676 angeli

2041 4694 2162 4766 sui,
2198 4693 2349 4775 quia
2378 4712 2631 4774 semper
2662 4700 2869 4774 potest
2898 4693 2957 4756 ei
2998 4694 3297 4774 prodesse
3328 4695 3392 4756 in
3423 4694 3536 4756 ali-

2042 4809 2170 4873 quo
2196 4789 2403 4872 :quod
2436 4808 2561 4852 non
2594 4797 2801 4872 potest
2831 4791 3119 4854 medicus
3155 4792 3218 4853 in
3251 4792 3538 4875 quolibet

2042 4908 2227 4971 aegro.
2263 4887 2539 4970 Angelus
2584 4906 2838 4970 quoque
2884 4889 3109 4962 maluS,
3144 4889 3269 4952 nisi
3322 4890 3403 4953 sit
3452 4891 3540 4952 ita

2044 4988 2325 5070 perfecte
2368 4987 2576 5048 victus
2618 4986 2698 5048 ab
2742 4987 3022 5061 homine,
3055 4988 3223 5069 quod
3270 4988 3542 5051 aestimat

2045 5106 2111 5148 se
2142 5105 2269 5148 non
2304 5103 2487 5167 posse
2518 5085 2700 5147 illum
2735 5084 3052 5147 retrahere
3082 5086 3162 5148 ab
3189 5086 3404 5168 aliquo
3432 5086 3539 5149 bo-

2047 5201 2150 5256 no,
2186 5202 2311 5245 non
2356 5184 2627 5246 totaliter
2658 5183 2895 5246 recedit
2932 5183 3013 5246 ab
3044 5202 3137 5247 θο.
3173 5184 3281 5247 His
3314 5185 3539 5248 alludit

2049 5282 2217 5365 quod
2252 5280 2316 5343 in
2350 5280 2512 5344 libro
2542 5282 2617 5344 de
2645 5283 2773 5344 Deo
2808 5282 3077 5345 Socratis
3106 5283 3412 5365 Apuleius
3443 5301 3537 5346 as-
