4334 6242
843 491 931 536 AN
968 491 1242 538 ANGELUS
1284 491 1347 538 IN
1391 490 1575 538 nuno
1616 490 1899 536 msTAN'rl
1942 490 2070 536 SUAE
2110 489 2468 537 cnffltrloms
2510 491 2726 538 FUEmT
2765 492 2963 539 MALUS

3329 472 3451 538 239

356 662 635 724 cundum
678 662 849 743 quod
896 662 1129 725 divinae
1176 661 1478 725 bonitatis
1524 669 1621 724 est
1664 661 1853 743 parti·
1878 661 1931 723 A
1959 661 2250 724 tellectus
2297 662 2432 724 veri
2480 662 2632 726 boni
2693 664 3006 746 praecedat
3053 662 3448 726 intellectum

355 779 501 841 ceps
534 768 649 824 :et
692 760 811 823 hoc
855 767 951 822 est
994 761 1257 834 bonum,
1292 779 1417 823 non
1462 760 1723 822 malum.

429 859 589 920 Hinc
638 859 749 921 alii
804 859 1193 932 asserebant,
1242 860 1413 941 quod
1470 858 1733 939 angelus
1782 859 1849 919 in

352 956 673 1039 principio
720 977 853 1020 suae
896 957 1234 1021 creationis
1283 958 1407 1020 suit
1449 957 1677 1032 malus,
1721 975 1847 1020 non

352 1054 643 1117 habendo
692 1075 729 1118 a
778 1057 905 1118 Deo
962 1057 1071 1118 sed
1120 1076 1157 1118 a
1210 1057 1468 1139 propria
1524 1055 1848 1119 voluntate

354 1153 684 1216 malitiam.
726 1155 871 1218 Haec
916 1162 1130 1216 autem
1179 1155 1399 1237 opinio
1442 1174 1603 1217 vana
1648 1161 1712 1216 et
1752 1172 1849 1215 er-

352 1269 539 1313 ronea
585 1259 683 1314 est
724 1271 797 1314 ac
841 1252 1017 1314 salsa.
1054 1254 1247 1328 Vana,
1291 1253 1443 1335 quia
1491 1271 1617 1316 non
1658 1251 1850 1314 habet

352 1349 615 1412 firmum
644 1350 1133 1414 fundamentum
1164 1371 1291 1434 quo
1317 1351 1847 1434 probetur,quum

352 1448 593 1511 malitia
650 1451 859 1531 angeli
908 1469 987 1512 ex
1034 1450 1357 1513 voluntate
1415 1449 1557 1531 ejus
1614 1450 1847 1532 depen-

351 1547 525 1625 deat;
564 1555 627 1609 et
672 1549 815 1611 ideo
858 1568 1059 1630 quum
1098 1543 1391 1612 voluntas
1434 1550 1513 1612 ad
1560 1548 1850 1611 utrumli-

350 1643 457 1706 bet
485 1664 553 1707 se
584 1645 833 1720 habeat,
866 1647 1108 1710 ratione
1138 1648 1411 1711 inveniri
1451 1667 1576 1711 non
1618 1655 1843 1730 potest,

352 1742 626 1806 Erronea
676 1753 793 1818 est,
846 1745 997 1826 quia
1055 1746 1280 1827 primae
1328 1746 1617 1828 opinioni
1665 1746 1847 1808 valde

1959 759 2326 822 verisimilis
2386 761 2534 823 boni
2590 781 2604 824 :
2657 762 2876 843 sicque
2923 761 3246 844 appetitus
3293 761 3455 824 aesti-

1962 858 2114 919 mati
2175 858 2348 933 boni,
2403 877 2531 941 quo
2587 860 2849 940 angelus
2907 859 2986 920 sit
3041 859 3270 934 maluS,
3326 877 3452 922 non

1961 964 2167 1038 potest
2215 957 2398 1039 sequi
2453 958 2736 1039 primum
2794 965 3008 1019 actum
3069 957 3450 1032 intellectuS,

1958 1073 2087 1136 quo
2126 1056 2484 1119 considerat
2521 1076 2744 1118 verum
2787 1056 3052 1131 bonum,
3085 1057 3196 1119 sed
3235 1075 3458 1118 secun-

1958 1155 2134 1228 dum,
2186 1173 2316 1236 quo
2373 1155 2730 1218 considerat
2779 1156 3130 1219 verisimile
3187 1155 3448 1219 bonum.

1960 1253 2133 1314 Unde
2165 1273 2365 1335 quum
2398 1254 2796 1336 impossibile
2826 1255 2908 1316 sit
2941 1254 3292 1316 intellectui
3325 1273 3454 1316 cre-

1958 1359 2062 1414 ato
2092 1351 2276 1433 plura
2314 1352 2506 1414 simul
2545 1353 2920 1434 intelligere,
2954 1371 3080 1416 non
3113 1352 3319 1434 potuit
3347 1372 3454 1434 ap-

1962 1450 2200 1531 petitus
2230 1451 2438 1532 angeli
2474 1471 2612 1514 esse
2643 1452 2849 1514 malus
2884 1452 2950 1514 in
2981 1452 3191 1534 primo
3220 1453 3454 1513 instan-

1962 1549 2011 1608 ti
2052 1567 2183 1611 suae
2226 1550 2582 1612 creationis,
2617 1586 2697 1594 —
2725 1550 2868 1612 Haec
2911 1549 3198 1613 Thomas,

2070 1646 2266 1727 Cujus
2327 1647 2496 1709 dicta
2561 1666 2688 1710 non
2749 1648 3048 1710 videntur
3107 1666 3452 1711 consonare

1960 1743 2174 1806 verbis
2230 1746 2705 1820 Bonaventurae,
2767 1747 3038 1808 dicentis
3088 1767 3102 1810 :
3155 1747 3453 1820 Quamvis

352 1840 579 1916 vicina,
612 1849 677 1904 et
718 1862 755 1904 a
798 1843 1117 1923 magistris
1161 1844 1473 1906 damnata,
1510 1845 1686 1908 Falsa
1728 1852 1845 1918 est,
1882 1839 1929 1902 B
1957 1843 2157 1925 aliqui
2197 1843 2411 1905 dicant
2443 1844 2506 1907 in
2549 1845 2724 1907 nulla
2763 1852 3049 1908 creatura
3088 1845 3281 1907 simul
3315 1863 3452 1907 esse

350 1943 651 2022 quoniam
698 1942 1101 2025 impossibile
1144 1951 1241 2006 est
1278 1944 1577 2024 angelum
1618 1943 1685 2004 in
1725 1943 1850 2024 pri-

350 2058 453 2102 mo
498 2061 631 2104 suae
678 2041 1020 2104 creationis
1081 2041 1343 2104 instanti
1401 2060 1717 2124 peccasse.
1768 2077 1851 2086 —

349 2137 543 2218 Cujus
573 2139 1111 2221 impossibilitatis
1140 2158 1331 2202 causa
1358 2140 1493 2202 haec
1521 2160 1558 2203 a
1590 2139 1849 2222 quibus-

348 2237 491 2298 dam
520 2239 909 2319 assignatur:
930 2238 1082 2320 quia
1106 2239 1376 2301 duarum
1406 2239 1847 2320 operationum

348 2353 413 2395 se
445 2335 975 2416 consequentium
1012 2354 1137 2399 non
1179 2343 1386 2418 potest
1417 2336 1725 2397 terminus
1756 2355 1850 2397 es-

348 2451 415 2494 se
448 2450 645 2511 unus;
666 2434 951 2515 operatio
979 2441 1197 2496 autem
1223 2434 1433 2516 angeli
1464 2434 1847 2496 creationem

350 2531 765 2611 consequitur
806 2550 820 2592 ε
866 2531 1019 2593 hinc
1066 2550 1205 2594 esse
1254 2550 1383 2595 non
1434 2532 1599 2594 valet
1647 2552 1848 2593 unum

350 2635 413 2688 et
446 2628 613 2690 idem
645 2629 887 2692 instans
920 2630 987 2691 in
1016 2648 1143 2711 quo
1176 2631 1384 2712 primo
1412 2637 1509 2693 est
1536 2631 1850 2713 ens,quod

353 2733 451 2788 est
490 2727 806 2790 terminus
850 2728 1209 2802 creationiS‚
1251 2736 1313 2791 et
1358 2729 1425 2791 in
1468 2747 1595 2811 quo
1642 2729 1850 2810 primo

356 2831 451 2886 est
492 2825 721 2901 maluS,
756 2827 925 2907 quod
962 2835 1059 2889 est
1094 2828 1405 2889 terminus
1440 2827 1847 2909 operationis,

356 2923 587 2984 Verum
620 2924 757 2987 haec
788 2925 946 2988 ratio
976 2943 1103 2988 non
1133 2926 1385 2988 videtur
1415 2944 1644 3008 cogens
1670 2927 1855 3008 :quia

1961 1940 2050 2002 rei
2086 1941 2570 2023 productionem
2602 1951 2664 2005 et
2693 1943 3150 2024 operationem,
3183 1943 3337 2026 quia
3366 1951 3454 2005 ta-

1960 2057 2106 2102 men
2134 2039 2526 2120 Augustinus
2565 2041 2816 2103 videtur
2855 2041 3246 2104 contrarium
3288 2041 3456 2103 dice-

1958 2157 2027 2198 re
2069 2137 2137 2199 in
2182 2138 2324 2200 luce
2369 2145 2431 2199 et
2471 2139 2829 2221 splendore,
2864 2140 3286 2202 concedamus
3331 2139 3452 2202 hoc

1960 2235 2169 2317 ipsum
2214 2237 2280 2298 in
2317 2237 2542 2318 angelo
2583 2255 2596 2298 :
2642 2256 2769 2301 non
2815 2245 3025 2300 tamen
3068 2237 3194 2299 fuit
3237 2239 3452 2300 statim

1960 2335 2024 2395 in
2068 2341 2212 2396 actu
2252 2335 2604 2411 electioniS,
2637 2335 2941 2418 quoniam
2982 2335 3165 2397 illum
3209 2343 3455 2398 antece-

1958 2433 2053 2495 dit
2082 2433 2474 2507 deliberatio,
2508 2441 2571 2495 et
2602 2434 3012 2516 praecognitio
3042 2434 3345 2516 plurium,
3374 2470 3454 2479 —

1960 2532 2133 2594 Unde
2167 2551 2386 2594 rursus
2415 2533 2855 2595 Bonaventura
2895 2533 2989 2595 sic
3018 2533 3226 2614 arguit
3261 2551 3275 2594 :
3309 2531 3454 2595 Om-

1962 2649 2041 2692 ne
2105 2639 2437 2713 peccatum
2503 2631 2748 2693 actuale
2815 2631 2946 2694 exit
3006 2632 3072 2694 in
3135 2651 3272 2694 esse
3342 2649 3456 2714 per

1962 2737 2176 2790 actum
2213 2728 2708 2792 deliberationis,
2745 2730 2866 2792 Sed
2908 2729 3017 2791 ubi
3058 2729 3452 2804 deliberati0‚

1966 2825 2054 2888 ibi
2093 2827 2346 2889 collatio
2383 2834 2572 2910 atque
2623 2828 2942 2890 successio
2975 2845 2990 2889 ε
3025 2846 3174 2908 ergo
3213 2827 3268 2889 si
3313 2846 3456 2910 pec·

1963 2933 2176 2988 catum
2207 2925 2496 3007 sequitur
2524 2925 3290 3008 deliberationem,angeli
3321 2945 3460 3008 pec-

356 3041 557 3102 quum
606 3023 893 3104 operatio
939 3024 1285 3086 voluntatis
1341 3025 1549 3105 angeli
1598 3042 1724 3087 non
1772 3025 1853 3086 sit
1888 3025 1934 3090 C
1964 3032 2178 3086 catum
2239 3025 2529 3107 sequitur
2589 3025 2975 3088 creationem
3037 3027 3266 3107 angeli,
3329 3044 3457 3089 non

356 3120 681 3194 continua,
716 3138 843 3183 non
882 3129 1131 3203 oportet
1163 3122 1331 3204 quod
1374 3122 1674 3184 ultimum
1712 3122 1853 3202 ejus

356 3217 614 3281 differat
642 3238 679 3280 a
709 3219 1046 3301 principio.
1080 3219 1471 3302 Principium
1498 3228 1713 3282 autem
1745 3239 1855 3302 po-

358 3323 477 3378 test
516 3335 659 3379 esse
710 3317 903 3379 simul
951 3337 1101 3380 cum
1144 3319 1420 3382 termino
1464 3318 1801 3381 creationis
1836 3337 1850 3380 :

357 3433 507 3496 ergo
535 3423 599 3476 et
626 3416 943 3478 terminus
982 3416 1369 3498 operationis
1414 3424 1622 3499 potest
1660 3417 1855 3479 simul

356 3531 493 3574 esse
547 3533 697 3575 cum
746 3514 1021 3576 termino
1069 3515 1421 3577 creationis,
1474 3515 1602 3578 Nec
1651 3522 1857 3597 potest

356 3611 507 3685 dici,
550 3612 721 3693 quod
772 3619 1059 3694 oporteat
1104 3621 1316 3674 actum
1365 3613 1711 3676 voluntatis
1762 3633 1856 3676 se-

356 3711 466 3790 qui
504 3710 1083 3792 apprehensionem
1124 3710 1507 3786 intellectuS,
1540 3711 1665 3773 nisi
1694 3712 1860 3775 ordi-

356 3827 435 3870 ne
479 3815 725 3870 naturae
758 3827 774 3872 ε
806 3807 1111 3889 quoniam
1148 3808 1227 3870 de
1266 3809 1489 3871 eodem
1532 3817 1738 3891 potest
1775 3809 1857 3871 si-

357 3906 491 3968 mul
530 3925 673 3968 esse
712 3907 990 3987 cognitio
1019 3914 1083 3969 et
1111 3907 1423 3970 voluntas,
1459 3907 1587 3970 Nec
1626 3909 1858 3970 iterum

357 4013 565 4086 potest
596 4005 930 4087 dici,quod
960 4013 1247 4087 oporteat
1276 4007 1677 4070 collationem
1710 4026 1861 4089 prae-

358 4105 583 4167 cedere
614 4104 691 4166 de
724 4105 1081 4186 appetendo
1115 4125 1129 4168 ε
1163 4106 1466 4186 quoniam
1499 4106 1857 4169 intellectus

1964 3123 2172 3185 solum
2216 3129 2462 3196 natura,
2505 3123 2616 3184 sed
2665 3123 2817 3184 item
2860 3123 3211 3186 duratione.
3257 3123 3321 3186 Si
3365 3124 3458 3186 di-

1964 3240 2091 3296 cas,
2119 3222 2290 3304 quod
2318 3221 2580 3302 angelus
2613 3229 2872 3302 propter
2903 3221 3298 3283 intellectum
3330 3221 3460 3283 dei-

1964 3320 2236 3383 formem
2297 3318 2607 3381 deliberat
2673 3318 2737 3380 in
2799 3319 3082 3393 instanti,
3141 3327 3204 3381 et
3265 3319 3457 3381 simul

1964 3419 2137 3481 videt
2174 3425 2364 3500 atque
2404 3415 2752 3495 deliberat3
2793 3417 3057 3480 ostendo
3095 3418 3265 3499 quod
3309 3435 3455 3480 non,

1963 3517 2242 3597 Angelus
2275 3515 2447 3577 enim
2486 3515 2564 3576 ad
2604 3515 2725 3578 hoc
2754 3515 2924 3597 quod
2962 3522 3310 3597 appeteret,
3342 3517 3464 3578 tria

1966 3614 2322 3676 necessario
2365 3613 2814 3694 praecognovit,
2858 3613 3176 3688 videlicet,
3218 3613 3462 3696 appeti-

1966 3711 2116 3785 bile,
2149 3717 2212 3771 et
2251 3708 2356 3770 eui
2397 3709 2758 3791 appetebat,
2792 3710 3230 3793 rationemque
3273 3730 3464 3794 appe-

1966 3809 2139 3873 tendi
2168 3808 2413 3890 (aliqua
2440 3809 2676 3870 etenim
2717 3809 2878 3871 ratio
2904 3807 3030 3870 fuit
3060 3828 3200 3890 quae
3233 3810 3466 3872 excita-

1966 3908 2058 3970 vit
2106 3907 2184 3968 ad
2231 3906 2708 3988 appetendum).
2762 3906 2906 3969 Haec
2951 3914 3166 3968 autem
3213 3906 3464 3970 diversa

1968 4012 2135 4079 sunt,
2170 4013 2391 4086 estque
2435 4003 2832 4085 impossibile
2876 4023 2991 4086 per
3027 4012 3318 4067 naturam
3359 4022 3465 4087 po-

1970 4104 2231 4166 tentiam
2281 4102 2562 4184 aliquam
2613 4102 2974 4184 simplicem
3026 4104 3220 4165 simul
3268 4112 3330 4165 et
3373 4123 3466 4166 se-

357 4202 567 4283 angeli
608 4220 735 4265 non
769 4209 867 4264 est
896 4202 1310 4284 inquisitivus
1349 4222 1467 4265 nec
1501 4204 1853 4266 collativus.
1887 4207 1939 4269 D
1970 4203 2095 4265 mel
2126 4203 2203 4264 ad
2237 4203 2421 4284 plura
2449 4201 2753 4264 converti,
2781 4201 3039 4283 Propter
3071 4202 3238 4284 quod
3269 4202 3461 4266 etiam

358 4335 439 4345 -—
482 4301 633 4363 Ideo
680 4300 865 4362 aliter
912 4307 1008 4362 est
1053 4299 1591 4382 respondendum,
1637 4302 1859 4364 videli-

361 4405 461 4459 cet
489 4398 663 4479 quod
696 4418 897 4480 quum
929 4398 1223 4462 voluntas
1255 4417 1381 4462 non
1412 4400 1495 4460 sit
1526 4399 1649 4462 nisi
1682 4399 1855 4474 boni,

361 4513 487 4558 non
538 4503 747 4578 potest
788 4497 1029 4578 aliquid
1078 4517 1217 4560 esse
1263 4497 1531 4561 volitum
1581 4499 1705 4560 nisi
1752 4518 1861 4581 ap-

362 4595 793 4676 prehendatur
852 4603 921 4656 ut
968 4595 1209 4658 bonum
1267 4597 1345 4659 ad
1403 4582 1854 4678 appetendum.

360 4693 535 4766 Quod
584 4694 640 4755 si
684 4711 833 4755 vere
882 4692 1124 4756 bonum
1172 4703 1268 4758 est
1308 4696 1546 4778 appeti,
1590 4714 1715 4758 non
1764 4703 1861 4757 est

362 4799 697 4874 peccatum
742 4792 809 4854 in
852 4793 1143 4875 appetitu
1177 4811 1191 4854 ε
1226 4793 1369 4855 ideo
1414 4795 1467 4854 si
1514 4794 1597 4856 sit
1640 4814 1859 4876 pecca-

359 4899 520 4966 tum,
554 4897 807 4972 oportet
836 4892 1007 4972 quod
1046 4892 1129 4953 sit
1156 4890 1398 4954 bonum
1429 4892 1861 4955 verisimiliter

359 5009 473 5052 seu
501 4997 908 5072 apparenter,
940 5007 1067 5051 non
1096 5009 1264 5051 vere.
1288 4991 1477 5052 Porro
1508 4991 1859 5053 secundum

356 5088 789 5170 Augustinum
838 5087 905 5149 in
958 5086 1118 5150 libro
1167 5096 1385 5151 contra
1424 5089 1857 5165 AcademicOS‚

359 5203 485 5248 non
516 5193 730 5268 potest
758 5185 1001 5267 aliquid
1026 5185 1301 5266 judicari
1333 5185 1701 5260 verisimile,
1734 5187 1859 5250 nisi

360 5303 583 5350 verum
634 5285 720 5346 sit
763 5283 1111 5364 cognitum.
1155 5283 1319 5364 Ergo
1359 5291 1607 5365 oportet
1653 5293 1722 5347 ut
1767 5286 1863 5348 in·

1969 4300 2127 4362 dicit
2154 4300 2594 4383 Philosophus,
2615 4299 2784 4380 quod
2816 4299 3232 4382 intelligimus
3263 4320 3464 4363 unum

1967 4400 2194 4463 solum.
2237 4399 2380 4462 Haec
2422 4398 2880 4462 Bonaventura,
2927 4399 3234 4472 Quocirca
3278 4418 3466 4481 appa-

1968 4506 2085 4571 ret,
2119 4497 2289 4579 quod
2336 4497 2517 4579 plura
2563 4504 2634 4558 ut
2677 4513 2962 4559 connexa
3009 4498 3202 4560 simul
3245 4516 3469 4580 appre-

1966 4595 2161 4658 hendi
2206 4594 2299 4656 nil
2342 4594 2658 4678 prohibet.

2075 4695 2342 4776 Insuper
2407 4694 2577 4757 circa
2645 4693 2838 4756 verba
2899 4693 3152 4756 Thomae
3212 4694 3466 4756 videtur

1967 4793 2137 4875 quod
2168 4793 2462 4875 quamvis
2493 4793 2846 4855 secundum
2875 4792 3302 4872 Augustinum
3336 4810 3462 4855 non

1969 4900 2158 4974 queat
2205 4891 2359 4973 quid
2410 4891 2756 4954 verisimile
2803 4890 3098 4971 judicari,
3149 4890 3467 4972 loquendo

1966 4990 2342 5066 formaliter,
2378 4990 2441 5052 id
2485 4999 2580 5052 est
2621 4989 2742 5052 sub
2787 4989 3029 5052 ratione
3065 4990 3460 5064 verisimili3‚

1968 5088 2093 5151 nisi
2152 5106 2374 5150 verum
2433 5087 2516 5148 sit
2575 5087 2938 5166 cognitum3
2990 5084 3193 5149 nihilo
3253 5087 3466 5149 minus

1970 5177 2179 5269 potest
2229 5193 2438 5248 creata
2485 5203 2665 5246 mens
2716 5184 2960 5265 aliquid
3010 5203 3244 5266 cupere
3294 5186 3466 5266 quod

1971 5284 2384 5348 materialiter
2425 5289 2520 5345 est
2562 5282 2932 5358 verisimile,
2977 5300 3104 5347 non
3147 5283 3466 5366 praeintel-
