4334 6242
472 475 698 534 ouaesr.
733 477 793 525 vl
829 477 844 524 ε
879 477 962 526 ΑΝ
999 475 1214 526 mcum
1252 475 1564 526 umorum
1601 475 1889 525 consino
1913 477 2032 526 Au‘r
2071 475 2319 526 Auximo
2358 476 2453 526 n‘rx
2493 479 2555 526 m
2594 477 3108 538 mvmfllortumS,
3141 479 3267 527 nm.
3322 460 3442 527 435

341 650 652 730 imagines
697 650 762 712 in
809 650 1104 732 pluribus
1153 648 1464 733 speculis;
1505 655 1568 710 ct.
1615 648 1840 710 simili·
1871 648 1922 711 A
1952 646 2239 710 interiori
2288 649 2563 712 influant.
2605 651 2849 733 specics
2888 652 2965 713 ad
3010 670 3234 714 sensus
3282 661 3449 714 exte-

338 750 546 812 tudini
588 751 876 812 naturale
905 760 1002 813 est
1031 748 1450 812 circumvolvi
1488 748 1840 810 circumvo-

337 847 470 910 luto
520 847 661 930 ipso
722 849 950 930 spiritu
1013 847 1359 921 deferente,
1414 846 1666 928 ipsique
1725 846 1842 907 cir-

334 946 707 1010 cumvoluto
746 947 1034 1008 naturale
1074 954 1171 1008 est
1211 952 1663 1027 repraesentare
1705 962 1840 1005 rem

333 1052 403 1107 ut
433 1045 1000 1124 circumvolutam3
1023 1043 1556 1106 similitudinibus
1588 1059 1842 1124 quoque

331 1142 414 1204 ab
446 1143 672 1206 eodem
703 1143 945 1206 visibili
982 1143 1059 1205 ad
1091 1143 1250 1204 duos
1290 1141 1508 1204 oculos
1540 1140 1844 1203 venienti-

336 1241 456 1304 bus
492 1242 780 1305 naturale
818 1249 914 1304 est
949 1241 1239 1324 accipere
1279 1241 1473 1302 situm
1515 1239 1841 1301 diversum

338 1341 404 1403 in
436 1341 576 1404 loco
602 1340 1176 1424 judicii,depresso
1209 1357 1406 1402 nervo
1435 1339 1732 1400 veniente
1762 1339 1840 1400 ad

1951 745 2170 821 rioreS‚
2205 753 2268 808 et
2306 765 2412 809 eos
2457 747 2749 810 afficiant
2786 754 2851 809 et
2891 747 3233 812 informent
3278 768 3351 811 ac
3394 749 3450 812 si

1951 843 2201 923 objecta
2229 843 2585 907 forinsecus
2616 854 3018 927 apparerent,
3044 854 3231 928 prout
3263 847 3327 908 in
3362 867 3455 910 se-

1951 942 2172 1024 quenti
2217 943 2625 1005 distinctione
2670 944 2871 1024 magis
2919 945 3179 1026 patebit.

2029 1041 2297 1121 Insuper
2335 1041 2563 1122 quaerit
2599 1041 2726 1116 hic,
2762 1050 2977 1104 utrum
3016 1043 3279 1124 angelus
3320 1063 3451 1108 mo-

1950 1147 2094 1201 veat
2123 1139 2359 1202 coelum
2390 1147 2499 1200 aut
2528 1140 2708 1201 aliud
2735 1157 2966 1224 corpus
2997 1142 3451 1226 quodcumque

1949 1257 2064 1320 per
2104 1237 2501 1300 intellectum
2532 1246 2594 1299 et
2624 1238 3043 1314 voluntatem,
3078 1259 3157 1302 an
3195 1259 3310 1323 per
3338 1241 3451 1305 ali-

1949 1357 2050 1400 am
2109 1337 2461 1421 potentiam
2517 1336 2817 1418 aliquam.
2870 1338 3178 1401 Henricus
3236 1348 3448 1404 autem

337 1439 597 1501 oculum
641 1459 866 1513 unum,
899 1441 1026 1501 alio
1066 1457 1192 1502 non
1233 1439 1557 1520 depresso,
1591 1443 1655 1498 et
1685 1437 1842 1517 ipsis
1951 1437 2315 1516 interrogat,
2348 1455 2427 1497 an
2471 1436 2733 1516 angelus
2772 1445 3022 1500 moveat
3062 1438 3290 1501 coelum
3336 1459 3450 1522 per
3529 1465 3724 1523 quodnb,

340 1537 406 1599 in
439 1538 579 1600 loco
605 1537 834 1618 judicii
866 1538 1190 1599 diversum
1232 1537 1426 1599 situm
1457 1534 1842 1622 habentibus
1948 1536 2126 1618 prius
2155 1543 2219 1597 et
2243 1534 2662 1597 im'mediatius
2694 1553 2809 1616 per
2837 1532 3225 1599 intellectum
3258 1558 3443 1621 quam
3476 1543 3626 1586 '‘¹¹¹’‘l·
3648 1532 3689 1575 ⁰·

339 1636 624 1697 naturale
665 1642 762 1697 est
801 1643 1254 1716 repraesentare
1295 1653 1494 1697 unum
1539 1642 1839 1716 tanquam
1951 1653 2064 1717 per
2105 1635 2519 1697 voluntatem.
2552 1669 2633 1678 —
2660 1635 2893 1696 Verum
2933 1636 3030 1698 hae
3070 1639 3449 1717 quaestiones

338 1734 484 1796 duo.
518 1769 599 1778 —
637 1734 783 1796 Haec
825 1733 1193 1796 RicharduS.
1952 1733 2118 1796 infra
2178 1735 2387 1816 potius
2446 1734 2658 1796 locum
2718 1732 2972 1796 habent.
3025 1736 3216 1798 Porro
3261 1738 3451 1819 paulo

415 1833 606 1895 Porro
637 1833 690 1894 si
723 1832 1086 1913 objiciatur,
1120 1833 1289 1914 quod
1321 1831 1672 1893 secundum
1703 1829 1841 1892 Phi·
1877 1833 1924 1896 B
1953 1841 2097 1896 ante
2148 1832 2507 1895 introducta
2555 1840 2705 1894 sunt
2751 1832 2946 1895 verba
2992 1833 3339 1910 Guillelmi,
3386 1837 3451 1899 in
3508 1870 3549 1910 p.
3573 1853 3731 1900 *asna

337 1932 698 2014 losophum,
731 1950 956 1994 sensus
1001 1931 1408 2014 propriorum
1450 1948 1703 2011 semper
1747 1935 1840 1990 est
1953 1931 2190 2014 quibus
2238 1931 2541 2006 affirmat,
2592 1931 2889 2012 angelum
2948 1933 3081 1994 sola
3129 1933 3454 1998 voluntate

335 2049 548 2104 verus,
580 2048 732 2111 ergo
776 2030 946 2092 circa
988 2030 1322 2112 proprium
1367 2027 1673 2091 sensibile
1714 2043 1840 2088 non
1953 2039 2017 2092 et
2047 2030 2399 2106 intellectu,
2432 2049 2544 2092 seu
2586 2030 2721 2093 solo
2760 2039 3071 2113 conceptu
3112 2039 3303 2114 atque
3339 2033 3456 2096 im·

337 2138 432 2192 est
472 2130 800 2212 decepti03
831 2129 1370 2212 respondendum,
1405 2128 1577 2210 quod
1619 2144 1842 2188 verum
1957 2129 2155 2211 peric,
2193 2130 2427 2192 coelum
2458 2149 2571 2191 seu
2601 2130 2725 2191 alia
2756 2130 2997 2211 quaevis
3032 2148 3305 2194 movere.
3330 2132 3457 2195 Alii

337 2236 433 2290 est
475 2248 591 2311 per
634 2247 725 2302 se,
770 2235 990 2311 utpote
1031 2228 1158 2290 nisi
1203 2227 1321 2288 siat
1365 2226 1688 2308 corruptio
1731 2225 1845 2287 ali·
1954 2228 2300 2310 opinantur
2330 2228 2720 2310 oppositum,
2750 2213 3101 2311 praesertim
3136 2249 3335 2312 quum
3366 2232 3461 2293 di-

341 2345 465 2407 qua
495 2327 668 2389 circa
699 2344 1028 2407 organum.
1064 2327 1128 2388 Si
1159 2326 1332 2388 enim
1375 2324 1666 2387 diabolus
1699 2341 1845 2385 con·
1957 2335 2058 2388 cat
2115 2327 2422 2389 articulus
2478 2346 2491 2390 :
2541 2327 2820 2407 Angelus
2880 2345 3007 2390 non
3069 2337 3281 2391 movet
3328 2330 3463 2393 sola

341 2434 557 2506 greget
587 2444 856 2508 vapores
896 2425 1194 2487 humidos
1239 2425 1410 2486 circa
1448 2423 1725 2494 visibile,
1761 2423 1848 2483 ita
1956 2425 2301 2488 voluntate.
2355 2424 2474 2488 Sed
2524 2425 2601 2486 de
2662 2425 2783 2488 isto
2842 2426 3005 2488 infra
3063 2427 3455 2490 tractabitur.

346 2533 412 2586 ut
469 2524 634 2588 radii
692 2521 1021 2588 venientes
1079 2545 1116 2586 a
1171 2523 1416 2585 visibili
1473 2523 1550 2584 ad
1608 2521 1843 2592 visum,
1958 2523 2046 2584 De
2079 2524 2195 2585 hac
2225 2523 2486 2584 demum
2528 2524 2793 2585 materia
2829 2523 3037 2586 adhuc
3072 2525 3285 2607 aliqua
3318 2544 3463 2589 con-

344 2623 719 2705 frangantur
764 2643 801 2685 a
849 2621 1362 2705 perpendiculari
1421 2619 1632 2703 quum‘
1670 2619 1846 2683 veni·
1957 2622 2245 2682 tinentur
2288 2621 2353 2682 in
2398 2621 2808 2684 distinctione
2854 2623 3166 2705 sequenti.

345 2731 458 2785 unt
503 2725 583 2784 ad
635 2722 920 2784 medium
979 2721 1204 2795 rarius,
1257 2721 1478 2802 sicque
1539 2719 1846 2800 maJorem
2039 2718 2485 2799 objectionum
2526 2719 2759 2781 solutio
2798 2719 3104 2783 elucescit
3137 2741 3215 2784 ex
3245 2723 3453 2785 dictis,

343 2819 733 2884 constituant
763 2820 1068 2901 angulum
1102 2818 1165 2881 in
1200 2818 1336 2881 loco
1363 2817 1616 2898 judicii,
1639 2824 1702 2878 et
1733 2835 1848 2899 per

341 2921 459 2982 hoc
491 2921 670 2982 visus
699 2919 944 3001 judicet
974 2917 1230 2980 visibile
1265 2917 1471 2997 majus
1503 2935 1695 2998 quam
1727 2916 1843 2994 sit3

343 3036 468 3082 non
501 3027 766 3100 propter
795 3019 915 3080 hoc
946 3017 1145 3078 salsus
1175 3024 1270 3078 est
1301 3036 1314 3079 :
1351 3015 1653 3098 quoniam
1682 3015 1848 3094 judi·
1885 3016 1930 3080 C

341 3127 440 3180 cat
479 3117 834 3180 secundum
877 3115 1262 3195 exigentiam
1303 3113 1539 3196 speciei
1578 3120 1848 3194 receptae

351 3215 412 3276 in
448 3214 591 3277 loco
620 3213 873 3295 judicii,
893 3231 1034 3295 quae
1066 3230 1201 3274 rem
1231 3219 1407 3274 tanto
1438 3217 1848 3293 repraesentat

347 3310 680 3392 majorem,
731 3308 960 3371 ceteris
1017 3308 1301 3391 paribus,
1354 3314 1593 3389 quanto
1655 3306 1848 3386 majo-

348 3429 478 3471 rem
524 3408 831 3489 angulum
877 3407 943 3469 in
985 3407 1214 3488 judicii
1259 3407 1397 3468 loco
1440 3405 1788 3468 constituit.

2389 3045 2865 3118 QUAESTIO
2934 3046 3040 3110 VI

2082 3307 2241 3370 Exto
2299 3309 2627 3390 quaeritur,
2686 3310 2816 3376 An
2873 3311 3117 3378 liceat
3172 3313 3461 3381 daemo·

2103 3421 2297 3472 num
2328 3405 2667 3474 consilio
2700 3409 2841 3472 aut
2874 3409 3177 3475 auxilio
3209 3412 3331 3476 uti
3372 3411 3461 3477 in

1958 3503 2593 3570 divinationibus
2634 3507 2717 3570 et
2757 3507 3093 3584 mag-icis
3133 3505 3391 3576 sautia.

2039 3603 2301 3664 Videtur
2359 3601 2525 3682 quod
2592 3602 2685 3662 sic
2749 3622 2763 3665 :
2826 3603 3128 3684 quoniam
3191 3605 3464 3688 ipsemet

1957 3699 2123 3760 Deus
2177 3697 2378 3759 multa
2427 3696 2593 3760 bona
2642 3717 2715 3760 ac
2756 3699 2929 3780 justa
2977 3719 3092 3783 per
3141 3700 3461 3766 daemones

1957 3804 2228 3868 exercet,
2254 3805 2317 3857 et
2346 3815 2422 3858 ex
2456 3797 2641 3858 malis
2670 3797 2845 3859 elicit
2876 3799 3077 3861 multa
3108 3820 3461 3884 magnaque

1955 3895 2138 3958 bona.
2200 3895 2361 3976 Ergo
2419 3895 2696 3957 ministri
2759 3897 2869 3958 Dei
2930 3907 3199 3979 possunt
3256 3901 3457 3962 Deum

345 4007 464 4062 test
495 3999 699 4061 nihilo
740 3998 953 4061 minus
985 3997 1232 4060 daemon
1273 3996 1480 4057 facere
1521 3994 1690 4076 quod
1731 3995 1844 4056 im·
1955 4013 2143 4055 suum
2196 3994 2261 4055 in
2310 3993 2431 4055 hoc
2474 3994 2731 4056 imitari.
2764 4030 2846 4039 —
2874 3996 3187 4072 SecundO,
3228 3999 3457 4062 Paulus

347 4099 727 4162 mutationes
789 4095 1194 4160 sensibilium
1259 4114 1400 4177 quae
1460 4101 1718 4156 manent
1775 4094 1842 4155 in
1955 4091 2354 4155 Corinthium
2415 4093 2849 4156 incestuosum
2906 4095 3164 4158 tradidit
3212 4097 3743 4170 Satanae100r.v‚⁵.

346 4196 529 4260 nobis
586 4194 974 4260 abeuntibus
1030 4192 1444 4256 sensibilibus
1503 4191 1681 4274 ipsis,
1741 4195 1923 4258 ve·D
1954 4190 2018 4252 in
2066 4190 2395 4252 interitum
2439 4191 2667 4252 carnis,

349 4296 524 4359 uiant
561 4296 640 4358 ad
681 4311 990 4376 organum
1029 4292 1398 4375 phantasiae,
1433 4289 1653 4372 sicque
1683 4289 1844 4352 fiant
2034 4290 2103 4351 In
2149 4289 2538 4351 contrarium
2584 4297 2701 4366 est,
2733 4292 2903 4372 quod
2946 4292 3013 4354 in
3059 4292 3196 4374 lege
3239 4295 3455 4360 divina

347 4395 775 4478 apparitiones
821 4410 1044 4456 eorum
1094 4410 1236 4474 quae
1279 4391 1528 4453 daemon
1570 4389 1709 4453 vult
1750 4408 1845 4452 re·
1955 4406 2071 4471 per
2111 4389 2366 4471 Moysen
2410 4389 2575 4464 data,
2617 4389 2938 4470 prohibita
2979 4399 3129 4454 sunt
3172 4393 3291 4454 ista
3334 4394 3453 4457 sub
3482 4413 3583 4460 Len.
3610 4417 3744 4466 mo.

347 4494 576 4558 velare.
610 4493 739 4556 Nec
784 4499 1013 4574 praeter
1055 4491 1169 4553 hos
1212 4490 1371 4552 duos
1415 4489 1634 4551 modos
1675 4489 1848 4550 vide·
1956 4505 2145 4569 poena
2189 4488 2428 4550 mortis.

347 4603 450 4655 tur
494 4592 659 4655 alius
707 4609 846 4653 esse
900 4589 1244 4672 possibilis,
1293 4589 1436 4651 Haec
1488 4587 1840 4650 Dur-andus,

425 3606 694 3687 Insuper
724 3604 1056 3666 Durandus
1092 3621 1105 3666 ε
1141 3602 1202 3664 Si
1224 3601 1490 3683 (inquit)
1509 3608 1842 3683 quaeratur,

348 3703 619 3787 qualiter
648 3703 968 3766 daemones
1008 3700 1254 3783 possint
1282 3698 1466 3761 nobis
1503 3699 1717 3780 aliqua
1755 3717 1848 3760 re-

347 3803 576 3877 velare,
601 3801 944 3864 dicendum
977 3800 1145 3882 quod
1177 3817 1292 3881 per
1323 3815 1509 3861 sonos
1543 3797 1844 3860 formatos

349 3901 410 3962 in
449 3919 596 3964 aere
635 3900 880 3962 similes
921 3898 1186 3961 vocibus
1228 3895 1694 3978 significativis.
1737 3896 1844 3958 Po—

427 4691 542 4754 Cui
593 4688 790 4770 objici
839 4695 1068 4770 potest,
1109 4686 1279 4769 quod
1327 4685 1535 4766 angeli
1584 4685 1735 4747 boni
1785 4691 1844 4746 et

351 4791 496 4852 mali
541 4795 812 4871 possunt
853 4787 1036 4850 nobis
1079 4785 1296 4867 aliqua
1334 4785 1613 4846 revelare
1653 4783 1845 4845 etiam

348 4888 737 4951 sensibiliter
780 4885 934 4948 foris
979 4887 1044 4947 in
1088 4884 1308 4966 vigilia
1353 4882 1717 4965 apparendo
1759 4890 1848 4943 at-

351 5007 472 5070 que
505 4986 824 5069 loquendo
857 4985 920 5047 in
957 4983 1305 5066 assumptis
1347 4981 1744 5065 corporibuS,
1779 4989 1849 5042 ut

349 5107 515 5170 saepc
563 5086 809 5149 factum
855 5092 986 5164 est3
1039 5083 1190 5144 item
1241 5081 1664 5143 exterioribus
1713 5099 1851 5142 sen-

351 5186 528 5248 sibus
575 5185 823 5267 species
873 5180 1323 5264 imprimendo,
1365 5178 1466 5242 vel
1511 5197 1850 5262 procuran-

354 5285 432 5348 do
469 5284 642 5367 quod
677 5303 715 5345 a
752 5301 944 5345 sensu
986 5278 1312 5343 communi
1350 5286 1460 5339 aut
1497 5278 1622 5341 alio
1659 5296 1850 5340 sensu

2038 4688 2129 4750 Ad
2168 4688 2290 4749 hoc
2326 4687 2765 4750 Bonaventura
2806 4687 3146 4771 respondet
3180 4711 3193 4755 τ
3227 4689 3456 4774 Hujus-

1960 4787 2131 4849 modi
2176 4794 2341 4848 artes
2384 4794 2447 4848 et
2488 4787 2911 4851 divinationes
2957 4800 3280 4872 nequeunt
3318 4813 3457 4858 esse

1960 4886 2096 4947 sine
2155 4893 2438 4967 peccato,
2490 4905 2607 4948 nec
2669 4887 2817 4949 licet
2863 4908 2899 4950 a
2947 4889 3199 4954 diabolo
3257 4894 3460 4956 consi-

1962 4984 2142 5058 lium,
2186 4984 2499 5046 auxilium
2550 4985 3061 5051 ministeriumve
3110 4990 3456 5072 requirere,

1960 5082 2087 5145 nisi
2127 5082 2416 5144 fortassis
2445 5083 2611 5145 Deus
2648 5083 2992 5164 subjiceret
3023 5086 3341 5152 daemones
3366 5090 3463 5170 ju-

1963 5189 2059 5243 sto
2087 5180 2331 5260 judicio
2368 5181 2561 5243 alicui
2604 5181 2849 5244 homini
2890 5193 3127 5260 sanem,
3164 5196 3351 5269 prout
3380 5191 3458 5252 de

1965 5279 2289 5361 aliquibus
2323 5280 2478 5342 viris
2520 5281 2755 5343 sanctis
2793 5283 3010 5344 audivi
3049 5286 3310 5348 narrari.
3342 5288 3459 5352 Vo-
