4334 6242
850 466 972 534 316

1551 488 1615 536 ΙΝ
1655 490 1878 536 Limum
1921 489 1963 534 u
2006 489 2488 536 SENTENUARUM.
2534 507 2615 520 -·
2655 491 2809 536 Dtsr.
2851 491 2931 554 V3
2975 491 3199 548 QUAEs'r.
3245 490 3266 537 1

856 659 1155 722 sideratio
1205 661 1475 743 propriae
1523 659 1915 723 excellentias
1964 659 2170 748 potuit
2214 677 2352 721 esse
2384 657 2436 720 A
2467 659 3078 724 inconsiderationis.
3120 662 3266 725 Ideo
3315 662 3522 744 potuit
3563 681 3844 745 peccare.
3891 663 3965 725 In

854 759 959 820 via
1016 760 1092 821 ad
1153 759 1403 822 laudem
1452 769 1513 821 et
1562 759 1981 821 reverentiam
2042 758 2152 821 Dei
2216 758 2352 818 sine

856 857 1208 920 collatione.
1227 859 1400 932 Quod
1433 857 1853 930 concedimuS,
1869 857 2151 918 dicentes
2183 855 2354 938 quod

856 957 1205 1037 propositio
1264 957 1402 1030 ista,
1454 956 1809 1019 Tenebatur
1856 956 2055 1017 vitare
2106 946 2352 1016 motum

855 1055 1193 1136 superbiae,
1226 1055 1569 1137 dupliciter
1611 1062 1814 1137 potest
1852 1053 2119 1134 intelligi
2154 1073 2168 1116 ε
2204 1051 2356 1134 quia

854 1153 975 1214 boc
1005 1153 1295 1226 verbum,
1330 1154 1553 1227 vitare,
1590 1159 1797 1234 potest
1839 1152 2037 1214 teneri
2082 1158 2356 1212 tantum-

856 1253 1045 1313 modo
1077 1251 1406 1332 privative,
1431 1260 1491 1315 et
1522 1252 1689 1313 valet
1717 1258 1985 1322 tantum,
2019 1249 2356 1312 tenebatur

856 1369 983 1412 non
1018 1351 1256 1413 moveri
1288 1351 1592 1430 elatione;
1624 1359 1689 1412 et
1719 1351 1805 1412 ita
1834 1357 1930 1412 est
1960 1368 2125 1412 vera.
2146 1349 2354 1410 Potest

857 1467 1111 1531 quoque
1159 1450 1363 1531 accipi
1414 1449 1721 1530 positive3
1764 1449 1982 1530 sicque
2034 1457 2129 1510 est
2173 1446 2349 1508 salsa.

854 1583 936 1594 -
966 1548 1251 1610 Dicimus
1296 1549 1471 1622 item,
1506 1549 1673 1630 quod
1719 1548 1934 1610 nullus
1978 1553 2200 1628 peccat
2243 1563 2357 1627 per

857 1647 1234 1729 appetitum,
1277 1647 1398 1708 nisi
1446 1647 1621 1728 prius
1672 1653 1892 1728 peccet
1936 1663 2049 1727 per
2093 1662 2356 1706 eonsen-

860 1765 1002 1808 sum
1048 1744 1363 1806 illicitum.
1398 1745 1573 1807 Unde
1616 1753 1678 1807 et
1721 1743 1975 1806 Lucifer
2016 1750 2356 1823 antequam

2466 758 2584 820 hoc
2633 777 2783 821 vero
2830 758 3161 834 differunt,
3204 778 3400 834 error,
3447 761 3800 841 ignorantia
3845 779 3966 823 seu

2466 857 2836 931 nescientia,
2891 868 2953 920 et
3004 859 3516 930 inconsideratio,
3569 860 3736 941 quod
3787 877 3970 920 error

2465 962 2561 1017 est
2597 955 2949 1038 approbare
2989 955 3146 1018 falsa
3189 975 3302 1038 pro
3332 958 3522 1030 veris,
3557 958 3700 1020 ideo
3737 957 3970 1020 falsam

2466 1053 2950 1116 aestimationem
2999 1055 3304 1134 includit3
3349 1056 3703 1137 ignorantia
3747 1063 3968 1117 autem

2467 1160 2562 1213 est
2610 1153 2961 1215 nescientia
3007 1154 3234 1216 horum
3285 1174 3428 1236 quae
3475 1155 3620 1236 quis
3668 1156 3830 1218 scire
3880 1162 3972 1216 te-

2468 1257 2654 1312 netur
2693 1258 2756 1312 et
2800 1258 3042 1332 potest3
3086 1251 3576 1315 inconsideratio
3618 1261 3714 1315 est
3755 1254 3972 1314 solum

2468 1347 2752 1410 desectus
2811 1349 3075 1412 actualis
3125 1351 3506 1431 cognitionis
3551 1369 3771 1412 eorum
3821 1369 3974 1432 quae

2469 1445 2876 1508 habitualiter
2905 1447 3212 1510 sciuntur.
3247 1449 3545 1521 Quamvis
3575 1467 3724 1530 ergo
3755 1449 3818 1511 in
3853 1469 3973 1510 an-

2467 1543 2626 1624 gelis
2664 1562 2792 1606 non
2833 1554 3104 1626 ponatur
3142 1547 3398 1628 proprie
3437 1565 3613 1609 error
3651 1555 3760 1609 aut
3793 1546 3978 1628 igno-

2471 1642 2687 1716 rantia,
2703 1643 2963 1724 ponitur
2995 1652 3203 1707 tamen
3236 1645 3297 1707 in
3330 1645 3422 1707 eis
3455 1645 3971 1708 inconsideratiO.

2469 1739 2604 1801 Non
2655 1741 2828 1802 enim
2879 1749 3127 1822 oportet
3176 1743 3343 1825 quod
3393 1742 3608 1804 omnia
3656 1763 3797 1825 quae
3845 1744 3976 1805 eir—

858 1842 1129 1924 appetiit
1158 1861 1427 1923 praeesse
1458 1850 1521 1904 et
1551 1861 1677 1904 non
1718 1841 2000 1914 subesse,
2036 1839 2356 1902 consensit
2394 1837 2442 1898 B
2472 1846 2780 1901 cumstarc
2813 1847 3074 1920 possunt
3107 1847 3169 1902 et
3198 1841 3552 1903 rectificare
3582 1842 3978 1904 voluntatem

862 1941 928 2002 in
989 1939 1169 2000 illum
1228 1940 1603 2022 appetitum.
1656 1939 1772 2013 Qui
1831 1957 2176 2001 consensus
2235 1935 2360 1997 fuit

866 2038 1129 2100 mortale
1178 2046 1546 2119 peccatum3
1597 2038 1705 2100 sed
1756 2036 1880 2099 ruit
1923 2037 2091 2098 idem
2142 2053 2361 2117 pecca-

865 2144 1001 2198 tum
1047 2156 1192 2198 cum
1240 2137 1351 2198 illo
1392 2135 1699 2218 appetitu.

947 2235 1011 2297 Si
1040 2243 1252 2297 autem
1287 2243 1605 2316 quaeratur
1636 2235 1712 2296 de
1744 2252 1931 2295 causa
1966 2231 2137 2293 illius
2168 2230 2359 2312 primi

868 2334 1133 2416 peccati,
1184 2334 1525 2395 dicendum
1585 2333 1753 2414 quod
1804 2351 1993 2394 causa
2042 2331 2183 2410 ejus
2241 2328 2364 2391 fuit

782 2419 791 2428 ’
866 2449 995 2494 non
1044 2431 1421 2504 necessaria,
1462 2431 1572 2493 sed
1622 2429 1821 2491 libera
1862 2436 1925 2490 et
1964 2428 2359 2506 contingenS,

867 2529 1166 2592 videlicet
1209 2529 1347 2611 ipsa
1388 2529 1679 2591 voluntas
1724 2536 1794 2590 ut
1838 2534 2046 2589 creata
2087 2532 2150 2588 et
2192 2524 2363 2586 dese—

868 2629 1035 2690 ctiva
1086 2645 1100 2689 :
1154 2647 1295 2709 quae
1355 2628 1566 2709 potius
1626 2627 1750 2689 suit
1808 2644 1995 2688 causa
2052 2623 2362 2686 deficiens

869 2745 1058 2809 quam
1094 2725 1409 2798 efficiens,
1443 2725 1508 2787 in
1540 2732 1848 2806 quantum
1884 2741 2176 2805 peccam,
2214 2740 2364 2802 prae-

2470 1936 2730 2017 angelus
2761 1957 3014 2020 semper
3044 1939 3398 2002 consideret
3428 1946 3595 2012 actu,
3615 1941 3974 2021 praesertim

2470 2035 2534 2097 in
2580 2036 2681 2097 his
2721 2056 2862 2117 quae
2902 2037 3252 2098 naturalem
3297 2036 3605 2098 rationem
3649 2046 3976 2098 transcen-

2470 2135 2650 2208 dunt,
2687 2141 2756 2196 ut
2795 2153 2868 2196 ea
2912 2153 3026 2216 per
3062 2155 3204 2217 quae
3245 2136 3322 2196 ad
3368 2134 3828 2198 beatitudinem
3871 2144 3976 2198 est

2471 2233 2880 2294 tendendum.
2913 2235 3119 2314 Atque
3161 2233 3244 2295 ob
3289 2233 3480 2313 hujus
3525 2233 3976 2296 consideratio-

2471 2331 2572 2393 nis
2612 2331 2954 2404 desectum,
2989 2331 3112 2393 suit.
3141 2333 3206 2394 in
3247 2331 3451 2412 angeli
3489 2332 3798 2394 electione
3827 2351 3978 2412 pec—

2473 2436 2708 2501 catum,
2762 2429 2913 2489 dum
2961 2429 3230 2510 appetiit
3281 2429 3342 2489 id
3397 2429 3565 2510 quod
3615 2447 3692 2491 ex
3739 2447 3976 2510 genere

2473 2543 2587 2587 suo
2639 2525 2760 2587 fuit
2806 2525 3069 2599 bonum,
3123 2544 3250 2589 non
3297 2545 3444 2588 cum
3495 2525 3978 2589 circumstantia

2474 2623 2611 2685 sine
2652 2643 2778 2704 qua
2817 2642 2943 2686 non
2985 2623 3191 2686 fuerat
3221 2625 3673 2706 appetendum,
3705 2625 3856 2706 quia
3893 2625 3975 2687 de

2473 2723 2583 2784 illa
2625 2740 2749 2785 non
2795 2723 3111 2803 cogitavit.
3146 2725 3291 2786 Haec
3334 2723 3684 2785 Durandus».

869 2824 1088 2886 sertim
1134 2824 1447 2905 loquendo
1488 2825 1566 2885 de
1604 2822 1855 2885 formali
1900 2821 2099 2903 ipsius
2143 2838 2364 2901 pecca·
2554 2820 2796 2894 Quibus
2826 2820 3153 2900 objicitur,
3169 2821 3317 2902 quia
3346 2820 3602 2882 divinus
3633 2820 3974 2903 Dionysius
4037 2835 4124 2908 ‘ne
4155 2834 4257 2876 set-1.

871 2923 939 2984 ti.
972 2958 1053 2968 —
1092 2921 1211 2984 Sed
1260 2921 1452 3002 objici
1505 2927 1741 3003 potest,
1776 2921 1927 3002 quia
1974 2919 2027 2980 si
2070 2920 2364 2981 voluntas
2476 2918 2655 3000 ponit
2687 2919 2750 2980 in
2791 2919 3030 3000 angelis
3071 2918 3486 2981 nescientiam
3527 2937 3640 2980 seu
3679 2918 3974 2999 ignoran-
4003 2899 4242 2940 ¹¹¹⁶‘'⁶“¹'
4284 2963 4285 2966 κ

869 3021 1079 3102 angeli
1126 3020 1249 3082 fuit
1291 3039 1481 3082 causa
1528 3018 1717 3101 primi
1763 3019 2028 3100 peceati,
2071 3018 2172 3079 vel
2215 3034 2365 3096 ergo
2403 3017 2446 3081 C
2476 3017 2653 3090 tiam,
2686 3036 2722 3077 a
2766 3036 2891 3097 qua
2935 3017 3294 3098 superiores
3341 3035 3456 3079 sua
3503 3016 3973 3080 illuminatione
4005 3032 4257 3106 oppetas.

871 3120 1038 3183 bona
1080 3119 1393 3192 voluntaS,
1427 3119 1528 3180 vel
1574 3117 1739 3181 mala
1771 3135 1785 3178 t
1819 3135 1946 3178 non
1990 3116 2178 3188 bona,
2217 3115 2366 3196 quia
2478 3123 2748 3197 purgant
2774 3115 3643 3185 inferioreslterum,dictum
3675 3117 3976 3197 est,quod
4005 3096 4133 3140 ³¹⁴⁰
4151 3127 4162 3136 '

872 3219 1113 3282 bonum
1163 3226 1230 3279 ut
1277 3218 1421 3290 tale,
1465 3234 1589 3278 non
1639 3224 1736 3277 est
1784 3234 1971 3278 causa
2020 3214 2208 3292 mali3
2249 3232 2366 3274 nec

874 3317 1060 3390 mala,
1098 3317 1247 3398 quia
1287 3322 1429 3378 ante
1462 3315 1740 3397 primum
1785 3321 2115 3396 peccatum
2150 3311 2370 3374 volun-

872 3425 967 3478 tas
1012 3434 1137 3478 non
1188 3414 1311 3476 suit
1356 3414 1535 3476 mala.
1580 3413 1887 3486 DicimuS,
1930 3411 2099 3492 quod
2150 3428 2370 3472 revera

876 3515 1150 3578 liberum
1199 3512 1535 3575 arbitrium
1589 3510 1709 3572 tuit
1756 3530 1944 3572 causa
1991 3510 2214 3591 primae
2261 3526 2368 3571 vo-

875 3613 1135 3675 luntatis
1176 3611 1379 3685 malai,
1413 3610 1521 3672 sed
1555 3627 1679 3672 uon
1714 3609 1835 3670 fuit
1863 3608 2002 3689 ejus
2034 3627 2224 3670 causa
2258 3626 2372 3689 per

876 3730 943 3774 se
1003 3729 1119 3772 nec
1178 3709 1551 3771 necessaria.
1606 3708 1751 3769 Ideo
1809 3706 1968 3768 nihil
2028 3714 2123 3768 est
2182 3725 2370 3767 causa

874 3809 1168 3870 efficiens
1204 3807 1427 3888 primae
1460 3806 1638 3868 malae
1668 3804 2031 3867 voluntatis
2066 3803 2368 3865 Liberum

875 3925 1027 3970 vero
1065 3904 1401 3967 arbitrium
1441 3911 1535 3965 est
1577 3922 1766 3965 causa
1810 3902 2010 3984 ipsius
2054 3920 2167 3983 per
2208 3903 2370 3964 acci-

876 4006 1055 4078 denS‚
1106 4003 1349 4065 scilicet
1408 4021 1519 4084 per
1566 4001 1907 4064 defectum.
1962 4001 2075 4074 Qui
2135 4000 2370 4082 duplex

876 4112 973 4167 est
1019 4121 1033 4165 ε
1082 4122 1245 4164 unus
1289 4102 1468 4184 quasi
1520 4100 1885 4174 materialiS‚
1927 4099 2035 4181 qui
2081 4105 2177 4161 est
2228 4099 2368 4172 hoc,

2477 3214 2683 3295 angeli
2726 3221 3183 3276 consenserunt
3214 3214 3278 3275 in
3321 3221 3564 3276 motum
3604 3213 3922 3296 superbiae
3957 3231 3972 3275 :
4056 3213 4072 3226 '

2479 3311 2587 3392 qui
2640 3329 2986 3373 consensus
3035 3311 3156 3372 suit
3203 3329 3523 3374 erroneus.
3569 3312 3831 3381 Rursus,
3869 3332 3980 3394 ap-

2480 3418 2693 3491 petere
2725 3409 3183 3471 beatitudinem
3219 3427 3343 3471 non
3379 3410 3736 3490 appetendo
3767 3411 3980 3472 media

2480 3507 2785 3589 requisita
2827 3508 2904 3570 ad
2947 3526 3110 3581 eam,
3153 3525 3280 3569 non
3327 3515 3536 3569 tamen
3579 3508 3978 3572 excludendo

2479 3607 2722 3680 eadem,
2757 3624 2884 3668 non
2933 3613 3029 3668 est
3077 3605 3316 3667 malum
3363 3622 3377 3667 :
3421 3605 3586 3667 sicut
3628 3626 3746 3668 nec
3795 3606 3980 3668 intel-

2481 3703 2682 3765 lectus
2712 3710 2807 3764 est
2838 3702 3055 3776 falsus,
3079 3703 3613 3783 apprehendendo
3643 3723 3842 3765 unum
3873 3723 3978 3766 eo-

2480 3820 2622 3862 rum
2665 3821 2806 3882 quae
2845 3799 3200 3862 consistunt
3232 3801 3295 3861 in
3339 3819 3427 3873 re,
3459 3819 3586 3862 non
3624 3803 3980 3883 apprehen-

2481 3900 2688 3962 dendo
2725 3899 2921 3972 aliud,
2957 3899 3076 3961 nisi
3122 3899 3554 3980 apprehendat
3595 3919 3795 3962 unum
3839 3901 3978 3963 sine

2479 3998 2604 4061 alio
2645 4016 2803 4060 esse.

876 4201 1047 4285 quod
1093 4201 1305 4264 anima
1344 4200 1477 4263 sive
1522 4199 1783 4279 angelus
1826 4205 1921 4260 est
1964 4205 2252 4260 creatura
2293 4199 2371 4259 de
2404 4201 2452 4262 D
2561 4196 2864 4257 Praeterea
2912 4193 3134 4256 Scotus
3168 4212 3183 4255 ε
3218 4193 3654 4256 communiter
3690 4195 3834 4275 (ait)
3872 4195 3977 4257 hic

879 4301 1081 4362 nihilo
1129 4306 1368 4377 creata3
1416 4300 1574 4360 alter
1619 4297 1798 4379 quasi
1860 4295 2165 4368 formalis,
2221 4303 2372 4377 puta

879 4398 1149 4481 privatio
1198 4397 1373 4459 utilis
1420 4397 1707 4468 actioniS‚
1752 4413 1862 4457 seu
1912 4393 2184 4456 salubris
2229 4412 2373 4455 con-

876 4497 1277 4560 siderationis
1306 4516 1342 4557 a
1371 4496 1525 4558 vitio
1555 4494 1949 4556 retrahentis.
1972 4529 2052 4537 —
2082 4492 2365 4554 Aliorum

876 4606 1088 4660 autem
1120 4595 1487 4676 angelorum
1521 4601 1851 4675 peccatum
1884 4590 2027 4664 ruit,
2050 4591 2220 4672 quod
2251 4590 2368 4652 Lu-

879 4695 1077 4758 cifero
1107 4700 1583 4764 consenserunt,
1617 4699 1763 4765 etc.,
1796 4697 1866 4751 ut
1899 4688 2063 4750 infra
2100 4689 2364 4750 dicetur.

878 4831 957 4842 —-
986 4795 1127 4856 Haec
1171 4789 1724 4855 Antisiodorensis.

959 4999 1149 5060 Porro
1194 4992 1527 5058 Durandus
1572 5009 1585 5052 :
1627 4989 1929 5052 Voluntas
1966 4987 2233 5068 (inquit)
2268 5007 2374 5048 an-

879 5098 1000 5180 geli
1036 5095 1329 5158 innititur
1360 5090 1591 5170 regulae
1621 5087 2226 5168 defectibili,utpote
2258 5104 2373 5148 suo

880 5192 1255 5268 intellectui,
1292 5193 1356 5254 in
1397 5207 1525 5272 quo
1564 5188 1786 5250 cadere
1827 5186 2032 5267 quivit
2062 5184 2370 5258 defectus,

880 5305 944 5362 et
991 5295 1043 5358 si
1096 5312 1221 5359 non
1269 5290 1499 5356 erroris
1556 5295 1663 5351 aut
1723 5285 2107 5359 nescientiae,
2160 5293 2372 5346 tamen

2482 4294 2737 4366 dicitur,
2771 4294 2939 4375 quod
2983 4293 3246 4373 angelus
3296 4310 3421 4354 non
3472 4293 3678 4374 potuit
3720 4294 3978 4375 aequali-

2482 4400 2675 4454 tatem
2707 4392 2817 4454 Dei
2849 4398 3167 4473 appetere.
3190 4390 3280 4453 Ad
3313 4391 3481 4472 quod
3513 4390 3810 4452 videntur
3837 4411 3978 4454 esse

2483 4500 2753 4572 quatuor
2793 4491 3084 4552 rationeS.
3120 4489 3328 4551 Prima
3355 4497 3472 4563 est„
3506 4489 3806 4571 quoniam
3850 4509 3974 4551 non

2482 4591 2771 4673 peccavit·
2820 4608 2894 4652 ex
2945 4589 3236 4671 passione
3285 4595 3393 4650 aut
3441 4588 3814 4669 ignorantia,
3867 4588 3978 4649 sed

2483 4689 2810 4753 elect-ione.
2845 4688 3085 4750 Electio
3124 4695 3338 4749 autem
3382 4705 3508 4749 non
3549 4693 3641 4748 est
3690 4686 3981 4768 impossi—

2484 4789 2710 4851 bilium
2744 4805 2757 4848 :
2795 4787 2905 4849 sed
2949 4785 3246 4867 angelum
3292 4787 3420 4848 Deo
3461 4803 3600 4847 esse
3642 4783 3976 4867 aequalem,

2482 4895 2579 4951 est
2637 4885 3053 4968 impossibile.
3106 4884 3414 4958 Secunda,
3476 4883 3626 4965 quia
3682 4884 3978 4964 angelum

2483 5006 2621 5050 esse
2671 4986 2799 5048 Deo
2846 4984 3176 5067 aequalem‚
3225 4983 3494 5045 includit
3543 4983 3982 5046 contradictio-

2485 5103 2654 5157 nem,
2697 5083 2994 5146 videlicet
3045 5082 3254 5163 ipsum
3305 5099 3442 5144 esse
3492 5089 3553 5142 et
3603 5099 3729 5144 non
3779 5100 3918 5143 esse
3962 5101 3976 5145 :

2484 5202 2633 5264 ergo
2671 5200 2797 5244 non
2839 5189 2932 5244 est
2965 5180 3180 5262 aliquo
3221 5180 3409 5242 modo
3436 5178 3715 5242 volibile.
3751 5179 3977 5252 Tertia,

2486 5282 2636 5366 quia
2695 5279 2856 5344 nihil
2911 5287 3117 5363 potest
3163 5279 3454 5342 voluntas
3503 5278 3666 5340 velle
3713 5277 3840 5341 nisi
3899 5279 3980 5341 sit
