4334 6242
818 431 941 498 218

1479 459 1543 504 IN
1583 458 1803 505 LIBRUM
1847 458 1892 502 11
1931 458 2412 504 SENTENTMRUM.
2457 475 2538 486 —
2577 459 2730 504 mS'r.
2778 458 2884 519 1113
2928 458 3151 513 QUAEST.
3199 459 3266 504 111

820 625 874 687 si
915 625 980 687 in
1020 625 1178 708 ipsis
1216 626 1390 690 nulla
1430 629 1731 692 consistat
1763 628 2043 692 materia.
2079 629 2315 691 Iterum
2345 627 2396 690 A
2429 628 2618 690 modo
2664 627 2954 691 ordinem
3011 628 3246 691 habent
3293 629 3501 709 angeli
3554 628 3722 692 boni.
3775 629 3927 692 Mali

819 725 1015 807 quaeri
1056 735 1283 808 potest,
1318 747 1397 790 an
1437 729 1641 810 angeli
1685 727 1966 790 universi
2009 728 2137 790 sint
2177 746 2316 808 spe-

820 823 939 886 ciei
998 824 1324 905 ejusdem3
1385 827 1635 902 deinde,
1695 847 1775 889 an
1836 827 2050 889 cuncti
2106 827 2315 907 angeli

819 920 1009 984 unius
1040 924 1215 986 chori
1248 944 1360 986 seu
1390 925 1797 1000 ordiniS,sint
1828 924 2063 1007 speciei
2100 924 2308 987 unius.

817 1018 996 1082 Circa
1048 1039 1205 1102 quas
1254 1024 1635 1104 quaestiones
1684 1024 1858 1085 varia
1913 1022 2081 1084 fiunt
2130 1041 2313 1103 argu-

818 1125 1029 1180 menta
1070 1120 1145 1180 ad
1191 1127 1435 1200 partem
1487 1108 1845 1202 utramque,
1880 1139 2021 1201 quae
2065 1119 2130 1181 in
2177 1138 2316 1200 pro-

815 1234 997 1279 cessu
1041 1218 1271 1298 partim
1318 1226 1671 1300 tangentur.

897 1415 1113 1497 Itaque
1142 1417 1219 1478 ad
1253 1417 1666 1499 quaestionem
1706 1437 1830 1499 qua
1871 1419 2200 1500 quaeritur,
2233 1438 2312 1480 an

817 1514 1023 1594 angeli
1064 1513 1366 1578 differant
1397 1517 1631 1597 specie,
1664 1516 2017 1579 Alexander
2057 1535 2314 1598 respon-

817 1613 923 1674 det
967 1614 1136 1694 quod
1178 1614 1355 1677 imo:
1395 1615 1697 1696 quoniam
1746 1616 1953 1696 angeli
1996 1634 2312 1697 supremae

815 1709 1187 1774 hierarchiae
1228 1713 1372 1792 plus
1416 1712 1725 1774 differunt
1761 1713 1842 1775 ab
1882 1713 2121 1794 angelis
2164 1712 2312 1775 insi-

2425 745 2575 788 vcro
2604 727 2814 808 angeli
2843 727 3136 809 quamvis
3168 745 3293 790 non
3328 727 3599 789 habeant
3629 726 3930 789 ordinem

2422 825 2660 906 gratiae,
2689 832 2898 888 tamen
2929 826 3218 888 ordinem
3249 826 3486 888 habent
3515 833 3754 889 natura)
3784 843 3798 888 :
3838 827 3934 888 ita

2423 925 2592 1005 quod
2625 945 2700 986 ex
2741 933 2966 988 natura
2997 926 3254 1007 quidam
3295 933 3446 988 sunt
3476 925 3929 1006 perspicacita-

2423 1022 2504 1084 tis
2538 1023 2818 1104 majoriS,
2838 1024 3100 1105 quidam
3134 1023 3431 1102 minoris3
3463 1032 3525 1085 et
3555 1023 3641 1085 ita
3669 1023 3746 1085 de
3777 1023 3930 1084 aliis

2424 1121 2820 1184 naturalibus
2879 1122 3081 1184 donis,
3134 1121 3677 1195 Quemadmodum
3727 1121 3930 1184 etiam

2424 1218 2488 1280 in
2532 1218 2900 1282 hominibus
2942 1219 3139 1302 aliqui
3183 1219 3513 1282 constituti
3553 1219 3616 1281 in
3657 1218 3926 1292 officiis,

2421 1316 2813 1396 dejiciuntur
2857 1324 3114 1400 propter
3152 1337 3333 1380 suam
3378 1317 3816 1398 indignitatem
3861 1326 3931 1380 et

2420 1416 3026 1497 transgressionem3
3067 1416 3162 1478 sic
3199 1416 3407 1498 angeli
3454 1417 3602 1479 mali
3641 1417 3718 1479 de
3757 1418 3928 1480 coelo

2420 1514 2609 1595 ejecti
2641 1522 2810 1590 sunt,
2843 1524 2906 1577 et
2935 1515 3015 1577 ab
3046 1516 3286 1578 honore
3315 1535 3508 1597 quem
3549 1515 3932 1578 habuissent

2423 1613 2474 1674 si
2520 1613 2963 1694 perstitissent.

2502 1711 2807 1773 Praeterea
2861 1712 2939 1774 ad
3001 1712 3418 1794 quaestionem
3476 1713 3660 1786 hanc,
3710 1732 3790 1774 an
3852 1713 3926 1776 in

817 1828 936 1872 mae
979 1809 1370 1884 hierarchiae,
1407 1830 1596 1893 quam
1640 1812 1847 1892 angeli
1894 1811 2135 1874 infimae
2178 1812 2310 1874 hie·
2348 1811 2395 1873 B
2423 1809 2664 1890 angelis
2703 1810 2824 1872 sub
2865 1830 2990 1873 una
3027 1810 3240 1892 specie
3283 1811 3412 1873 sint
3450 1811 3664 1892 plures
3705 1829 3952 1894 perso-.

816 1906 1077 1970 rarchiae
1114 1908 1195 1970 ab
1241 1909 1535 1972 invicem.
1582 1911 1702 1972 Sed
1749 1910 1955 1990 angeli
2001 1910 2112 1991 qui
2161 1917 2311 1972 sunt

814 2005 880 2066 in
924 2005 1145 2068 eadem
1190 2007 1567 2082 hierarchia,
1609 2015 1717 2069 aut
1764 2007 1929 2070 idem
1981 2015 2129 2070 sunt
2175 2027 2311 2090 spe-

814 2105 932 2176 cie,
976 2111 1040 2166 et
1086 2104 1394 2167 differunt
1442 2125 1748 2184 numer03
1794 2107 1894 2168 vel
1944 2106 2113 2168 idem
2162 2115 2312 2168 sunt

812 2221 1065 2282 genere,
1116 2210 1178 2264 et
1227 2202 1539 2266 disserunt
1590 2205 1824 2286 specie.
1880 2205 2040 2285 Ergo
2098 2204 2308 2285 angeli

815 2301 925 2383 qui
985 2310 1133 2363 sunt
1184 2301 1247 2364 in
1308 2303 1621 2385 superiori
1681 2303 2053 2377 hierarchia,
2106 2323 2306 2385 quum

816 2399 961 2481 plus
1005 2399 1307 2462 differant
1344 2401 1425 2463 ab
1464 2401 1563 2463 his
1605 2401 1715 2482 qui
1758 2410 1907 2464 sunt
1948 2402 2010 2464 in
2057 2400 2306 2475 infima,

815 2497 1125 2560 differunt
1166 2499 1242 2560 ad
1294 2499 1506 2560 minus
1549 2499 1762 2580 specie
1801 2499 1880 2562 ab
1924 2499 2188 2562 eisdem.
2232 2535 2312 2544 —

816 2598 1100 2678 Insuper,
1132 2596 1340 2678 angeli
1383 2598 1462 2659 de
1505 2599 1726 2660 ordine
1770 2598 2101 2680 Seraphim
2147 2599 2311 2660 inter

814 2713 883 2756 se
934 2695 1133 2775 magis
1180 2695 1568 2757 conveniunt
1615 2715 1806 2777 quam
1859 2715 2005 2758 curn
2067 2697 2310 2777 angelis

814 2793 893 2854 de
931 2793 1149 2855 ordine
1181 2793 1543 2856 Cherubim.
1579 2794 1703 2855 Aut
1731 2813 1881 2875 ergo
1919 2795 2312 2857 conveniunt

814 2890 1049 2972 specie,
1103 2899 1166 2952 et
1212 2891 1521 2955 disserunt
1571 2910 1875 2971 numero;
1927 2901 2037 2955 aut
2086 2911 2310 2955 conve-

2423 1929 2541 1982 nae,
2575 1909 2914 1990 respondet
2955 1909 3312 1971 Alexander
3351 1909 3521 1991 quod
3571 1910 3680 1972 sic.
3724 1910 3926 1989 Major

2421 2026 2697 2088 namque
2739 2015 2834 2069 est
2878 2007 3082 2069 virtus
3130 2007 3472 2070 essentiam
3522 2027 3702 2070 suam
3745 2025 3926 2070 com-

2424 2107 2749 2168 municare
2780 2106 3075 2187 pluribus
3105 2107 3242 2168 sine
3271 2106 3924 2188 diminutione,quam

2424 2203 2532 2265 uni
2583 2204 2698 2266 soli
2745 2222 2758 2265 :
2802 2223 2952 2285 ergo
2999 2205 3132 2267 haec
3176 2203 3382 2266 virtus
3431 2205 3494 2265 in
3543 2204 3924 2268 eminentio-

2423 2301 2599 2364 ribus
2637 2321 2710 2364 ac
2745 2303 3236 2365 virtuosioribus
3275 2302 3528 2384 plenius
3570 2302 3919 2366 invenitur.

2421 2401 2756 2482 Quumque
2807 2401 3158 2482 spiritualis
3207 2409 3494 2463 creatura
3551 2401 3633 2464 sit
3681 2401 3924 2465 virtuo-

2423 2499 2550 2562 sior
2591 2501 2924 2581 corporali,
2959 2507 3019 2562 et
3049 2501 3115 2562 in
3153 2500 3588 2582 corporalibus
3621 2501 3762 2563 talis
3791 2501 3923 2562 vir-

2423 2607 2524 2660 tus
2571 2598 2894 2670 consistat,
2939 2598 3140 2661 multo
3179 2598 3324 2680 plus
3369 2599 3434 2660 in
3477 2598 3923 2680 spiritualibus

2423 2697 2561 2758 erit.
2613 2696 2768 2759 Nam
2819 2704 2881 2758 et
2930 2697 3148 2758 divina
3201 2697 3478 2759 essentia
3535 2697 3808 2760 indivisa
3857 2706 3926 2760 et

2423 2794 2902 2876 simplicissima
2932 2814 3366 2876 perseveranS,
3399 2795 3604 2857 tribus
3633 2814 3926 2859 commu-

2423 2893 2671 2954 nicatur
2709 2894 3016 2974 personis.
3051 2894 3386 2975 Quumque
3425 2901 3648 2956 natura
3685 2895 3928 2975 angeli-

813 2988 1002 3050 niunt
1029 3007 1281 3070 genere,
1312 2999 1377 3052 et
1406 2991 1718 3054 differunt
1748 2991 1997 3072 specie:
2023 2997 2084 3053 et
2114 2991 2312 3072 quod·
2348 2988 2391 3052 C
2422 3011 2495 3054 ca
2542 3011 2668 3074 prae
2714 2992 2942 3054 ceteris
2985 2991 3256 3054 similior
3294 3000 3483 3073 atque
3523 2991 3794 3055 vicinior
3837 2993 3924 3055 sit

812 3106 1091 3170 cumque
1148 3089 1375 3151 horum
1434 3091 1701 3164 dicatur,
1764 3108 2158 3171 consequens
2217 3096 2312 3150 est

814 3187 984 3267 quod
1035 3187 1241 3268 angeli
1298 3187 1461 3250 inter
1502 3209 1568 3250 se
1611 3188 1922 3251 disserunt
1964 3187 2196 3269 specie.
2231 3223 2312 3232 —

813 3285 1137 3359 Praeterea‚
1173 3286 1348 3348 chori
1384 3305 1497 3348 seu
1527 3287 1781 3350 ordines
1816 3286 2186 3368 angelorum
2221 3286 2312 3347 in-

816 3392 910 3446 ter
952 3403 1019 3446 se
1062 3384 1543 3465 distinguuntur
1592 3385 1943 3447 secundum
1986 3383 2207 3446 officia
2247 3391 2310 3445 et

814 3483 1175 3563 dignitateS,
1209 3489 1397 3564 atque
1441 3483 1839 3564 praelationes
1886 3482 2075 3544 unius
2119 3501 2312 3563 super

814 3582 1032 3657 alium,
1068 3582 1232 3643 sicut
1270 3591 1333 3644 et
1366 3582 1625 3644 nomina
1661 3582 1957 3645 ordinum
1999 3581 2307 3663 pandunt,

815 3700 956 3763 quae
1004 3687 1154 3742 sunt
1186 3699 1200 3743 :
1234 3680 1633 3762 Archangeli,
1676 3679 2094 3761 PrincipatuS‚
2134 3679 2310 3742 Pote-

817 3785 1030 3852 stateS,
1051 3779 1333 3841 Virtutes
1364 3787 1428 3841 et
1458 3778 1953 3842 DominationeS.
1994 3778 2112 3840 Sed
2163 3777 2302 3858 ipsa

814 3876 1035 3938 officia
1076 3877 1387 3940 differunt
1430 3877 1665 3959 specie,
1699 3895 1848 3958 ergo
1891 3883 1954 3939 et
1995 3875 2224 3956 angeli.

890 3977 1077 4038 Juxta
1117 3976 1235 4038 hoc
1267 3977 1593 4057 quaeritur,
1627 3996 1704 4038 an
1746 3975 1902 4038 ordo
1937 3974 2311 4036 naturaliter

812 4073 1053 4155 angelis
1085 4074 1259 4147 insit,
1294 4075 1393 4136 vel
1422 4073 1899 4136 accidentaliter
1927 4080 2199 4145 tantum,
2221 4071 2310 4132 vi-

2421 3089 2653 3153 divinae
2696 3091 3006 3164 essentiae,
3051 3090 3348 3152 convenit
3387 3090 3446 3151 ei
3492 3090 3926 3154 communica-

2421 3187 2634 3250 bilitas
2679 3188 2798 3251 ista
2840 3190 3190 3250 secundum
3239 3189 3496 3251 modum
3545 3189 3765 3270 ipsius.

2500 3286 2949 3349 Verumtamen
2981 3286 3174 3366 objici
3205 3288 3752 3370 potest,quoniam
3781 3307 3932 3351 cau-

2421 3405 2490 3448 sa
2531 3385 3086 3466 multiplicationis
3127 3385 3601 3448 individuorum
3642 3386 3763 3448 sub
3797 3407 3926 3452 una

2421 3483 2656 3566 specie,
2692 3484 2944 3545 videtur
2974 3503 3112 3546 esse
3154 3484 3653 3565 corruptibilitas
3693 3485 3928 3548 indivi—

2419 3584 2688 3644 duorum
2743 3582 3116 3663 contingens
3159 3601 3237 3644 ex
3289 3591 3464 3664 parte
3511 3585 3809 3659 materiae,
3849 3595 3926 3648 ut

2419 3681 2665 3762 species
2709 3688 3135 3742 conservetur.
3171 3716 3251 3725 —
3279 3681 3536 3754 RursuS‚
3568 3682 3786 3745 divina
3821 3703 3922 3746 es-

2419 3780 2622 3842 sentia
2679 3779 2951 3860 aliquam
3006 3779 3199 3841 habet.
3256 3780 3794 3855 communitatem,
3853 3792 3922 3845 et

2420 3885 2630 3940 tamen
2673 3895 2800 3938 non
2843 3876 3274 3938 communicat
3311 3895 3378 3938 se
3421 3877 3545 3939 nisi
3590 3879 3702 3941 uni
3745 3884 3924 3958 quod

2419 3987 2510 4036 est
2536 3976 2749 4038 :sicut
2778 3976 2950 4037 enim
2981 3975 3198 4038 divina
3227 3977 3501 4038 essentia
3530 3985 3626 4040 est
3661 3998 3807 4050 una,
3833 3980 3926 4042 ita

2421 4091 2586 4135 unus
2631 4082 2727 4135 est
2769 4074 2954 4135 Deus,
2991 4073 3196 4147 Quum
3237 4092 3386 4155 ergo
3429 4074 3921 4140 similitudinem

814 4173 1043 4235 delicet
1093 4192 1169 4235 ex
1222 4173 1484 4235 meritiS.
1528 4173 1789 4234 Videtur
1837 4172 2005 4253 quod
2060 4177 2309 4232 natura·
2341 4173 2391 4233 D
2420 4171 2688 4252 primam
2721 4171 2950 4252 recipit
2979 4172 3240 4252 angelus
3272 4181 3462 4253 prout
3489 4181 3584 4235 est
3614 4174 3924 4255 possibile

816 4270 981 4344 liter,
1034 4271 1335 4352 quoniam
1388 4271 1693 4352 sapientis
1742 4278 1837 4331 est
1883 4269 2197 4340 ordinare,
2249 4275 2312 4329 et

815 4369 1127 4432 ordinatio
1170 4370 1497 4450 sapientiae
1539 4376 1869 4430 attestatur
1905 4387 1917 4430 :
1951 4367 2159 4448 angeli
2203 4384 2310 4428 au-

815 4475 945 4528 tem
994 4487 1031 4528 a
1072 4466 1289 4529 divina
1335 4467 1648 4548 sapientia
1692 4467 1907 4529 omnia
1954 4465 2308 4538 ordinante,

816 4565 1009 4627 creati
1040 4565 1872 4646 sunt.—Respondendum,
1892 4564 2059 4646 quod
2092 4582 2313 4625 secun-

814 4665 966 4726 dum
1014 4664 1439 4744 Augustinum
1493 4663 1869 4725 duodecimo
1918 4663 1995 4724 de
2046 4661 2312 4725 Civitate

814 4764 947 4838 Dei,
984 4781 1108 4825 non
1148 4769 1362 4824 essent
1392 4761 1627 4834 omnia,
1662 4761 1712 4823 si
1745 4769 1959 4823 essent
1988 4759 2261 4842 aequalia
2295 4778 2308 4822 :

812 4861 1087 4924 innuens
1115 4859 1407 4924 ordinem
1442 4879 1565 4923 non
1598 4868 1845 4923 tantum
1876 4859 1940 4920 in
1969 4858 2313 4939 generibus

811 4967 1270 5032 creaturarum,
1304 4959 1414 5020 sed
1450 4959 1641 5020 etiam
1675 4958 1739 5019 in
1773 4956 2129 5040 speciebus
2166 4957 2315 5019 ldeo

811 5058 891 5121 ab
931 5057 1189 5120 exordio
1234 5057 1569 5118 creationis
1610 5057 1809 5118 inerat
1850 5055 2093 5136 angelis
2135 5055 2308 5117 ordo.

814 5157 978 5220 Ordo
1012 5165 1223 5220 tamen
1257 5156 1363 5218 ille
1395 5174 1520 5219 non
1557 5163 1801 5219 tantum
1843 5154 2102 5236 respicit
2135 5163 2315 5217 natu-

816 5274 973 5332 ram,
1034 5256 1145 5318 sed
1204 5255 1397 5318 etiam
1454 5255 1739 5336 gratiam.
1805 5255 2079 5335 Utroque
2138 5254 2313 5316 enim

2422 4269 2486 4331 in
2519 4270 2732 4351 specie
2771 4275 3096 4343 creaturae,
3129 4271 3249 4332 erit
3280 4270 3346 4331 in
3385 4271 3610 4351 angelo
3640 4273 3922 4354 reperire

2422 4387 2829 4431 communem
2872 4369 3215 4431 essentiam
3267 4388 3408 4450 quae
3456 4389 3584 4433 non
3633 4389 3922 4433 commu-

2421 4467 2592 4529 nicet
2639 4486 2706 4529 se
2756 4467 2880 4529 nisi
2929 4467 3039 4528 uni
3093 4471 3268 4547 quod
3313 4477 3422 4529 est.
3477 4468 3597 4530 Sed
3644 4470 3927 4533 essentia

2422 4567 2782 4629 communis
2812 4573 2906 4628 est
2931 4565 3176 4647 species
3196 4584 3212 4644 3
3235 4571 3403 4646 quod
3427 4577 3516 4628 est
3545 4587 3694 4631 vero
3719 4569 3784 4630 in
3813 4588 3926 4632 an-

2419 4665 2600 4746 geliS‚
2637 4665 3060 4727 individuum.
3097 4665 3215 4727 Uni
3255 4683 3404 4746 ergo
3444 4666 3680 4747 speciei
3716 4687 3922 4731 unum

2419 4762 2830 4846 respondebit
2863 4761 3284 4824 individuum.
3322 4763 3681 4844 Spiritualis
3722 4766 3918 4831 etiam

2423 4869 2708 4923 creatura
2739 4860 2937 4941 magis
2968 4860 3356 4922 assimilatur
3376 4861 3654 4925 Creatori
3687 4863 3752 4925 in
3785 4864 3924 4925 uni-

2423 4969 2569 5032 tate,
2624 4978 2817 5041 quam
2871 4957 3236 5040 corporalis,
3287 4959 3409 5021 Sed
3457 4960 3523 5022 in
3579 4963 3922 5042 corporali-

2423 5057 2543 5120 bus
2595 5057 2784 5119 rebus
2845 5057 3283 5138 superioribus
3333 5057 3659 5120 invenitur
3717 5079 3926 5123 unum

2425 5155 2830 5217 individuum
2876 5161 3121 5216 tantum
3165 5173 3304 5216 esse
3347 5155 3466 5216 sub
3507 5155 3720 5237 specie
3768 5176 3922 5233 una,

2429 5261 2496 5315 ut
2533 5253 2594 5314 in
2631 5253 2761 5316 sole
2797 5260 2859 5315 et
2898 5252 3045 5314 luna
3079 5269 3092 5314 ε
3125 5271 3274 5333 ergo
3309 5253 3508 5334 magis
3549 5253 3614 5315 in
3652 5255 3920 5336 angelis.
