4334 6242
848 525 936 574 AN
977 528 1200 575 Ancum
1244 527 1682 584 mmsrnANDO,
1723 526 1878 584 E'rc„
1920 527 2281 576 mortuum·
2322 531 2386 578 m
2428 531 2531 578 DEI
2572 531 2953 591 coGNJTloNE,
2995 534 3123 581 R'rc.

3417 516 3537 582 563

435 693 580 756 dam
621 693 890 757 virtutes
934 694 1232 770 fluentes.
1274 697 1562 779 quaedam
1608 697 1776 769 fixae,
1819 715 1933 758 seu
1961 693 2015 758 A
2041 697 2195 760 dum
2234 699 2523 763 ordinem
2563 709 2627 763 et
2664 703 2896 784 gradus
2935 702 3435 766 illuminantium
3475 710 3539 765 et

435 792 566 854 vita
624 793 912 874 quaedam
973 793 1204 868 fluenS‚
1266 795 1554 877 quaedam
1616 793 1786 873 fixa;
1846 794 1934 857 ita

434 888 921 972 intelligendum
951 900 1050 953 est
1077 899 1142 954 et
1169 893 1236 955 in
1267 892 1712 974 spiritualibus
1747 912 1935 955 mem·

432 985 588 1062 bris,
634 990 769 1051 sive
816 989 1122 1071 angelicis
1176 989 1532 1072 spiritibuS.
1577 991 1644 1054 ln
1694 990 1932 1073 quibus

430 1087 631 1166 gratia
685 1086 836 1162 fixa,
883 1095 980 1150 est
1026 1088 1228 1168 gratia
1279 1088 1807 1152 confirmationis,
1855 1088 1932 1150 Et

432 1185 710 1266 cognitio
759 1205 796 1248 a
847 1187 1050 1268 gratia
1109 1186 1218 1249 illa
1267 1188 1640 1270 procedam,
1692 1195 1789 1250 est
1835 1188 1928 1250 vi-

430 1283 526 1346 sio
571 1283 732 1346 lucis
780 1291 1032 1348 aeternae
1074 1303 1088 1348 :
1133 1285 1198 1348 in
1248 1305 1374 1368 qua
1419 1304 1536 1348 nec
1578 1285 1926 1368 proficiunt

428 1382 784 1463 angeli‚nec
817 1382 1206 1446 decrescunt.
1223 1383 1512 1465 Cognitio
1539 1392 1751 1447 autem
1784 1403 1926 1466 quae

428 1488 521 1544 est
564 1499 601 1542 a
641 1481 842 1562 gratia
884 1479 1148 1556 fluente,
1182 1490 1278 1545 est
1321 1483 1598 1564 cognitio
1641 1483 1926 1546 revelati-

429 1577 568 1640 onis
613 1597 628 1642 :
673 1597 814 1660 quae
866 1579 1006 1641 ideo
1054 1579 1290 1642 dicitur
1328 1580 1564 1656 fluens,
1606 1581 1758 1663 quia
1796 1599 1924 1644 non

429 1695 684 1758 semper
741 1677 978 1740 revelat
1025 1678 1190 1740 Deus
1251 1679 1572 1761 mysteria,
1623 1679 1736 1742 sed
1788 1679 1928 1742 loco

428 1781 492 1837 et
539 1783 827 1858 tempore
885 1784 1264 1858 opportuno.
1318 1777 1524 1859 Atque
1573 1778 1927 1840 secundum

2041 795 2570 871 illuminatorum,
2606 800 2692 862 ita
2731 801 2900 882 quod
2940 802 3269 883 superiora
3304 802 3369 863 in
3398 820 3537 883 gra·

2039 894 2124 956 du
2155 904 2221 957 et
2247 896 2492 970 ordine,
2525 907 2671 960 nata
2708 908 2857 960 sunt
2888 899 3189 962 inferiora
3220 899 3538 962 illumina-

2039 1010 2128 1066 re,
2161 993 2463 1057 inferiora
2493 1014 2643 1058 vero
2682 1014 2808 1059 non
2847 997 3213 1059 illuminant
3252 997 3537 1080 superio-

2040 1107 2124 1150 ra.
2180 1089 2257 1151 Et
2303 1092 2475 1173 quia,
2527 1100 2597 1154 ut
2646 1101 2817 1175 patet
2864 1113 2942 1156 ex
2988 1095 3188 1157 divini
3250 1094 3535 1177 Dionysii

2038 1187 2249 1262 dietis,
2278 1188 2460 1270 juxta
2488 1191 2794 1253 naturalis
2822 1192 3063 1255 ordinis
3098 1192 3409 1257 rationem
3439 1210 3535 1256 or·
3574 1217 3637 1261 00
3651 1218 3823 1266 edm,

2039 1284 2121 1348 do
2159 1286 2658 1368 supernaturalis
2696 1287 3182 1353 illuminationis
3221 1292 3527 1374 procedit,
3560 1280 3821 1326 hiemem..

2040 1383 2371 1448 sciendum
2403 1386 2573 1467 quod
2602 1387 2837 1469 duplex
2866 1397 2963 1451 est
2990 1390 3145 1452 ordo
3172 1408 3387 1452 rerum
3422 1407 3437 1454 ε
3468 1397 3533 1454 et

2040 1482 2394 1546 secundum
2442 1484 2563 1548 hoc
2603 1486 2838 1569 duplex
2880 1496 2979 1550 est
3017 1487 3172 1551 ordo
3220 1488 3537 1553 illumina-

2041 1580 2235 1643 tionis
2266 1581 2639 1646 inferiorum
2670 1604 2707 1647 a
2736 1585 3192 1667 superioribus.
3228 1587 3335 1650 Est
3364 1589 3537 1650 enim

2040 1679 2301 1760 quidam
2350 1683 2505 1745 ordo
2554 1701 2767 1745 rerum
2814 1685 2879 1745 in
2929 1704 3067 1748 esse
3110 1693 3370 1761 naturae,
3403 1687 3543 1769 qui-

2040 1776 2187 1839 dam
2239 1778 2304 1840 in
2348 1798 2488 1842 esse
2528 1780 2762 1861 gratiae.
2812 1781 2976 1845 Ordo
3021 1802 3234 1845 rerum
3286 1784 3350 1846 in
3400 1803 3539 1848 esse

429 1873 592 1936 hanc
629 1873 928 1955 intelligit
957 1875 1250 1956 Magister
1287 1876 1543 1956 angelos
1585 1876 1930 1957 profecisse
1965 1878 2013 1941 B
2041 1883 2302 1951 naturae,
2334 1885 2430 1940 est
2459 1880 2813 1942 secundum
2849 1899 3037 1962 quem
3072 1882 3239 1944 Deus
3268 1883 3541 1947 Trinitas

429 1972 496 2034 in
528 1973 641 2034 Dei
674 1973 1058 2054 cognitione,
1094 1993 1218 2036 non
1254 1975 1406 2057 quia
1447 1974 1722 2037 Verbum
1763 1975 1930 2038 vide-

429 2072 556 2135 rint
585 2073 890 2155 apertiuS,
915 2073 1025 2135 sed
1057 2074 1360 2154 quoniam
1393 2074 1557 2136 facta
1587 2082 1683 2136 est
1713 2075 1804 2136 eis
1838 2094 1930 2137 re-

427 2171 661 2235 velatio
689 2173 980 2254 quaedam
1013 2193 1050 2235 a
1077 2172 1304 2236 Verbo.
1337 2209 1418 2218 —
1447 2174 1621 2247 Quod
1652 2192 1803 2237 vero
1838 2174 1928 2236 ait

427 2269 788 2352 Gregorius,
814 2271 972 2344 Quid
1009 2280 1106 2334 est
1136 2272 1306 2353 quod
1347 2291 1474 2336 non
1505 2272 1782 2346 videant,
1817 2271 1928 2354 qui

425 2368 750 2431 videntem
789 2369 1008 2432 omnia
1055 2370 1314 2432 vident?
1365 2388 1492 2433 non
1541 2377 1636 2432 est
1685 2370 1928 2431 dictum

427 2485 542 2548 per
599 2466 1075 2549 proprietatem,
1141 2468 1253 2530 sed
1321 2487 1436 2550 per
1493 2466 1928 2550 aequivalenti-

425 2583 530 2627 am
569 2573 632 2628 et
669 2564 1129 2629 sufficientiam
1166 2583 1180 2627 :
1224 2567 1377 2648 quia
1415 2567 1692 2648 cognitio
1732 2566 1930 2630 solius

426 2663 616 2726 Verbi
674 2665 832 2728 adeo
887 2663 1134 2726 sufficit
1181 2665 1444 2746 angeliS,
1497 2683 1570 2727 ac
1624 2665 1677 2727 si
1725 2665 1930 2728 omni-

427 2781 538 2826 um
588 2782 804 2825 rerum
866 2763 1157 2827 notitiam
1205 2763 1398 2825 etiam
1449 2763 1514 2825 in
1563 2763 1932 2846 particulari

427 2861 750 2924 haberent.
785 2861 928 2923 Haec
969 2861 1428 2926 Bonaventura.

507 2961 814 3022 Praeterea
863 2959 1033 3022 circa
1082 2959 1430 3041 praehabita
1481 2960 1706 3023 asserit
1755 2959 1935 3023 Alex-

2040 1975 2413 2037 naturaliter
2455 1985 2552 2038 est
2594 1995 2789 2060 super
2831 1996 3019 2041 omne
3058 1999 3194 2054 enS,
3230 1988 3418 2063 atque
3456 1982 3537 2044 ab

2040 2071 2181 2153 ipso
2240 2073 2551 2136 universae
2610 2083 2913 2139 creaturae
2964 2079 3316 2140 secundum
3374 2080 3538 2141 ordi-

2039 2189 2187 2231 nem
2218 2171 2451 2251 gradus
2481 2174 2787 2236 naturalis
2817 2176 3189 2256 procedunt,
3216 2195 3255 2238 a
3284 2197 3535 2241 summa

2039 2278 2327 2332 creatura
2376 2290 2579 2353 usque
2625 2272 2703 2334 ad
2754 2272 3061 2335 infimam.
3108 2274 3273 2338 Ordo
3320 2294 3535 2338 rerum

2039 2367 2106 2429 in
2146 2387 2286 2431 esse
2325 2369 2561 2450 gratiae,
2595 2377 2692 2432 est
2735 2371 3087 2435 secundum
3131 2392 3320 2455 quem
3370 2375 3536 2436 Deus

2039 2467 2313 2529 Trinitas
2345 2487 2537 2550 super
2574 2469 2790 2531 omnia
2820 2468 3024 2532 bonus
3061 2471 3395 2546 exsistenS‚
3428 2473 3538 2536 do·

2039 2566 2139 2627 nis
2178 2566 2395 2646 gratim
2435 2565 2929 2630 intellectualem
2970 2576 3323 2632 creaturam
3361 2571 3440 2634 ad
3468 2591 3538 2634 se

2039 2663 2253 2744 ipsum
2299 2663 2562 2726 reducit.

2119 2762 2337 2843 ltaque
2387 2769 2529 2844 post
2576 2763 2857 2826 divinam
2907 2773 2969 2826 et
3015 2765 3537 2848 supercoelestem

2039 2859 2486 2935 hierarchiam,
2519 2881 2661 2943 quae
2692 2861 2983 2924 consistit
3014 2863 3081 2925 in
3120 2881 3339 2929 eorum
3372 2865 3538 2928 ordi-

2041 2976 2120 3018 ne
2164 2976 2306 3038 quae
2351 2958 2416 3020 in
2459 2959 2675 3022 divina
2722 2961 3201 3024 constituuntur
3236 2964 3535 3037 essentia,

428 3059 625 3122 ander
659 3076 673 3121 ε
706 3057 972 3132 Quidam
1003 3058 1214 3139 angeli
1243 3068 1676 3140 cognoverunt
1708 3065 1935 3142 myste-
1968 3058 2012 3122 C
2042 3062 2113 3116 ut
2159 3063 2308 3117 sunt
2357 3056 2630 3119 rationes
2676 3057 3072 3122 attributales
3120 3068 3182 3122 et
3232 3079 3540 3142 personae,

430 3157 598 3220 rium
643 3156 1100 3220 lncarnationis
1139 3177 1177 3219 a
1221 3157 1558 3240 principio,
1594 3177 1720 3222 non
1762 3177 1932 3221 crea-

429 3256 644 3326 tionis,
677 3257 790 3319 sed
831 3256 1238 3330 conditioniS,
1271 3276 1472 3339 quum
1511 3257 1752 3320 dictum
1784 3265 1880 3320 est
1914 3273 1927 3318 :

221 3393 314 3430 Μ,
363 3411 377 3424 ,
431 3355 565 3416 Fiat
617 3355 747 3428 lux,
799 3362 862 3417 et
909 3354 1078 3417 facta
1123 3363 1220 3417 est
1267 3355 1393 3416 lux.
1437 3355 1560 3418 Alii
1605 3373 1756 3417 vero
1804 3373 1930 3417 non

181 4461 196 4505 l
214 4462 322 4510 Tim.
338 4477 396 4518 ut,

149 4527 206 4570 ts.

429 3461 864 3535 cognoverunt
915 3453 1072 3516 illud
1121 3471 1198 3515 ex
1242 3461 1414 3524 tunc,
1463 3453 1572 3515 sed
1622 3460 1764 3535 post
1803 3452 1933 3535 ple-

430 3569 510 3613 ne
553 3558 870 3614 noverunt
917 3552 1070 3614 dum
1115 3549 1238 3612 fuit
1287 3551 1646 3632 impletum.
1684 3551 1929 3633 Duplex

428 3669 684 3733 quoque
725 3657 932 3732 potest
969 3649 1274 3730 distingui
1319 3649 1620 3731 cogniti0,
1655 3657 1829 3732 puta,
1864 3649 1929 3712 in

427 3747 656 3822 Verb0,
689 3755 754 3811 et
799 3748 866 3810 in
906 3765 1137 3829 genere
1181 3747 1458 3830 proprio.
1492 3747 1702 3810 Primo
1743 3748 1930 3810 modo

427 3855 863 3928 cognoverunt
891 3865 929 3908 a
962 3845 1302 3929 principi0,
1327 3864 1454 3908 non
1485 3847 1766 3909 secundo
1797 3864 1929 3908 mo-

425 3947 526 4008 do,
564 3945 739 4009 Unde
771 3943 934 4007 libro
963 3945 1190 4026 quinto
1219 3962 1414 4026 super
1443 3943 1740 4007 Genesim
1775 3943 1929 4007 dici-

427 4053 579 4109 tur:
612 4043 982 4126 Mysterium
1023 4041 1480 4106 incarnationis
1522 4060 1650 4105 non
1693 4041 1758 4104 in
1801 4044 1929 4105 Deo

425 4151 677 4208 tantum
707 4142 1050 4205 innotescit
1078 4140 1343 4222 angelis,
1362 4159 1585 4204 verum
1615 4141 1806 4204 etiam
1834 4141 1928 4204 eis

2040 3154 2118 3216 ad
2163 3154 2633 3236 perficiendum
2682 3156 2875 3220 totius
2922 3159 3256 3221 mundaum
3306 3159 3543 3222 hierar—

2042 3252 2203 3316 chiae
2241 3253 2535 3316 decorem
2584 3255 2874 3336 sequitur
2909 3255 3065 3318 ordo
3106 3263 3540 3320 creaturarum

2041 3349 2475 3413 hierarchicus
2503 3351 2762 3432 duplex,
2780 3353 3135 3414 secundum
3165 3362 3537 3435 praetactum

2041 3447 2367 3529 duplicem
2414 3449 2703 3511 ordinem
2755 3469 2989 3512 rerum.
3026 3451 3267 3533 Nempe
3314 3471 3537 3516 secun-

2041 3546 2196 3608 dum
2234 3546 2515 3628 primum
2556 3547 2869 3621 ordinem,
2903 3547 3259 3611 hierarchia
3298 3559 3540 3612 creatu-

2041 3663 2252 3707 rarum
2286 3645 2513 3728 incipit
2540 3664 2578 3707 a
2608 3653 2896 3708 creatura
2927 3647 2991 3708 in
3020 3647 3219 3728 gradu
3248 3657 3311 3710 et
3340 3649 3543 3731 digni-

2039 3751 2166 3806 tate
2197 3751 2435 3806 naturae
2465 3763 2785 3826 suprema,
2804 3764 2946 3826 quae
2975 3744 3232 3809 Lucifer
3260 3748 3542 3811 creditur

2039 3842 2378 3905 exstitisse.
2413 3843 2557 3905 Post
2586 3843 2769 3908 illum
2808 3852 3020 3906 autem
3052 3854 3408 3927 sequuntur
3436 3865 3535 3911 ce-

2039 3941 2156 4002 teri
2198 3941 2551 4002 secundum
2590 3943 2822 4022 gradus
2866 3943 3257 4008 excellentiae
3294 3953 3533 4012 naturae

2037 4058 2187 4102 suae.
2221 4039 2361 4101 Post
2406 4039 2668 4122 spiritus
2711 4059 2863 4104 vero
2910 4041 3198 4106 coelestes
3246 4045 3535 4126 sequitur

2037 4137 2301 4220 spiritus
2340 4138 2677 4202 humanus.
2714 4140 2791 4202 Et
2828 4140 2981 4222 quia
3017 4140 3083 4204 hi
3122 4141 3384 4224 spiritus
3418 4162 3533 4226 per

426 4245 496 4307 in
525 4243 646 4306 hoc
689 4242 929 4305 mundo
966 4247 1250 4324 apparet,
1283 4258 1483 4321 quum
1518 4238 1770 4303 realiter
1803 4258 1929 4302 ma·
1954 4243 2005 4306 D
2037 4234 2205 4299 dona
2233 4242 2474 4299 naturae
2512 4245 2839 4319 nequeunt
2868 4255 2983 4300 suo
3020 4239 3287 4302 creatori
3326 4239 3530 4322 perfe-

427 4341 788 4414 nifestatur‚
832 4339 1012 4421 juxta
1060 4338 1220 4401 illud
1265 4338 1549 4420 Apostoli
1597 4340 1674 4401 ad
1723 4339 1929 4403 Timo-

429 4442 650 4506 theum
703 4457 718 4503 :
773 4437 1100 4503 Manifeste
1159 4457 1460 4520 magnum
1519 4445 1614 4501 est
1673 4438 1926 4520 pietatis

429 4548 918 4612 sacramentum,
970 4537 1138 4619 quod
1193 4536 1668 4600 manifestatum
1716 4545 1809 4601 est
1859 4539 1926 4602 in

427 4659 639 4713 carne,
670 4637 1094 4720 justificatum
1124 4643 1220 4699 est
1250 4636 1315 4697 in
1348 4636 1599 4718 spiritu,
1631 4638 1927 4719 apparuit

427 4738 690 4820 angeliS‚
725 4735 1136 4819 praedicatum
1185 4742 1282 4796 est
1327 4733 1646 4815 gentibuS,
1686 4755 1928 4798 assum-

431 4845 612 4920 ptum
655 4844 752 4898 est
795 4835 860 4896 in
903 4833 1121 4915 gloria.
1157 4833 1298 4896 Haec
1341 4831 1710 4895 Alexander.

508 4934 602 4997 Ad
663 4930 1148 5012 intelligentiam
1207 4929 1654 5012 praedictorum
1715 4929 1926 4994 confe-

430 5041 579 5096 runt
627 5050 770 5114 quae
816 5029 1042 5093 scribit
1091 5027 1402 5091 Henricus
1453 5036 1632 5091 sexto
1678 5029 1930 5103 Quodli-

363 5187 376 5200 .
429 5131 598 5206 beto,
647 5129 996 5213 quaestione
1044 5145 1172 5210 qua
1217 5126 1464 5208 quaerit,
1511 5145 1590 5188 an
1642 5127 1928 5191 Christus

431 5230 784 5294 secundum
824 5227 994 5310 quod
1034 5226 1226 5289 homo
1265 5224 1588 5287 illuminet
1617 5226 1876 5306 angelos
1909 5243 1924 5289 τ

431 5328 650 5394 Omnis
679 5326 946 5409 (inquit)
973 5322 1360 5386 illuminatio
1390 5323 1676 5404 procedit
1708 5342 1928 5386 secun-

2039 4342 2138 4397 cte
2196 4333 2520 4416 conjungi,
2570 4333 2809 4398 idcirco
2858 4341 2955 4398 est
3005 4336 3161 4400 ordo
3216 4340 3532 4404 secundus

2038 4452 2154 4517 per
2195 4433 2484 4514 gratiam,
2517 4434 2594 4497 ad
2640 4433 3135 4498 intellectualem
3180 4445 3531 4504 creaturam

2038 4551 2152 4615 per
2200 4551 2267 4594 se
2315 4551 2389 4594 ac
2436 4531 2797 4615 specialiter
2839 4535 3187 4615 pertinenS,
3221 4556 3363 4618 quae
3412 4539 3531 4601 cir·

2038 4630 2184 4694 culo
2222 4631 2497 4713 quodam
2539 4630 2821 4712 perfecto
2860 4650 2975 4713 per
3002 4633 3270 4713 gratiam
3309 4644 3374 4697 et
3403 4635 3532 4718 glo-

2035 4725 2198 4793 riain
2226 4730 2304 4793 ad
2335 4730 2769 4804 Creatorem,a
2797 4747 2925 4812 quo
2955 4732 3262 4812 procedit,
3287 4735 3531 4799 unitive

2036 4829 2395 4894 revertitur.
2444 4863 2525 4875 -—
2572 4829 2808 4911 Estque
2854 4831 3009 4893 ordo
3065 4832 3281 4912 gratim
3334 4833 3529 4897 subli-

2038 4931 2203 4993 mior
2231 4928 2453 4991 ordine
2483 4935 2743 5002 naturae,
2772 4934 2837 4990 et
2864 4929 3071 5009 angeli
3103 4930 3305 4992 sancti
3334 4931 3533 4997 domi-

2036 5035 2272 5090 nantur
2305 5025 2724 5101 daemonibuS,
2756 5026 2869 5108 qui
2906 5027 2999 5088 eis
3040 5027 3259 5090 ordine
3290 5038 3531 5096 naturae

2039 5134 2306 5209 possunt
2334 5145 2473 5189 esse
2500 5124 2931 5200 sublimioreS,
2960 5125 3183 5188 saltem
3213 5130 3527 5194 nonnulli.

2035 5225 2164 5289 Nec
2204 5225 2411 5288 solum
2452 5225 2593 5298 hoc,
2631 5224 2742 5286 sed
2778 5232 2842 5286 et
2882 5224 3173 5288 homines
3218 5245 3331 5308 per
3367 5230 3534 5292 dona

2037 5323 2255 5405 gratiae
2295 5331 2359 5385 et
2395 5321 2610 5403 gloriae
2646 5321 2889 5403 angelis
2926 5323 3116 5385 etiam
3160 5322 3345 5388 bonis
3383 5346 3534 5409 que-
