4334 6242
835 474 916 540 26
1661 498 1856 544 ‘rrruu
1899 498 2009 544 SEU
2049 496 2325 544 mmmcffi
2366 497 2523 544 unm
2566 499 2609 544 11
2652 499 3116 547 SENTENHARUH

923 672 1295 738 D1s‘rmcr10
1351 675 1542 738 XXI.
1595 675 1692 739 De
1750 674 1997 738 invidia
2052 673 2321 754 diaboli,
2355 673 2406 734 A
2525 674 2819 748 Qualiter
2854 693 2970 758 per
2998 677 3125 741 ista
3150 679 3277 742 tria
3313 678 3379 742 in
3409 678 3601 743 nobis
3626 697 3931 744 consum-

834 796 968 860 qua
1002 780 1086 842 ad
1123 781 1508 845 tentandum
1545 782 1838 844 accessit.
2434 783 2655 846 metur
2696 784 2992 847 tentatio.

922 889 1020 952 De
1067 887 1282 952 forma
1327 890 1396 952 in
1443 906 1574 970 qua
1619 890 1820 952 venit.
2524 890 2799 964 Quando
2839 893 3078 956 mulier
3124 894 3474 958 manducat
3519 894 3663 959 sola
3708 895 3927 960 cibum

921 996 1019 1058 De
1068 995 1420 1060 calliditate
1467 998 1810 1078 serpentis
2436 999 2738 1062 vetitum.

919 1103 1156 1165 Utrum
1187 1104 1453 1184 elegerit
1481 1106 1874 1185 serpentem,
1915 1106 1990 1168 ut
2025 1123 2142 1186 per
2169 1123 2323 1169 eum
2523 1106 2799 1180 Quando
2846 1107 3043 1170 etiam
3092 1108 3194 1170 vir
3239 1110 3611 1174 manducat.

829 1210 1107 1273 tentaret
1151 1210 1472 1275 diabolus.
2526 1214 2801 1287 Quando
2850 1216 2938 1278 sit
2984 1215 3237 1280 veniale
3285 1217 3391 1281 vel
3446 1219 3720 1282 mortale
3774 1237 3927 1300 pec—

918 1317 1017 1379 De
1065 1317 1263 1380 modo
1310 1319 1711 1381 tentationis,
2432 1322 2675 1384 catum.

914 1424 1012 1487 De
1056 1424 1306 1506 duplici
1352 1426 1732 1490 tentationis
1775 1427 2012 1508 specie.
2522 1428 2777 1502 Quibus
2814 1431 3031 1494 modis
3077 1432 3394 1514 accipitur
3428 1433 3819 1498 sensualitas
3858 1433 3928 1498 in

915 1531 1130 1604 Quare
1174 1533 1516 1612 peccatum
1563 1534 1876 1614 hominiS‚
1917 1537 1983 1598 et
2027 1552 2159 1598 non
2210 1554 2324 1599 an-
2432 1536 2788 1618 Scriptura.

825 1639 980 1720 geli,
1024 1639 1446 1704 remediabile
1491 1641 1599 1703 sit.
2518 1644 2894 1708 D1srmcr10
2950 1645 3164 1709 XXV.
3207 1647 3519 1710 Definitio
3576 1647 3766 1712 liberi
3819 1665 3927 1712 ar-

917 1748 1108 1821 Quod
1168 1765 1301 1811 non
1355 1748 1480 1811 soli
1533 1748 1676 1812 viro
1732 1752 2134 1832 praeceptum
2192 1751 2322 1814 fuit
2431 1750 2611 1814 bitrii
2650 1752 3013 1816 secundum
3050 1753 3505 1835 philosophos.

826 1856 1078 1919 datum.
2354 1859 2401 1920 B
2520 1858 2817 1931 Qualiter
2852 1859 2920 1922 in
2967 1861 3107 1924 Deo
3146 1861 3465 1942 accipitur
3500 1862 3783 1926 liberum
3824 1881 3927 1926 ar-

894 1966 1268 2028 D1s‘r1Ncr1o
1297 1964 1516 2030 XXII.
1536 1968 1634 2031 De
1673 1966 1924 2048 origine
1952 1966 2135 2030 illius
2172 1984 2321 2048 pec-
2430 1964 2727 2029 bitrium.

825 2074 974 2139 cati.
2512 2073 2703 2146 Quod
2745 2075 2960 2156 angeli
3008 2077 3072 2138 et
3108 2076 3329 2140 Sancti
3366 2077 3649 2142 liberum
3686 2078 3930 2144 habent

911 2183 1009 2245 De
1055 2182 1353 2246 mulieris
1399 2182 1698 2246 elatione.
2432 2180 2799 2245 arbitrium.

914 2291 1012 2354 De
1050 2289 1177 2352 viri
1224 2289 1525 2354 elatione.
2518 2288 2709 2362 Quod
2750 2290 3021 2354 liberius
3059 2291 3183 2355 erit
3228 2291 3511 2356 liberum
3556 2293 3923 2374 arbitrium,

913 2397 1079 2473 Quis
1133 2397 1346 2478 magis
1401 2397 1771 2480 deliquerit,
1822 2399 1925 2461 vir
1984 2401 2099 2463 aut
2157 2417 2312 2464 mu·
2428 2397 2689 2477 quando
2738 2415 3004 2478 peccare
3049 2417 3183 2463 non
3228 2401 3557 2481 poterunt.

823 2507 965 2570 lier.
2517 2505 2615 2567 De
2661 2505 3029 2570 differentia
3074 2507 3393 2571 libertatis
3438 2507 3625 2572 liberi
3672 2508 3925 2572 arbitrii

910 2615 1010 2678 De
1077 2614 1446 2694 ignorantia
1504 2613 1862 2676 excusabili
1918 2616 1984 2677 et
2039 2614 2314 2679 inexcu-
2426 2613 2789 2675 secundum
2827 2613 3087 2678 diversa
3122 2615 3442 2695 tempora.

823 2721 1036 2784 sabili.
2234 2747 2245 2758 ·
2514 2721 2613 2783 De
2652 2722 2935 2801 quatuor
2974 2722 3254 2785 statibus
3291 2723 3479 2786 liberi
3518 2723 3792 2787 arbitrii.

911 2828 1017 2890 An
1081 2828 1386 2891 voluntas
1461 2830 1867 2909 praecesserit
1929 2829 2096 2893 illud
2164 2847 2315 2911 pec·
2513 2829 2614 2891 De
2648 2828 3064 2909 corruptione
3103 2829 3292 2892 liberi
3330 2829 3581 2894 arbitrii
3618 2849 3736 2912 per
3772 2850 3923 2913 pec-

823 2937 1066 3000 catum.
2432 2937 2673 2998 catum.

909 3046 1282 3109 D1s‘r1-›1cr10
1338 3043 1592 3107 XXIII.
1650 3044 1866 3118 Quare
1928 3045 2108 3108 Deus
2166 3063 2314 3126 per-
2353 3045 2395 3108 C
2514 3043 2611 3105 De
2672 3042 2883 3106 tribus
2938 3045 3154 3108 modis
3210 3044 3529 3109 libertatis
3576 3045 3763 3110 liberi
3820 3065 3924 3110 ar-

820 3153 1075 3217 miserit
1120 3151 1457 3216 hominem
1507 3152 1764 3232 tentari,
1815 3170 2009 3233 quem
2068 3153 2315 3216 sciebat
2423 3149 2603 3213 bitrii
2648 3171 2662 3210 ε
2720 3167 2759 3213 a
2812 3152 3220 3231 necessitate,
3268 3169 3309 3214 a
3362 3155 3652 3234 peccato,
3706 3171 3747 3216 a
3790 3155 3922 3218 mi-

821 3279 1149 3326 casurum.
2424 3275 2615 3321 seria.

907 3369 1136 3443 Qualis
1166 3367 1364 3431 fuerit
1391 3368 1752 3430 secundum
1792 3368 2080 3432 animam
2111 3369 2313 3431 homo
2514 3366 2612 3428 De
2642 3365 2938 3428 libertate
2967 3383 3115 3447 quae
3156 3369 3256 3430 est
3292 3385 3373 3431 ex
3410 3366 3642 3449 gratia,
3675 3371 3741 3432 et
3773 3387 3921 3451 quae

819 3478 969 3540 ante
1015 3477 1381 3556 peccatum.
2425 3489 2507 3536 ex
2546 3473 2800 3535 natura.

905 3585 1005 3646 De
1057 3582 1296 3663 triplici
1348 3582 1620 3646 scient-ia
1677 3582 1967 3645 hominis
2014 3582 2163 3645 ante
2220 3581 2315 3644 la·
2514 3581 2885 3644 D1s‘r1xcrio
2928 3581 3178 3645 XXVI.
3219 3583 3317 3646 De
3359 3583 3569 3664 gratia
3612 3586 3921 3666 operante

817 3709 1038 3774 psum.
2425 3688 2489 3750 et
2526 3688 2936 3769 cooperante.

905 3799 1144 3862 Utrum
1204 3799 1404 3861 homo
1463 3798 1778 3879 praescius
1830 3797 2028 3860 suerit
2084 3814 2313 3861 eorum
2513 3794 2688 3867 Quid
2726 3795 2814 3858 sit
2850 3796 3176 3860 voluntas.

818 3925 967 3989 quae
1013 3906 1140 3971 sibi
1189 3907 1411 3970 futura
1457 3907 1660 3969 erant.
2513 3901 2675 3974 Quae
2705 3902 2793 3965 sit
2820 3904 3029 3982 gratia
3047 3903 3454 3969 voluntatem
3485 3904 3727 3969 bonam
3756 3924 3923 3989 prae-

904 4016 1278 4078 D1s‘r1xcrio
1315 4011 1563 4076 XXIV.
1605 4014 1705 4076 De
1759 4013 1968 4094 gratia
2023 4012 2315 4075 hominis
2426 4009 2717 4072 veniens.

815 4123 881 4186 et
925 4121 1218 4202 potentia
1262 4123 1412 4184 ante
1459 4138 1706 4184 casum.
2513 4115 2703 4189 Quod
2753 4117 2924 4180 bona
2972 4118 3278 4182 voluntas
3328 4102 3477 4200 quae
3524 4121 3923 4201 praevenitur

903 4230 1002 4293 De
1049 4229 1375 4310 adjutorio
1423 4229 1678 4291 homini
1719 4229 1785 4290 in
1825 4226 2151 4291 creatione
2191 4227 2313 4290 da·
2345 4232 2394 4293 D
2424 4223 2655 4304 gratia,
2689 4225 2992 4305 quaedam
3030 4226 3155 4289 Dei
3191 4227 3365 4290 dona
3400 4227 3741 4308 praevenit.

814 4338 908 4417 to,
941 4353 1072 4417 quo
1113 4336 1283 4399 stare
1321 4335 1596 4416 poterat.
2513 4330 2707 4404 Quod
2744 4332 3053 4412 cogitatio
3092 4331 3245 4397 boni
3285 4335 3597 4415 praecedit
3632 4335 3853 4399 fidem.

902 4445 1002 4506 De
1049 4441 1252 4505 libero
1304 4440 1594 4504 arbitrio.
2513 4437 2703 4511 Quod
2746 4439 3116 4502 intellectus
3155 4441 3221 4503 et
3262 4441 3727 4522 cogitationem
3766 4443 3921 4507 boni

905 4551 1004 4614 De
1051 4548 1496 4612 sensualitate.
2424 4547 2489 4608 et
2536 4545 3033 4609 delectationem
3080 4548 3419 4627 praevenit.

904 4659 1002 4722 De
1049 4657 1301 4720 ratione
1349 4656 1414 4719 et
1458 4655 1755 4737 partibus
1804 4653 1969 4734 ejus,
2512 4652 2617 4714 An
2644 4669 2760 4733 per
2788 4652 3069 4716 liberum
3098 4654 3443 4717 arbitrium
3476 4658 3779 4737 operetur
3806 4658 3923 4722 ho-

901 4767 1000 4829 De
1037 4762 1244 4828 simili
1281 4763 1508 4826 ordine
1545 4762 1856 4842 peccandi
1903 4761 1972 4824 in
2020 4761 2212 4824 nobis
2248 4764 2313 4825 et
2420 4776 2531 4822 mo
2578 4759 2831 4823 bonum
2878 4761 3020 4824 sine
3057 4761 3288 4841 gratia.

813 4873 882 4934 in
929 4872 1163 4952 primis
1204 4869 1605 4951 parentibus.
2514 4868 2749 4930 Utrum
2800 4885 2931 4930 una
2978 4868 3043 4930 et
3089 4869 3317 4932 eadem
3365 4870 3574 4950 gratia
3620 4871 3730 4947 sit,
3772 4890 3921 4954 quae

905 4979 1098 5055 Quod
1153 4979 1222 5041 in
1277 4977 1468 5041 nobis
1525 4979 1626 5040 est
1683 4976 1783 5038 vir
1838 4976 1903 5040 et
1954 4975 2192 5039 mulier
2250 4978 2313 5039 et
2423 4975 2665 5038 dicitur
2693 4991 2970 5054 operans
3008 4975 3073 5038 et
3100 4991 3480 5056 cooperans,

813 5105 1101 5170 serpens.
2512 5081 2859 5154 Quomodo
2896 5082 3105 5163 gratia
3143 5083 3431 5146 meretur
3466 5087 3712 5166 augeri.

898 5196 996 5258 De
1038 5193 1366 5274 spirituali
1406 5191 1713 5274 conjugio
1751 5192 1876 5254 viri
1914 5192 1980 5255 et
2017 5191 2314 5255 mulieris
2515 5189 2615 5252 De
2651 5187 2863 5252 tribus
2900 5188 3248 5269 generibus
3286 5189 3634 5256 bonorum.

815 5305 884 5366 in
931 5301 1147 5366 nobis,
2515 5296 2592 5358 In
2623 5295 2866 5376 quibus
2892 5294 3085 5359 bonis
3122 5296 3210 5359 sit
3236 5296 3517 5361 liberum
3548 5301 3917 5366 arbitrium.
