4334 6242
150 2183 212 2220 art.
233 2183 272 2221 ll
293 2179 342 2222 ad

137 2767 342 2820 Gemxxxn,

593 514 680 563 AN
718 517 873 563 DEUS
917 514 980 562 {N
1023 513 1242 563 Fonms
1283 512 1636 560 vtstmmnns
1679 509 2245 565 conPORALOEUSQUE
2290 512 2527 558 mamus
2570 511 2822 568 UNQUAM
2864 513 3247 562 APPARURRIT

3356 493 3477 559 463

375 694 524 748 tunc
574 687 812 749 dicitur
870 687 1004 768 ipse
1064 685 1325 766 angelus
1373 700 1695 766 apparere.
1744 679 1871 743 Ali·
1900 680 1951 742 A
1980 686 2287 742 sentante.
2343 715 2423 727 —
2474 681 2567 745 Ad
2631 690 2927 765 quartum
2987 691 3159 766 patet
3221 683 3473 756 soluti0,

375 786 626 866 quando
685 804 836 849 vero
893 784 1030 846 vult
1088 783 1415 847 hominem
1472 781 1736 844 edocere
1796 779 1872 841 de

374 883 607 945 virtute
636 883 854 946 divina
883 882 1310 964 superiorisve
1339 879 1548 961 angeli
1581 896 1594 940 :
1630 886 1693 940 et
1723 886 1874 939 tunc

374 981 604 1044 format
656 999 888 1064 corpus
943 981 1022 1044 ad
1081 977 1664 1063 repraesentandum
1723 975 1876 1038 emi-

373 1081 654 1142 nentiam
702 1079 1051 1160 majestatis
1095 1077 1349 1149 divinae,
1382 1084 1489 1138 aut
1532 1075 1875 1157 proprieta-

375 1185 466 1240 tes
495 1177 705 1258 angeli
736 1177 1113 1260 superioris3
1138 1185 1416 1258 tuncque
1448 1175 1611 1237 Deus
1641 1171 1877 1234 dicitur

371 1293 700 1356 apparere,
732 1275 836 1338 vel
865 1273 1130 1356 angelus
1161 1274 1268 1336 ille
1299 1272 1607 1354 superior.
1643 1271 1718 1332 Et
1751 1269 1874 1332 hoc

372 1374 566 1435 etiam
611 1373 896 1436 affirmat
935 1373 1272 1454 Gregorius
1317 1372 1382 1433 in
1423 1371 1634 1450 glossa
1675 1368 1872 1430 Exodi

374 1473 582 1546 terti0,
615 1473 945 1553 assignans
977 1490 1232 1534 causam
1276 1489 1390 1532 cur
1419 1469 1681 1550 angelus
1711 1468 1876 1549 Moy-

372 1569 425 1630 si
460 1569 1148 1652 loquens‚quandoque
1179 1574 1440 1630 vocatur
1468 1565 1876 1647 angelus,ali·

371 1668 628 1750 quando
671 1668 836 1730 Deus
879 1686 991 1729 seu
1037 1667 1364 1729 Dominus.
1399 1665 1667 1746 Fuitque
1707 1665 1873 1726 Deus

370 1766 614 1848 absque
653 1765 750 1827 sui
792 1765 1139 1828 variatione
1183 1764 1250 1826 in
1293 1763 1662 1845 hujusmodi
1707 1781 1876 1824 crea-

1981 778 2133 859 quia
2173 797 2288 860 per
2329 780 2625 860 angelum
2671 781 2839 844 facta
2879 790 2975 844 est
3011 781 3327 863 apparitio
3364 799 3477 843 seu

1983 876 2411 940 manifestatio
2461 878 2587 952 illa,
2622 879 2823 942 nihilo
2873 880 3084 941 minus
3133 879 3269 962 ipse
3312 880 3479 942 Deus

1980 975 2293 1057 apparuit.

2061 1174 2242 1237 Circa
2272 1173 2746 1236 distinctionem
2779 1174 2941 1237 hanc
2971 1175 3231 1258 quidam
3265 1174 3479 1256 aliqua

1982 1280 2297 1356 quaerunt,
2329 1272 2408 1333 ad
2439 1291 2581 1355 quae
2620 1273 2971 1336 secundum
3006 1273 3314 1355 quosdam
3343 1272 3475 1352 jam

1983 1390 2177 1454 supra
2214 1389 2590 1453 responsum
2629 1379 2743 1434 est.
2778 1372 2894 1435 Pro
2932 1391 3205 1454 quorum
3251 1371 3479 1434 intelli-

1980 1469 2196 1552 gentia
2238 1469 2490 1532 clariori
2533 1489 2705 1532 nunc
2746 1470 2989 1552 aliquid
3032 1470 3279 1532 addam.

2060 1568 2277 1649 Itaque
2314 1567 2391 1629 ad
2431 1567 2593 1630 hanc
2632 1569 3071 1650 quaestionem,
3107 1577 3321 1630 utrum
3360 1569 3480 1632 dae-

1983 1684 2203 1728 mones
2270 1665 2474 1728 sciant
2536 1666 2823 1729 cordium
2890 1667 3323 1748 cogitationes,
3384 1685 3477 1728 re-

1980 1766 2251 1847 spondet
2281 1764 2387 1826 hic
2412 1765 2716 1828 Thomas:
2738 1765 3158 1846 Cogitationes
3188 1765 3473 1828 cordium

369 1863 533 1927 turis
562 1882 730 1927 novo
761 1864 970 1938 mod0,
1004 1863 1169 1925 sicut
1207 1862 1525 1944 signatum
1561 1862 1626 1923 in
1665 1861 1866 1942 signo.
1904 1863 1951 1926 B
1980 1864 2166 1939 scire,
2202 1864 2399 1926 solius
2444 1872 2539 1926 est
2585 1864 2718 1926 Dei.
2754 1864 3047 1926 Attamen
3089 1864 3297 1944 angeli
3342 1883 3481 1947 pos-

370 1963 514 2025 Haec
556 1962 828 2025 Thomas
872 1961 938 2024 in
981 1962 1248 2044 Scripto.

451 2061 530 2123 At
579 2079 732 2124 vero
779 2061 846 2123 in
895 2061 1102 2142 prima
1150 2067 1328 2143 part-e
1373 2061 1672 2134 Summae,
1706 2078 1872 2142 quaa-

370 2160 578 2222 stione
625 2159 1023 2233 duodecima,
1075 2159 1299 2222 scribit
1348 2177 1361 2221 ε
1407 2160 1476 2222 In
1524 2159 1870 2240 Scripturis

371 2260 676 2321 dicuntur
714 2257 912 2340 aliqui
945 2258 1144 2320 Deum
1187 2257 1251 2320 in
1292 2258 1410 2320 hac
1439 2258 1570 2321 vita
1606 2257 1866 2330 vidisse,

371 2357 438 2419 in
469 2365 784 2440 quantum
821 2357 1110 2419 formatae
1147 2362 1295 2418 sunt
1327 2356 1615 2436 quaedam
1646 2355 1870 2436 figurae

371 2454 710 2518 sensibiles
770 2462 880 2516 aut
936 2453 1348 2535 imaginariae,
1405 2453 1695 2516 divinum
1757 2455 1870 2516 ali-

373 2555 542 2637 quod
572 2553 923 2616 secundum
955 2552 1236 2635 aliquam
1269 2551 1753 2615 similitudinem
1786 2571 1874 2614 re·

371 2660 847 2735 praesentantes.
885 2651 1116 2733 Sicque
1147 2651 1212 2713 in
1242 2649 1468 2714 Genesi
1497 2651 1687 2714 Jacob
1719 2650 1872 2713 fate-

371 2761 498 2825 tur,
531 2751 675 2813 Vidi
718 2751 1061 2813 Dominum
1105 2749 1268 2812 facie
1311 2751 1389 2812 ad
1431 2749 1661 2812 faciem
1697 2767 1711 2812 :
1745 2768 1871 2812 non

371 2851 542 2933 quod
582 2849 864 2912 divinam
903 2848 1244 2910 essentiam
1276 2848 1528 2920 viderit,
1561 2849 1672 2910 sed
1709 2849 1874 2928 figu-

371 2967 506 3010 ram
551 2956 615 3010 et
661 2955 1013 3009 creaturam
1055 2947 1121 3009 in
1163 2965 1288 3028 qua
1325 2947 1491 3008 Deus
1531 2965 1874 3028 repraesen-

1981 1970 2131 2024 sunt
2172 1962 2250 2024 de
2292 1963 2386 2026 eis
2427 1961 2744 2042 conjicere
2787 1981 2863 2024 ex
2907 1961 3107 2044 signis
3145 1962 3484 2045 corporali-

1982 2060 2100 2123 bus
2149 2062 2593 2135 exterioribus,
2646 2062 2893 2124 scilicet
2926 2079 2939 2124 :
2974 2081 3052 2124 ex
3098 2062 3315 2125 vultus
3365 2061 3482 2124 im-

1981 2159 2355 2234 mutatione,
2395 2161 2572 2241 juxta
2617 2160 2797 2235 illud,

2055 2317 2116 2367 In
2146 2315 2304 2366 vultu
2335 2314 2539 2380 legitur
2575 2315 2819 2368 hominis
2851 2320 3071 2368 secreta
3103 2315 3400 2380 volunta83

1979 2465 2043 2520 et
2091 2476 2169 2520 ex
2219 2466 2394 2519 motu
2445 2457 2676 2531 cordiS,
2728 2459 2895 2521 sicut
2942 2478 3057 2542 per
3104 2459 3476 2541 qualitatem

1980 2556 2205 2640 pulsus
2235 2574 2271 2617 a
2303 2555 2567 2618 medicis
2598 2574 2853 2639 quoque
2882 2558 3113 2622 animae
3154 2558 3480 2640 passiones

1981 2660 2351 2716 noscuntur.

2060 2753 2249 2815 Porro
2296 2752 2374 2814 ad
2426 2752 2510 2824 id,
2562 2771 2642 2814 an
2690 2753 3007 2817 daemones
3066 2755 3479 2836 cogitationes

1983 2850 2352 2925 immittant,
2387 2851 2727 2932 respondet
2764 2853 2931 2934 quod
2977 2853 3130 2927 imo,
3163 2853 3483 2917 illustran-

1981 2950 2062 3012 do
2092 2949 2533 3030 phantasmata
2572 2949 2658 3011 ita
2688 2950 2856 3030 quod
2894 2952 3246 3014 secundum
3278 2951 3481 3014 diver-

370 3047 646 3118 tabatur‚
709 3053 895 3128 prout
958 3053 1184 3127 quarto
1250 3044 1532 3127 capitulo
1587 3044 1872 3108 Coelestis
1909 3049 1953 3112 C
1983 3067 2082 3110 sas
2130 3064 2353 3109 eorum
2412 3047 2904 3130 compositiones
2963 3049 3210 3131 possint
3257 3050 3337 3112 ab
3386 3051 3479 3113 eis

371 3144 746 3207 hierarchiae
776 3144 834 3206 S.
857 3131 1206 3226 ‘Dionysius
1239 3143 1538 3225 loquitur.
1569 3143 1681 3206 Vel
1713 3144 1876 3206 dixit.

369 3242 492 3304 hoc
546 3241 626 3303 ad
679 3240 1134 3303 insinuandum
1188 3241 1601 3304 eminentiam
1659 3261 1876 3324 quam-

370 3340 518 3403 dam
581 3360 714 3402 suae
776 3338 1224 3412 intellectualis
1293 3341 1869 3423 contemplationis.

369 3439 514 3500 Haec
559 3437 670 3500 ibi.

451 3537 627 3600 ldem
655 3537 916 3615 Petrus3
957 3543 1020 3598 et
1048 3536 1223 3598 addit
1254 3553 1269 3598 ε
1302 3537 1468 3599 Deus
1502 3537 1874 3601 hominibus

370 3638 436 3700 in
484 3636 743 3719 propria
777 3635 986 3699 forma
1022 3635 1362 3699 visibiliter
1399 3656 1727 3718 nunquam
1768 3658 1876 3720 ap-

369 3735 606 3817 paruit,
639 3751 756 3796 nec
789 3733 855 3795 in
887 3732 1090 3795 forma
1127 3734 1323 3795 altera
1361 3733 1484 3795 sibi
1516 3735 1715 3808 unita,
1751 3736 1874 3798 nisi

371 3834 439 3896 in
469 3832 744 3906 Christo,
775 3833 884 3896 sed
915 3851 1124 3914 neque
1156 3833 1222 3894 in
1251 3831 1458 3895 forma
1486 3851 1522 3894 a
1553 3852 1620 3895 se
1650 3834 1874 3897 imme-

372 3933 542 3994 diate
574 3936 924 4013 assumpta,
946 3931 1056 3992 sed
1088 3931 1312 4012 angelo
1343 3931 1680 3994 mediante.
1707 3933 1872 3995 Deus

372 4030 616 4112 quippe
679 4029 1030 4090 secundum
1103 4029 1392 4090 ordinem
1461 4029 1874 4110 providentiae

371 4147 505 4191 suae
549 4125 980 4189 mediantibus
1023 4126 1263 4208 angelis
1307 4126 1630 4188 illuminat
1670 4127 1871 4191 homi-

373 4245 506 4289 neS.
553 4227 698 4289 Haec
739 4226 976 4288 PetruS.

453 4421 546 4484 Ad
583 4421 867 4504 primum
908 4420 1272 4494 dicendum,
1309 4421 1474 4502 quod
1505 4423 1673 4484 inter
1702 4422 1882 4487 Crea-

375 4528 578 4584 torem
611 4527 676 4581 et
705 4525 1058 4581 creaturam
1098 4535 1224 4580 non
1256 4527 1352 4580 est
1386 4518 1740 4585 similitudo
1772 4542 1879 4585 na-

373 4619 622 4694 turaliS,
674 4635 880 4698 neque
939 4617 1232 4689 univoca,
1287 4617 1395 4680 sed
1446 4619 1770 4700 analogica
1816 4630 1881 4685 et

377 4717 690 4779 imitativa
717 4735 829 4778 seu
862 4716 1395 4797 repraesentativa.
1429 4752 1509 4762 —
1539 4718 1630 4780 Ad
1662 4739 1881 4782 secun·

377 4816 530 4877 dum
562 4821 658 4876 est
688 4813 833 4875 data
871 4812 1122 4874 solutio.
1157 4848 1239 4857 —
1266 4813 1360 4874 Ad
1391 4815 1674 4890 tertium,
1710 4817 1877 4898 quod

377 4913 543 4976 Deus
587 4920 686 4974 est
730 4912 794 4973 in
841 4911 1145 4972 creaturis
1185 4920 1245 4973 et
1287 4912 1528 4974 relucet
1574 4913 1638 4974 in
1679 4915 1769 4976 eis
1810 4923 1878 4978 ut

380 5030 568 5074 causa
619 5011 684 5072 in
733 5008 992 5071 effectu.
1026 5010 1094 5070 ln
1145 5010 1520 5091 corporibus
1568 5029 1718 5074 vero
1765 5031 1877 5075 seu

379 5108 605 5191 figuris
657 5109 869 5190 ipsum
916 5108 1541 5190 repraesentantibuS‚
1575 5117 1672 5170 est
1713 5111 1879 5174 sicut

378 5210 696 5288 signatum
748 5207 814 5268 in
863 5207 1046 5288 signo
1079 5215 1184 5269 :et
1230 5208 1350 5269 hoc
1399 5207 1477 5269 de
1526 5225 1711 5281 novo,
1750 5227 1878 5273 non

381 5308 550 5390 quod
579 5307 844 5370 variatio
881 5307 964 5368 sit
1007 5307 1070 5368 in
1103 5306 1262 5388 ip50,
1295 5307 1403 5368 sed
1447 5307 1512 5368 in
1554 5325 1619 5369 re
1657 5325 1881 5388 reprae-

1983 3146 2250 3208 diversae
2308 3145 2714 3207 intentiones
2745 3164 2818 3207 ac
2872 3147 3117 3228 species
3176 3148 3345 3210 sumi
3405 3167 3481 3212 ac

1982 3243 2128 3306 elici
2164 3261 2178 3305 :
2214 3263 2369 3325 quas
2409 3251 2622 3306 tamen
2668 3243 3027 3306 intellectus
3066 3262 3194 3307 non
3235 3246 3485 3327 cogitur

1981 3341 2290 3422 accipere.
2325 3341 2480 3403 Nam
2522 3348 2750 3422 praetcr
2779 3341 3105 3422 obJectum
3147 3350 3337 3426 atque
3376 3363 3482 3427 po-

1982 3440 2247 3503 tentiam
2296 3438 2643 3520 requiritur
2690 3439 2766 3501 ad
2814 3440 3128 3502 actualem
3178 3442 3483 3522 cognitio·

1983 3557 2129 3601 nem
2161 3536 2430 3600 intentio
2470 3537 2908 3616 cognoscentis
2943 3556 3059 3619 per
3088 3557 3347 3602 sensum
3380 3541 3481 3603 vel

1983 3656 2096 3718 per
2128 3635 2543 3698 intellectum.
2580 3634 2701 3696 Sed
2738 3635 2946 3716 angeli
2988 3635 3137 3698 boni
3169 3637 3361 3700 etiam
3393 3638 3483 3701 di-

1983 3743 2151 3798 recte
2207 3734 2271 3796 in
2331 3732 2724 3795 intellectum
2786 3733 3156 3814 imprimere
3215 3743 3479 3817 queunt,

1982 3832 2130 3913 quia
2172 3832 2522 3894 secundum
2555 3831 3005 3911 Augustinum,
3038 3841 3383 3912 operantur
3418 3833 3482 3896 in

1982 3929 2431 4010 intelligentias
2462 3936 2707 3992 nostras
2742 3929 2922 3991 miris
2952 3929 3329 4010 quibusdam
3362 3950 3488 3994 mo-

1981 4027 2098 4089 dis.
2136 4028 2263 4089 Hoc
2301 4035 2514 4088 autem
2556 4034 2650 4089 est
2689 4027 2755 4089 in
2786 4034 3097 4108 quantum
3140 4027 3356 4092 lumen
3392 4030 3485 4092 in—

1979 4126 2272 4190 tellectus
2335 4127 2535 4188 nostri
2603 4127 2848 4206 agentis
2910 4126 3305 4190 confortatur
3370 4148 3485 4211 per

1901 4228 1951 4290 D
1982 4223 2409 4287 intellectuale
2455 4224 2673 4286 lumen
2716 4241 2959 4287 eorum.
2994 4225 3123 4288 Hoc
3167 4245 3318 4289 vero
3366 4228 3487 4291 dae-

1982 4323 2279 4386 monibus
2321 4340 2447 4385 non
2490 4323 2809 4396 convenit,
2843 4324 3149 4405 quoniam
3188 4326 3483 4407 quamvis

1989 4422 2205 4484 lumen
2237 4439 2456 4483 eorum
2498 4420 2781 4482 naturale
2812 4421 3143 4484 efficacius
3181 4423 3265 4484 sit
3297 4422 3484 4486 lumi-

1987 4539 2067 4583 ne
2117 4519 2478 4581 intellectus
2527 4518 2815 4592 humani,
2856 4527 3134 4582 attamen
3178 4521 3481 4584 vitiorum

1988 4618 2268 4681 tenebris
2326 4617 2633 4691 obvoluti,
2686 4637 3085 4700 nequaquam
3146 4619 3485 4682 intendunt

1989 4717 2206 4779 lumen
2249 4717 2607 4779 intellectus
2645 4717 2844 4779 nostri
2880 4716 3176 4780 roborare
3206 4725 3268 4780 et
3297 4719 3485 4780 recti-

1987 4815 2206 4889 ficare,
2253 4815 2361 4877 sed
2406 4814 2617 4896 potius
2659 4815 3001 4878 obscurare
3043 4823 3106 4878 et
3148 4816 3387 4879 fallere.

2067 4913 2338 4974 Demum
2386 4913 2465 4974 ad
2508 4913 2699 4987 istud,
2734 4922 2949 4976 utrum
2993 4915 3310 4978 daemones
3352 4916 3482 4978 sint

1989 5012 2347 5074 incentores
2377 5009 2711 5086 malorum,
2736 5013 3074 5092 respondet
3104 5031 3118 5076 :
3152 5015 3480 5079 Daemones

1987 5111 2291 5172 dicuntur
2334 5109 2710 5183 incentoreS,
2762 5109 2827 5171 in
2878 5119 3189 5191 quantum
3233 5113 3480 5176 fervere

1985 5208 2231 5270 faciunt
2260 5207 2634 5288 sanguinem
2670 5224 2683 5268 τ
2718 5226 2794 5269 ex
2824 5226 2952 5289 quo
2990 5209 3202 5272 anima
3230 5212 3307 5272 ad
3338 5231 3483 5275 con-

1987 5305 2449 5388 cupiscendum
2505 5306 2888 5388 disponitur,
2941 5308 3477 5389 quemadmodum
