4334 6242
906 464 986 528 78
1596 484 1657 531 m
1698 485 1920 532 mamm
1964 486 2005 530 u
2048 482 2530 530 salvi-munaum.
2577 502 2656 511 -
2697 483 2851 529 msr.
2901 485 2960 546 ¹3
3004 481 3226 539 Qufflsr.
3274 482 3334 531 iv

990 652 1222 717 Ponam
1272 672 1423 736 ergo
1473 656 1539 718 in
1588 656 1815 737 primis
1863 655 2233 737 opinionem
2276 654 2410 716 Ari·
2437 651 2488 714 A
2522 672 2693 716 nunc
2733 654 2886 716 dum
2925 654 3166 737 aliquid
3207 663 3526 737 operatur,
3559 655 3727 717 sicut
3757 655 4016 736 quando

912 751 1153 814 stotelis
1200 761 1264 815 et
1311 754 1586 817 rationes
1633 754 1793 834 ejus.
1847 754 2043 827 Unde,
2096 752 2408 836 quidquid

913 849 1159 912 dicatur
1204 859 1268 913 et
1315 852 1865 934 qualitercumque
1915 853 2059 935 quis
2110 871 2259 913 eum
2309 870 2411 913 ex-

914 966 1133 1010 cusare
1163 958 1449 1024 conetur,
1484 951 1618 1013 haec
1660 949 1781 1012 fuit
1812 950 2249 1012 indubitanter
2277 949 2411 1031 opi-

913 1046 1021 1108 nio
1049 1046 1211 1127 ejuS,
1245 1049 1416 1130 quod
1458 1049 1735 1111 mundus
1772 1049 1853 1111 sit
1882 1057 2155 1111 aeternus
2191 1068 2205 1112 ε
2237 1048 2406 1129 quod

911 1145 1104 1207 etiam
1132 1148 1402 1209 asseruit
1431 1148 1775 1219 Avicenna‚
1808 1166 1880 1210 ac
1909 1166 2214 1229 sequaces
2247 1148 2411 1230 ipso-

912 1262 1074 1305 rum.
1111 1281 1191 1289 —
1231 1245 1306 1306 Et
1350 1246 1557 1327 prima
1598 1264 1817 1308 eorum
1872 1247 2031 1308 ratio
2070 1245 2215 1319 fuit,
2259 1244 2410 1326 quia

912 1342 1165 1405 Creator
1222 1346 1542 1426 praecessit
1594 1346 1927 1417 mundum,
1979 1344 2080 1407 vel
2142 1362 2289 1406 non.
2344 1343 2407 1405 Si

912 1457 1059 1513 non,
1092 1460 1242 1521 ergo
1283 1443 1559 1505 mundus
1599 1450 1701 1507 est
1732 1442 1790 1503 ei
1832 1442 2403 1523 consempiternus,

910 1538 975 1599 Si
1016 1540 1339 1619 praecessit
1379 1539 1713 1613 mundum,
1748 1548 1857 1601 aut
1898 1540 2222 1621 praecessit
2255 1548 2407 1601 tem-

910 1654 1084 1717 pore,
1128 1646 1237 1701 aut
1279 1640 1628 1701 aeternitate
1671 1656 1684 1699 :
1730 1657 1856 1702 non
1900 1646 2209 1720 tempore,
2252 1656 2406 1720 quo-

910 1735 1083 1797 niam
1113 1744 1257 1798 ante
1291 1737 1603 1799 mundum
1636 1754 1761 1799 non
1792 1736 1917 1799 fuit
1950 1744 2221 1817 tempuS.
2245 1736 2407 1817 Ergo

2518 771 2642 815 non
2685 753 3086 835 operabatur,
3119 754 3476 817 necessario
3515 753 3805 836 sequitur
3840 754 4014 835 quod

2518 850 2569 912 si
2602 871 2774 913 nunc
2803 852 3044 934 aliquid
3079 861 3398 935 operatur,
3432 853 3625 915 etiam
3663 860 3811 915 ante
3841 851 4012 913 idem

2515 949 2897 1032 operabatur
2930 968 2943 1012 :
2976 951 3215 1033 alioqui
3245 970 3375 1015 non⁴
3404 953 3616 1034 potius
3645 958 4018 1033 operaretur

2518 1068 2690 1110 nunc
2732 1068 2924 1131 quam
2970 1050 3168 1131 prius,
3203 1070 3403 1132 quum
3446 1051 3668 1113 eodem
3716 1049 3904 1111 modo
3945 1068 4014 1110 se

2515 1147 2761 1222 habeat,
2803 1156 2864 1209 et
2908 1149 3074 1210 idem
3124 1149 3346 1211 eodem
3399 1150 3587 1211 modo
3635 1168 3702 1210 se
3747 1147 4012 1220 habenS‚

2514 1244 2706 1308 faciat
2754 1246 2942 1309 idem.
2987 1247 3143 1309 Nam
3193 1255 3256 1308 et
3303 1247 3554 1319 artifex,
3607 1247 3658 1308 si
3711 1246 4014 1309 omnibus

2518 1345 2722 1408 modis
2773 1345 2858 1407 ita
2907 1364 2972 1407 se
3021 1344 3211 1408 habet
3257 1346 3510 1427 quando
3555 1344 3854 1415 aedifieat,
3897 1346 4018 1406 sic-

2518 1450 2586 1504 ut
2627 1451 2795 1515 ante,
2827 1444 3117 1525 sequitur
3153 1444 3322 1525 quod
3365 1450 3430 1505 et
3467 1452 3611 1505 ante
3654 1443 4016 1506 aedil'icabat

2516 1544 3053 1624 quemadmodum
3085 1562 3274 1605 nunc.
3297 1543 3552 1606 Constat
3581 1550 3818 1615 autem,
3843 1542 4015 1623 quod

2515 1640 2693 1702 nulla
2741 1640 2904 1702 facta
2954 1640 3037 1702 sit
3088 1642 3333 1703 novitas
3385 1642 3449 1703 in
3502 1659 3684 1723 posse
3734 1648 3794 1703 et
3849 1640 4016 1702 scire

2515 1746 2624 1800 aut
2654 1739 2816 1801 velle
2847 1739 3176 1802 CreatoriS.
3211 1776 3293 1784 —
3321 1739 3528 1801 Tertia
3565 1739 3724 1801 ratio
3753 1738 4018 1801 Avicen-

909 1851 1037 1896 non
1089 1835 1411 1916 praecessit
1459 1835 1769 1897 mundum
1830 1835 1951 1897 nisi
2004 1836 2172 1896 sicut
2219 1854 2408 1897 causa
2441 1837 2487 1899 B
2518 1857 2612 1899 nae
2661 1845 2776 1911 est,
2829 1838 2980 1919 quia
3027 1838 3281 1901 Creator
3327 1846 3474 1900 ante
3525 1838 3861 1911 mundum,
3907 1844 4016 1899 aut

906 1930 1235 1995 effectum.
1271 1933 1347 1994 Et
1376 1952 1575 2016 quum
1617 1941 1762 1996 ante
1804 1934 2115 1995 mundum
2154 1942 2218 1995 et
2250 1941 2406 1995 tem-

909 2050 1031 2112 pus
1072 2050 1195 2095 non
1240 2032 1435 2097 fuerit
1478 2032 1600 2094 nisi
1644 2032 1983 2106 aeternitaS‚
2020 2051 2161 2114 quae
2203 2032 2268 2093 in
2313 2032 2405 2093 in-

910 2128 1171 2192 finitum
1219 2130 1542 2212 praecessit
1586 2138 1862 2212 tempus,
1906 2130 2195 2213 sequitur
2237 2131 2405 2212 quod

911 2230 1077 2291 Deus
1118 2230 1184 2291 in
1216 2237 1343 2293 tota
1380 2248 1496 2291 sua
1532 2230 1881 2292 aeternitate
1922 2228 2177 2291 infinite
2217 2248 2406 2293 omne

910 2336 1164 2411 tempus
1221 2328 1562 2411 praecessit.
1614 2328 1964 2408 Imaginare
2014 2348 2184 2410 ergo,
2235 2329 2404 2411 quod

908 2428 1123 2510 aliqua
1152 2436 1439 2490 creatura
1476 2426 1670 2489 fuerit
1699 2426 1779 2489 ab
1811 2436 2047 2491 aeterno
2086 2447 2233 2490 cum
2267 2428 2406 2491 Cre-

791 2520 799 2525 ’
910 2534 1106 2601 atore,
1138 2534 1202 2588 et
1246 2526 1616 2607 cogitaverit
1657 2527 1828 2607 apud
1873 2546 1964 2600 se,
2007 2546 2086 2588 an
2128 2527 2405 2588 mundus

910 2633 1076 2687 esset
1125 2624 1401 2699 futuruS,
1434 2632 1498 2687 et
1537 2624 1815 2706 potuerit
1863 2625 2095 2699 dicere,
2139 2624 2407 2687 Mundus

912 2724 1033 2785 erit
1067 2740 1081 2785 :
1113 2730 1222 2785 aut
1269 2723 1463 2804 igitur
1508 2722 1686 2785 nullo
1736 2722 2135 2797 intermedio,
2169 2730 2279 2785 aut
2319 2723 2409 2785 in-

913 2822 1223 2884 termedio
1250 2821 1483 2903 aliquo.
1520 2822 1584 2883 Si
1616 2822 1793 2883 nullo
1828 2821 2225 2896 intermedio,
2261 2840 2408 2902 ergo

916 2938 1061 2983 mox
1116 2939 1189 2986 ac
1248 2920 1461 2983 subito
1516 2918 1639 2982 fuit
1694 2919 1967 2982 futurus.
2019 2921 2220 2994 Quare
2277 2919 2407 3000 jam

2517 1936 2722 2017 potuit
2753 1955 2966 1999 creare
2998 1954 3228 2017 corpus
3263 1936 3519 2018 aliquod
3551 1937 3718 2018 quod
3753 1935 4015 1997 haberet

2519 2043 2761 2096 motum
2811 2034 3146 2097 durantem
3196 2054 3396 2117 usque
3438 2035 3518 2097 ad
3570 2034 3792 2097 mundi
3843 2053 4014 2096 crea-

2517 2133 2776 2205 tionem,
2821 2141 2931 2195 aut
2977 2151 3102 2195 non
3154 2134 3360 2215 potuit
3403 2153 3417 2197 :
3461 2141 3523 2195 et
3567 2132 3870 2196 frivolum
3917 2141 4017 2194 est

2516 2232 2726 2293 dicere
2766 2234 2934 2313 quod
2979 2252 3106 2295 non
3152 2233 3359 2313 potuit
3397 2232 3536 2295 hoc.
3572 2232 3635 2295 Si
3677 2231 3872 2313 igitur
3910 2250 4018 2315 po-

2516 2329 2659 2403 tuit,
2694 2337 2964 2410 ponatur
3002 2330 3174 2411 quod
3214 2329 3434 2391 fecerit
3476 2329 3618 2403 hoc,
3655 2338 3720 2391 et
3761 2330 4016 2391 nullum

2517 2426 2916 2509 impossibile
2947 2428 3092 2490 inde
3123 2436 3443 2510 sequetur.
3461 2428 3525 2491 Si
3557 2436 3769 2490 autem
3803 2436 4016 2490 motus

2516 2527 2798 2608 corporis
2858 2526 3030 2589 illius
3087 2527 3339 2589 duravit
3403 2546 3604 2610 usque
3652 2528 3730 2589 ad
3791 2527 4015 2589 mundi

2515 2622 2924 2696 creationem,
2957 2642 3107 2704 ergo
3135 2631 3198 2685 et
3228 2632 3480 2706 tempus
3514 2632 3664 2686 tunc
3697 2623 3816 2685 l'uit-
3847 2642 4020 2685 men-

2517 2740 2739 2783 surans
2799 2720 3168 2801 hujusmodi
3229 2730 3472 2784 motum
3525 2742 3540 2786 :
3593 2741 3742 2804 ergo
3792 2722 4018 2784 mundi

2517 2819 2752 2883 creatio
2796 2837 2920 2883 non
2965 2819 3088 2882 suit
3131 2821 3196 2883 in
3241 2821 3428 2883 initio
3469 2822 3796 2903 temporis.

2595 2920 2690 2981 Ad
2738 2918 3012 3001 primam
3067 2919 3383 2982 rationum
3442 2920 3706 2982 istarum
3757 2940 4016 3003 respon-

914 3020 1157 3082 instans
1200 3026 1333 3081 erat
1379 3018 1761 3100 inceptionis
1806 3019 2029 3100 ipsius,
2064 3027 2125 3080 et
2165 3018 2288 3080 fuit
2331 3018 2411 3080 si·
2444 3022 2488 3084 C
2518 3020 2843 3102 de0,quod
2874 3020 3127 3083 Creator
3157 3020 3479 3102 praecessit
3507 3021 3815 3083 mundum
3847 3028 4020 3083 aeter-

914 3118 1049 3181 mul
1090 3137 1236 3180 cum
1268 3118 1557 3181 Creatore
1596 3136 1671 3178 ex
1703 3125 1856 3179 tunc
1890 3136 1904 3180 :
1938 3118 2176 3180 etenim
2217 3116 2407 3179 simul

913 3224 1063 3279 sunt
1108 3216 1275 3279 inter
1310 3234 1581 3298 quorum
1630 3215 2065 3278 exsistentiam
2111 3215 2272 3277 nihil
2315 3223 2411 3277 est

916 3314 1218 3377 medium.
1255 3314 1318 3377 Si
1360 3332 1511 3376 vero
1553 3312 1822 3387 dicatur,
1856 3314 2023 3395 quod
2068 3321 2196 3376 tota
2233 3320 2410 3377 aeter-

914 3415 1110 3477 nitate
1141 3414 1395 3476 Creator
1434 3412 1746 3473 mundum
1790 3412 2131 3493 praecessit,
2168 3413 2234 3475 in
2268 3412 2412 3473 infi-

914 3513 1050 3574 nito
1088 3530 1237 3593 ergo
1277 3510 1621 3593 praecessit,
1654 3517 1716 3571 et
1755 3518 1897 3591 post
1935 3510 2179 3572 dictum
2225 3510 2406 3583 illud,

915 3611 1184 3673 Mundus
1231 3610 1373 3681 erit,
1428 3609 1492 3671 in
1541 3608 1870 3671 infinitum
1922 3617 2063 3691 post
2111 3609 2412 3671 subsecu-

919 3720 1053 3772 tum
1093 3716 1189 3770 est
1227 3726 1366 3770 esse
1407 3707 1666 3786 mundi3
1707 3725 2036 3790 quumque
2078 3706 2408 3770 infinitum

917 3815 1190 3889 nequeat
1238 3805 1631 3889 pertransiri,
1678 3825 2005 3887 nunquam
2057 3814 2224 3868 esset
2272 3825 2411 3888 per-

916 3914 1178 3969 ventum
1227 3906 1305 3968 ad
1356 3905 1597 3967 instans
1643 3921 1773 3986 quo
1822 3905 2097 3966 mundus
2148 3904 2407 3986 incepit.

915 4006 1091 4079 Quod
1136 4006 1187 4067 si
1231 4004 1485 4067 Creator
1530 4004 1694 4065 intra
1738 4022 1805 4065 se
1844 4011 1990 4065 ante
2033 4011 2286 4085 tempus
2325 4003 2415 4065 di-

916 4105 1029 4178 xit,
1053 4104 1289 4167 Creabo
1320 4103 1655 4175 mundum,
1680 4110 1742 4163 et
1774 4110 1915 4183 post
1942 4102 2412 4183 aliquantulum

2519 3118 2735 3191 nitate,
2779 3137 2906 3181 non
2957 3120 3262 3200 temporis
3312 3120 3659 3201 prioritate.
3703 3120 4012 3201 Denique,

2517 3226 2669 3276 ante.
2707 3234 2832 3279 non
2875 3217 3109 3279 dicitur
3147 3218 3416 3280 univoce
3456 3218 3533 3280 de
3571 3219 3921 3282 aeternitate
3953 3224 4019 3279 et

2520 3322 2825 3397 tempore,
2849 3316 3385 3397 quemadmodum
3421 3335 3536 3378 nec
3566 3316 3817 3379 duratio
3845 3325 4021 3379 aeter-

2518 3414 2736 3477 nitatis
2767 3422 2829 3477 et
2859 3414 3107 3477 duratio
3146 3416 3471 3497 temporis.
3506 3416 3654 3478 Ideo
3691 3434 4017 3497 compara-

2518 3513 2722 3575 tiones
2754 3513 3104 3575 secundum
3138 3514 3314 3595 prius
3346 3520 3409 3576 et.
3439 3515 3776 3596 posteriuS,
3803 3514 4014 3577 locum

2519 3631 2644 3676 non
2695 3612 2930 3674 habent
2974 3611 3138 3673 inter
3181 3613 3596 3675 aeternitatem
3636 3622 3698 3675 et
3736 3621 4014 3695 tempuS,

2520 3730 2637 3773 nec
2682 3712 2847 3773 inter
2891 3711 3024 3773 veri
3077 3712 3357 3774 nominis
3405 3720 3711 3775 aeternum
3755 3720 3820 3773 et
3865 3720 4020 3774 tem·

2521 3809 2754 3891 porale.
2786 3809 3062 3871 Univoca
3091 3810 3330 3891 quippe
3362 3802 3814 3892 comparabilia
3841 3819 4014 3883 sunt,

2521 3908 2873 3969 secundum
2932 3907 3406 3989 Philosophum.
3470 3908 4017 3982 Quemadmodum

2520 4024 2670 4086 ergo
2713 4023 2836 4067 non
2878 4013 2975 4067 est
3015 4005 3380 4087 recipienda
3423 4007 3808 4088 comparatio
3852 4006 4020 4069 inter

2521 4111 2775 4185 tempus
2818 4110 2882 4164 et
2931 4102 3142 4165 locum
3187 4122 3298 4165 seu
3343 4123 3706 4178 numerum,
3740 4113 3812 4166 ut
3851 4105 4021 4166 dica-

916 4202 1194 4265 creavit:
1228 4207 1539 4283 quantum
1572 4200 1693 4262 fuit
1724 4200 2173 4262 intermedium
2209 4200 2412 4261 illud?
2442 4205 2491 4266 D
2523 4209 2646 4276 tur,
2679 4202 2954 4283 Tempus
2999 4208 3094 4263 est
3139 4202 3345 4282 majus
3396 4203 3532 4266 loco
3573 4212 3684 4265 aut
3725 4221 4016 4278 numero,

918 4302 1068 4383 quia
1104 4307 1214 4361 aut
1244 4298 1366 4360 suit
1397 4304 1523 4361 tota
1556 4298 1894 4372 aeternita5‚
1927 4305 2036 4359 aut
2067 4318 2212 4380 pars
2247 4298 2408 4379 ejuS,

917 4399 1018 4463 vel
1062 4406 1333 4479 tempus.
1378 4396 1515 4458 Non
1560 4402 1689 4457 tota
1731 4396 2069 4469 aeternitaS,
2110 4396 2414 4477 quoniam

919 4499 1029 4561 illa
1058 4516 1186 4561 non
1218 4503 1426 4579 potest
1465 4494 1838 4579 pertransiri
1878 4513 2086 4576 neque
2116 4494 2318 4567 finiri,
2353 4501 2415 4556 et

918 4599 1007 4661 ita
1044 4604 1305 4661 ventum
1352 4613 1680 4677 nunquam
1724 4601 1890 4656 esset
1932 4594 2011 4655 ad
2059 4593 2282 4655 mundi
2326 4593 2418 4655 in-

918 4697 1275 4780 ceptionem
1295 4712 1312 4774 ;
1334 4712 1452 4755 nec
1485 4712 1629 4775 pars
1659 4693 2049 4766 aeternitatiS,
2068 4693 2218 4774 quia
2247 4701 2419 4755 aeter-

920 4798 1084 4859 nitas
1132 4792 1544 4857 indivisibilis
1592 4800 1689 4854 est
1738 4799 1993 4874 totaque
2041 4792 2257 4865 simul,
2298 4811 2416 4854 nec

920 4894 1163 4977 aliquid
1222 4894 1387 4955 intra
1434 4910 1501 4953 se
1551 4890 1711 4952 dixit
1758 4891 2013 4954 Creator
2059 4892 2229 4973 quod
2290 4908 2420 4957 nou

920 4993 1153 5056 dixerit
1194 4990 1274 5053 ab
1322 4997 1594 5069 aetern03
1634 5007 1753 5051 nec
1795 4996 2071 5071 tempus,
2112 4989 2417 5071 quoniam

922 5092 1208 5156 nondum
1256 5088 1397 5151 fuit.
1430 5124 1511 5133 —
1540 5088 1829 5150 Secunda
1878 5088 2036 5151 ratio
2078 5088 2419 5151 Avicennae

920 5200 1017 5255 est
1046 5208 1060 5253 :
1094 5188 1458 5252 Intellectus
1492 5204 1681 5247 verus
1721 5192 2007 5260 testatur,
2041 5186 2194 5267 quia
2232 5186 2286 5247 si
2327 5205 2419 5248 es-

920 5289 1126 5354 sentia
1163 5286 1377 5370 aliqua
1413 5282 1715 5349 omnibus
1756 5284 1960 5347 modis
2002 5284 2089 5347 ita
2126 5304 2194 5347 se
2229 5283 2421 5347 habet

2524 4320 2640 4363 nec
2681 4308 2974 4380 econtra3
3017 4302 3103 4362 ita
3142 4321 3258 4363 nec
3299 4302 3462 4364 inter
3500 4302 3917 4365 aeternitatem
3957 4312 4022 4365 et

2524 4407 2799 4480 tempus,
2833 4418 2950 4460 nec
2995 4399 3160 4461 inter
3200 4399 3556 4463 Creatorem
3600 4409 3664 4462 et
3706 4402 4020 4463 mundum

2524 4517 2636 4560 seu
2666 4497 2839 4560 aliud
2873 4497 3522 4580 temporale.Atte11de
3553 4502 4019 4583 quoque,quod

2523 4603 2668 4658 ante
2726 4604 2788 4658 et
2837 4604 2998 4679 post,
3053 4596 3230 4679 prius
3289 4604 3350 4658 et
3399 4599 3736 4679 posterius,
3787 4598 3908 4661 fuit
3955 4607 4021 4661 et

2523 4694 2665 4767 erit,
2702 4694 3084 4757 intentiones
3123 4713 3237 4756 seu
3278 4695 3658 4760 differentiae
3687 4706 3836 4759 sunt
3868 4705 4022 4759 tem-

2527 4793 2720 4873 poris,
2753 4801 2814 4854 et
2845 4791 2927 4854 ob
2969 4792 3086 4855 hoc
3125 4792 3341 4855 fluxus
3381 4802 3444 4855 et
3473 4796 3908 4859 successiones
3945 4815 4020 4857 ac

2527 4890 2984 4972 praeteritiones
3017 4892 3319 4973 temporis
3351 4900 3516 4954 sunt.
3546 4892 3788 4955 Idcirco
3818 4912 4020 4975 quum

2525 4989 2781 5062 dicitur,
2833 4989 3090 5071 Aliquid
3143 4988 3269 5051 fuit
3315 4998 3459 5051 ante
3511 4992 3845 5065 mundum,
3898 4992 4018 5054 talc

2527 5096 2622 5149 est
2661 5086 2845 5169 quasi
2884 5087 3130 5149 dicat-ur
3167 5088 3410 5169 aliquid
3448 5107 3587 5151 esse
3626 5099 3802 5153 extra
3841 5110 4021 5153 mun·

2527 5188 2683 5249 dum
2713 5186 2813 5248 vel
2849 5186 3013 5247 ultra
3053 5187 3384 5250 mundum.
3419 5188 3636 5270 Itaque
3665 5198 3810 5252 ante
3843 5210 4022 5252 mun-

2527 5285 2682 5347 dum
2721 5302 2849 5347 non
2884 5284 3008 5346 fuit
3039 5285 3214 5348 locus
3255 5304 3372 5348 nec
3403 5293 3678 5370 tempuS,
3715 5306 3924 5371 neque
3954 5290 4019 5352 in
