4334 6242
849 478 928 543 18
1609 497 1886 544 Emona:
1927 495 2393 543 mS'rmCTlon!
2435 496 2593 543 LIBRI
2635 496 2679 542 11
2722 498 3185 546 SENTENTIARUn

849 667 1067 724 animae
1112 666 1413 740 originale,
1461 684 1576 724 non
1624 667 1762 740 quia
1808 667 1868 722 in
1916 666 2006 724 sui
2055 665 2347 724 infusione
2377 666 2429 729 Α

849 755 1011 813 carni
1049 756 1358 813 maculatae
1395 756 1826 813 condelectetur
1857 754 2096 828 (etenim
2136 754 2220 811 sic
2257 771 2349 811 ac·

848 846 1003 903 tuale
1042 849 1344 918 peccatum
1383 849 1572 918 esset),
1601 848 1704 903 sed
1743 847 1815 902 ob
1857 846 1935 910 id,
1968 847 2124 918 quod
2169 844 2345 917 primi

850 935 1109 992 hominis
1156 935 1360 992 anima
1407 935 1696 1008 peccatrix
1753 952 1989 992 carnem
2045 934 2261 1012 infecit,
2312 950 2346 989 a

847 1043 964 1097 qua
1009 1025 1254 1082 ulterius
1300 1026 1500 1082 anima
1547 1024 1726 1096 prolis
1772 1024 2047 1082 inficitur.
2095 1025 2194 1079 Est
2241 1040 2345 1080 au-

845 1119 963 1173 tem
1004 1119 1309 1187 peccatum
1350 1115 1632 1188 originale
1676 1115 2092 1178 necessarium,
2136 1130 2240 1185 pro
2277 1131 2343 1170 eo

845 1207 1000 1276 quod
1039 1204 1208 1261 vitari
1251 1221 1367 1261 non
1417 1209 1640 1276 potest;
1690 1208 1750 1260 at
1792 1203 2191 1260 voluntarium
2238 1207 2341 1267 est,

845 1295 976 1353 ideo
1023 1298 1179 1367 quod
1226 1311 1296 1351 ex
1346 1294 1520 1366 primi
1572 1293 1832 1350 hominis
1877 1294 2170 1350 voluntate
2219 1310 2347 1364 pro·

845 1383 1033 1448 cessit,
1080 1385 1236 1441 unde
1290 1387 1348 1439 et
1393 1382 1489 1438 alii
1549 1383 1740 1455 ipsum
1798 1382 2166 1439 contrahunt.
2218 1383 2344 1447 Quo

844 1490 961 1531 non
1009 1475 1290 1538 obstante,
1341 1474 1491 1530 Deus
1531 1473 1794 1529 anImam
1839 1473 2000 1529 carni
2041 1470 2345 1544 conjungit

843 1565 1168 1621 secundum
1197 1579 1318 1620 suae
1347 1561 1776 1634 beneplacitum
1805 1561 2138 1626 voluntatis,
2167 1564 2234 1618 ut
2262 1560 2344 1617 sic

841 1652 1096 1710 salvetur
1131 1651 1564 1725 propagationis
1603 1651 1880 1709 humanae
1923 1649 2229 1707 institutio.
2261 1651 2343 1705 Ex

844 1741 1056 1814 quibus
1101 1745 1159 1798 et
1202 1745 1373 1813 patet,
1404 1740 1636 1797 animas
1679 1742 1821 1797 dum
1872 1739 2211 1812 corporibus
2254 1738 2342 1795 in-

2835 687 3260 752 DISTINCTIO
3303 689 3560 752 XXXIV.

2514 820 2657 883 Post
2699 821 3000 903 praediota
3041 823 3119 885 de
3164 832 3423 906 peccato
3466 823 3721 898 actuali,
3762 832 3880 887 etc.

2588 1020 2753 1076 RIGO
2802 1023 2859 1078 et
2904 1037 3077 1078 causa
3126 1021 3318 1093 prima
3360 1021 3535 1094 primi
3579 1023 3818 1094 peccati,
3858 1039 3949 1079 res

2614 1110 2767 1165 bona
2795 1109 2921 1176 fuit,
2954 1128 3136 1183 quum
3178 1114 3313 1168 ante
3350 1111 3430 1176 id,
3457 1112 3683 1169 malum
3718 1112 3945 1169 nullum

2453 1197 2772 1264 exstiterit;
2821 1203 2879 1255 et
2922 1199 3032 1256 hoc
3074 1201 3134 1256 in
3183 1200 3372 1273 primo
3420 1201 3629 1274 angelo
3678 1205 3949 1274 peccante

2453 1285 2689 1344 initium
2720 1289 2887 1360 cepit.
2920 1290 3297 1363 sequentium
3338 1294 3537 1348 tamen
3578 1295 3949 1364 peccatorum

2454 1395 2629 1434 causa
2672 1377 2781 1434 fuit
2824 1379 3016 1451 prima
3056 1380 3323 1437 voluntas
3366 1381 3539 1437 mala.
3583 1383 3661 1437 Ac
3706 1397 3809 1454 per
3841 1380 3949 1436 hoc

2453 1483 2629 1525 causa
2686 1469 2905 1540 peccati
2952 1469 3161 1542 prima,
3212 1472 3367 1527 bona
3420 1473 3525 1536 est,
3580 1487 3697 1527 non
3750 1474 3945 1528 autem

2454 1559 2801 1614 secundaria
2829 1561 2885 1614 et
2913 1559 3200 1631 proxima.
3232 1561 3417 1616 Omne
3455 1577 3685 1633 quoque
3724 1561 3947 1618 malum

2453 1645 2571 1703 sive
2612 1664 2794 1719 poenae
2839 1648 2956 1705 sive
3002 1649 3206 1720 culpae,
3248 1649 3307 1705 in
3346 1650 3498 1706 bono
3540 1667 3665 1707 esse
3706 1652 3947 1723 oportet,

2454 1752 2561 1792 nec
2601 1738 2928 1810 subjectum
2972 1738 3113 1796 mali
3157 1756 3279 1796 esse
3324 1743 3509 1812 potest.
3549 1740 3660 1796 nisi
3706 1741 3946 1804 bonum,

843 1831 1187 1895 funduntur,
1221 1847 1338 1886 non
1377 1829 1620 1887 omnino
1660 1830 1804 1885 tales
1852 1844 2108 1894 manere,
2140 1828 2342 1900 quales
2378 1823 2424 1884 B
2455 1841 2637 1896 quum
2670 1826 2893 1884 malum
2926 1843 3041 1883 non
3081 1828 3157 1883 sit
3196 1827 3309 1885 nisi
3345 1828 3481 1885 boni
3516 1829 3809 1901 corruptio
3846 1844 3949 1885 seu

841 1937 878 1976 a
914 1921 1030 1978 Deo
1072 1923 1360 1984 creantur,
1396 1936 1580 1993 quum
1611 1937 1680 1976 ex
1711 1919 1950 1977 mundis
1981 1920 2123 1974 fiant
2150 1919 2342 1991 inqui-

843 2013 1012 2066 natae.
1055 2012 1194 2075 Ouae
1231 2027 1338 2066 nec
1382 2009 1633 2082 aequales
1673 2026 1710 2065 a
1751 2011 1864 2066 Deo
1908 2012 2197 2073 creantur,
2238 2010 2341 2065 sed

843 2100 976 2156 aliae
1013 2099 1144 2156 aliis
1183 2099 1243 2156 in
1290 2099 1654 2157 naturalibus
1693 2115 1923 2172 quoque
1962 2097 2231 2170 potiores.

840 2217 926 2268 Sit
959 2219 1201 2282 purgata
1231 2230 1393 2268 sacro
1426 2215 1683 2280 quamvis
1713 2215 2062 2279 Baptismate
2092 2214 2275 2281 culpa,

903 2290 1030 2341 Non
1061 2292 1251 2340 tamen
1284 2289 1482 2340 insano
1514 2287 1708 2339 fomite
1743 2286 1994 2338 membra
2021 2291 2232 2338 carent.

1215 2492 1642 2558 DISTINCTIO
1694 2494 1954 2556 XXXIII.

947 2622 1268 2686 Praedictis
1311 2620 1745 2702 adjiciendum
1789 2618 2062 2692 videtur,
2106 2628 2225 2682 etc.

969 2809 1262 2865 crUALIA
1290 2810 1596 2880 parentum
1629 2823 1869 2864 suorum
1898 2807 1986 2862 vel
2016 2806 2194 2862 etiam
2225 2805 2340 2878 pri-

995 2897 1425 2970 orum,parvuli
1454 2897 1528 2953 ab
1558 2895 1782 2969 origine
1811 2912 1926 2951 non
1959 2895 2337 2951 contrahunt:

2455 1913 2696 1985 privatio
2728 1931 2741 1970 :
2772 1919 2833 1971 at
2866 1917 2964 1973 ubi
3000 1918 3219 1974 bonum
3264 1934 3383 1974 non
3424 1921 3529 1983 est,
3562 1917 3641 1975 ibi
3682 1934 3787 1975 nec
3825 1918 3950 1990 ejus

2453 2004 2725 2076 privatim
2766 2022 2835 2061 ac
2874 2023 2977 2078 per
3015 2007 3125 2063 hoc
3164 2024 3271 2064 nec
3314 2007 3539 2066 malum
3583 2024 3707 2065 esse
3744 2010 3947 2081 potest,

2451 2093 2602 2150 sicut
2631 2110 2737 2151 nec
2766 2095 2955 2152 morbi
2994 2099 3096 2152 aut
3132 2096 3374 2153 vulnera
3410 2100 3549 2154 sunt
3585 2096 3698 2152 nisi
3732 2097 3792 2153 in
3832 2113 3953 2153 cor-

2452 2183 2706 2255 poribus,
2738 2184 2883 2240 Hino
2912 2203 3095 2257 quum
3126 2185 3302 2242 homo
3333 2186 3525 2244 malus
3561 2185 3794 2252 dicitur,
3827 2202 3953 2259 per-

2451 2271 2587 2330 inde
2641 2277 2728 2331 est
2780 2291 2849 2330 ac
2893 2274 2941 2330 si
2992 2274 3221 2332 dicatur
3266 2276 3488 2334 bonum
3547 2275 3793 2334 malum.
3835 2276 3952 2333 Nec

2450 2362 2625 2420 habet
2660 2363 2739 2420 ibi
2778 2363 2972 2422 locum
3014 2364 3451 2423 dialecticorum
3488 2365 3692 2438 regula
3721 2368 3792 2423 de
3820 2381 3954 2421 con-

2448 2450 2662 2517 trariis,
2716 2469 2847 2524 quae
2890 2453 2947 2507 in
2996 2455 3201 2511 eodem
3251 2469 3367 2510 non
3416 2453 3595 2511 simul
3642 2453 3946 2518 exsistunt,

2451 2540 2720 2612 quamvis
2766 2541 2827 2598 in
2874 2542 3005 2599 aliis
3042 2543 3350 2600 contrariis
3390 2546 3587 2602 tenere
3626 2542 3949 2616 comperia-

2450 2632 2563 2688 tur.
2614 2631 2811 2703 Neque
2856 2633 3033 2690 etiam
3082 2634 3283 2688 contra
3332 2636 3419 2690 est
3462 2636 3618 2706 quod
3665 2633 3949 2706 Propheta

2451 2719 2849 2792 imprecatur:
2890 2725 2989 2780 Vae
3029 2725 3357 2781 dicentibus
3403 2726 3621 2782 bonum
3666 2741 3790 2781 esse
3828 2740 3951 2780 ma·

2450 2809 2593 2867 lum.
2646 2814 2763 2868 Hoc
2808 2813 2966 2870 enim
3016 2812 3362 2886 intelligitur
3412 2816 3483 2871 de
3538 2831 3606 2871 eo
3657 2802 3757 2887 qui
3815 2831 3949 2870 cau—

2452 2917 2577 2956 sam
2609 2919 2723 2974 qua
2764 2903 2950 2960 bonus
2990 2902 3181 2960 malus
3220 2903 3485 2968 efficitur,
3517 2907 3583 2960 ut
3623 2903 3953 2960 fornicatio-

839 2987 1058 3059 alioqui
1093 3003 1208 3042 non
1248 2989 1399 3042 esset
1437 2984 1751 3041 mitissima
1789 3000 1956 3056 poena
1995 3001 2198 3040 eorum
2239 2984 2339 3056 qui
2376 2981 2419 3044 C
2454 3006 2608 3054 nem,
2656 2993 2869 3047 bonam
2921 2991 3172 3059 diceret;
3226 3008 3341 3048 non
3386 2996 3603 3056 autem,
3646 2993 3744 3065 qui
3794 2993 3953 3050 dicat

839 3075 965 3133 sine
993 3075 1291 3149 Baptismo
1323 3075 1381 3130 in
1413 3073 1684 3146 originali
1715 3075 2023 3137 decedunt,
2049 3076 2112 3130 ut
2139 3075 2338 3130 tamen

838 3165 1199 3238 Augustinus
1244 3164 1466 3221 asserit.
1508 3162 1784 3229 Quamvis
1830 3165 2028 3219 autem
2077 3161 2233 3218 idem
2280 3161 2339 3217 in

840 3254 1194 3328 quibusdam
1243 3252 1434 3309 dicere
1479 3252 1762 3316 videatur,
1810 3268 1907 3306 eos
1953 3251 2130 3306 etiam
2181 3254 2341 3308 actu—

837 3343 953 3401 alia
1005 3344 1313 3415 parentum
1373 3340 1729 3405 contrahere,
1779 3339 1888 3396 hoc
1935 3357 2051 3396 non
2108 3340 2339 3397 asserti-

837 3451 922 3498 ve,
967 3433 1067 3490 sed
1119 3432 1305 3504 magis
1352 3429 1683 3504 inquisitive
1732 3430 1888 3486 dicit.
1941 3432 2106 3495 Quod
2160 3429 2339 3486 etiam

839 3523 900 3578 in
938 3522 1170 3578 Psalmo
1209 3520 1440 3586 dicitur,
1480 3521 1544 3576 ln
1585 3519 1989 3592 iniquitatibus
2028 3523 2340 3590 conceptus

838 3629 990 3676 sum,
1023 3628 1140 3669 non
1171 3614 1258 3668 est
1296 3610 1356 3666 in
1387 3607 1766 3666 contrarium.
1802 3608 1884 3664 lbi
1924 3608 2082 3665 enim
2115 3599 2340 3680 plurale

840 3718 943 3772 pro
973 3701 1256 3774 singulari
1278 3701 1450 3773 juxta
1485 3716 1708 3756 morem
1741 3699 2054 3770 Scripturas
2083 3698 2336 3769 ponitur.

840 3795 1190 3864 Quanquam
1237 3788 1416 3847 etiam
1473 3788 1735 3861 priorum
1785 3790 2092 3860 parentum
2143 3805 2341 3861 pecca-

839 3885 967 3939 tum
1013 3880 1343 3937 maximum
1389 3878 1586 3935 intulit
1622 3881 2065 3942 nocumentum,
2099 3894 2215 3934 non
2259 3881 2342 3934 ta-

841 3987 977 4028 men
1021 3970 1131 4028 suit
1171 3969 1440 4025 omnium
1490 3967 1924 4040 gravissimum,
1964 3971 2029 4024 ut
2071 3970 2230 4040 patet
2268 3970 2339 4025 de

843 4063 1076 4132 peccato
1123 4058 1183 4115 in
1231 4057 1510 4130 Spiritum
1563 4058 1862 4120 Sanctum,
1917 4060 2072 4128 quod
2121 4072 2227 4115 nec
2278 4058 2337 4113 in

842 4150 1037 4206 futuro
1083 4146 1430 4204 remissibile
1478 4145 1710 4202 dicitur.
1753 4145 2011 4218 Denique
2055 4148 2213 4218 quod
2254 4149 2340 4203 to·
2369 4142 2420 4204 D

840 4242 963 4294 tam
1008 4240 1278 4293 naturam
1317 4234 1592 4307 corrupit,
1624 4251 1741 4290 non
1781 4234 2006 4290 ratione
2045 4236 2341 4307 gravitatis

841 4342 964 4384 suae
1010 4324 1288 4398 provenit,
1339 4325 1438 4380 sed
1487 4323 1626 4395 quia
1671 4323 1731 4379 in
1780 4325 1968 4380 Adam
2027 4327 2147 4381 tota
2202 4327 2342 4382 tunc

842 4415 1192 4473 consistebat
1235 4414 1498 4470 humana
1536 4415 1764 4468 natura.
1797 4413 1961 4478 Quod
1999 4413 2177 4470 etiam
2218 4431 2342 4470 ma-

833 4508 968 4580 jora
1004 4507 1223 4561 damna
1261 4503 1524 4560 intulisse
1563 4502 1796 4568 dicitur,
1836 4518 1950 4558 non
1993 4506 2186 4574 quoad
2227 4521 2342 4575 poe-

844 4613 980 4653 nam
1022 4599 1319 4656 aeternam,
1355 4595 1458 4650 sed
1495 4594 1690 4666 quoad
1735 4591 1992 4648 defectus
2039 4609 2109 4649 ex
2152 4611 2219 4649 eo
2260 4610 2345 4649 se-

843 4688 1104 4758 quentes,
1137 4681 1320 4754 accipi
1351 4684 1536 4739 debet.
1569 4683 1747 4738 Porro
1776 4681 1835 4736 in
1867 4681 2001 4737 filiis
2029 4686 2339 4753 parentum

844 4777 1080 4848 peccata
1108 4789 1224 4829 non
1255 4773 1596 4845 puniuntur,
1630 4771 1741 4828 nisi
1772 4771 1832 4827 in
1864 4772 2076 4844 quibus
2109 4789 2342 4829 eorum-

846 4867 980 4922 dem
1021 4863 1124 4918 filii
1162 4861 1474 4918 imitantur
1510 4860 1853 4932 nequitiam.
1883 4861 1951 4915 Et
1979 4860 2063 4916 sic
2093 4859 2339 4933 intelligi

845 4956 1071 5027 oportet
1095 4951 1412 5024 scripturas
1451 4966 1582 5022 quae
1622 4950 1826 5006 dicunt
1863 4950 1922 5004 in
1962 4950 2096 5005 filiis
2136 4967 2342 5022 paren-

843 5047 972 5099 tum
1020 5043 1255 5114 peccata
1301 5039 1538 5095 visitari.
1589 5039 1736 5094 Nam
1786 5040 1842 5094 et
1892 5038 2005 5094 alia
2052 5038 2342 5110 scriptura

846 5133 1030 5189 dicit:
1061 5130 1240 5186 Filius
1281 5143 1396 5184 non
1436 5127 1690 5199 portabit
1727 5126 2094 5199 iniquitatem
2140 5127 2337 5198 patris,

845 5249 1026 5299 Multa
1055 5247 1185 5297 licet
1216 5249 1441 5295 nostros
1472 5243 1736 5294 damnent
1767 5245 1952 5293 errata
1981 5247 2261 5308 parenteS‚

909 5319 1043 5371 Sola
1071 5321 1260 5369 tamen
1291 5315 1481 5380 pueris
1510 5315 1692 5364 tristis
1722 5313 1880 5377 origo
1913 5317 2090 5365 nocet.

2455 3079 2757 3136 hominem
2827 3086 3035 3139 natura
3100 3084 3340 3149 bonum,
3384 3099 3452 3138 ex
3518 3082 3658 3139 vitio
3724 3082 3947 3140 malum

2453 3185 2598 3226 esse.

2452 3295 2585 3345 Hoec
2609 3295 2757 3346 mala
2778 3310 2901 3360 quse
2923 3296 3161 3360 primum
3188 3296 3355 3346 nimis
3377 3297 3617 3347 infecere
3639 3301 3947 3362 parentem,

2516 3369 2639 3418 Non
2672 3367 2777 3418 nisi
2810 3367 3084 3433 principio
3116 3367 3374 3418 desiliere
3404 3367 3568 3419 bono.

2846 3601 3269 3664 DISTINCTIO
3314 3602 3544 3664 XXXV.

2612 3754 2755 3816 Post
2798 3755 2931 3816 haeo
2974 3753 3321 3816 videndum
3366 3762 3463 3817 est
3506 3754 3658 3836 quid
3702 3756 3785 3818 sit

2942 3859 3299 3934 peccatum,
3332 3861 3451 3915 etc.

2581 4057 2905 4114 EFINITUR
2950 4061 3272 4130 peccatum,
3302 4077 3426 4116 esse
3465 4061 3687 4117 dictum
3732 4062 3821 4118 vel
3867 4063 3951 4118 sa·-

2608 4150 2768 4204 ctum
2812 4147 2899 4204 vel
2944 4149 3319 4220 concupitum
3358 4157 3561 4206 contra
3600 4150 3789 4223 legem
3830 4153 3952 4208 Dei.

2455 4236 2573 4302 Vel,
2607 4240 2696 4294 est
2731 4237 2999 4294 voluntas
3046 4237 3275 4294 volendi
3322 4238 3411 4295 vel
3458 4239 3748 4296 retinendi
3796 4244 3953 4313 quod

2445 4325 2678 4399 justitia
2721 4329 2892 4382 vetat.
2942 4325 3061 4390 Vel,
3112 4330 3199 4383 est
3246 4326 3644 4399 praevaricatio
3698 4329 3844 4402 legis
3898 4335 3957 4387 et

2454 4415 2773 4473 coelestium
2808 4415 3201 4472 inobedientia
3227 4421 3667 4489 praeceptorum.
3692 4421 3953 4484 Quarum

2456 4504 2861 4561 definitionum
2906 4504 3096 4576 prima
3133 4509 3189 4561 et
3225 4505 3436 4561 ultima
3466 4509 3628 4564 actus
3657 4511 3777 4563 tam
3810 4509 3955 4566 inte-

2453 4594 2575 4650 rior
2618 4610 2795 4666 quam
2844 4595 3113 4658 exterior,
3162 4597 3420 4652 secunda
3464 4599 3662 4653 autem
3709 4596 3955 4655 interior

2455 4683 2781 4741 ostenditur
2819 4687 3119 4755 peccatum
3160 4700 3301 4742 esse.
3332 4685 3399 4740 Et
3430 4702 3613 4757 quum
3646 4690 3949 4760 peccatum

2452 4775 2530 4830 sit
2570 4773 2627 4828 in
2672 4776 2804 4830 actu
2841 4777 2961 4828 tam
3002 4772 3263 4830 interiori
3302 4790 3479 4846 quam
3511 4776 3801 4840 exteriori,
3832 4794 3950 4833 non

2454 4862 2819 4919 obstantibus
2878 4861 3252 4933 opinionibus
3318 4863 3608 4921 extraneis
3672 4883 3953 4938 quorum-

2456 4952 2613 5015 dam,
2648 4950 3026 5023 principalius
3061 4954 3262 5008 tamen
3304 4955 3389 5009 est
3417 4952 3475 5008 in
3506 4956 3639 5010 actu
3668 4954 3952 5019 interiori,

2455 5041 2773 5111 procedens
2810 5044 2875 5097 ut
2916 5039 3137 5097 fructus
3180 5041 3372 5097 malus
3414 5058 3485 5098 ex
3526 5043 3733 5099 arbore
3776 5045 3950 5109 mala,

2454 5128 2671 5185 scillcet
2720 5145 2892 5200 prava
2940 5129 3253 5187 voluntate.
3296 5131 3572 5195 Quamvis
3614 5134 3813 5189 autem
3855 5151 3953 5191 vo·—

2456 5218 2648 5275 luntas
2674 5221 2730 5274 et
2758 5217 2940 5291 ipsius
2969 5221 3148 5282 actus,
3182 5219 3340 5275 mala
3369 5222 3639 5292 quaedam
3672 5221 3952 5281 dicuntur

2455 5307 2515 5363 in
2545 5310 2831 5380 quantum
2860 5309 2997 5364 sunt
3024 5312 3225 5364 contra
3262 5307 3451 5381 legem
3491 5309 3610 5375 Dei,
3643 5310 3782 5382 quia
3807 5314 3949 5370 tunc
