4334 6242
611 4029 654 4070 p.
686 4018 763 4058 279
776 4017 839 4060 A'.

864 473 984 540 280

1514 497 1577 542 IN
1618 496 1839 542 Ltmtt'u
1880 498 1925 543 11
1966 495 2448 542 SENTEN'rtAnuu.
2493 511 2573 524 -·-
2611 495 2765 541 Dls'r.
2812 495 2918 559 1113
2963 496 3186 551 QUAEST.
3229 493 3314 540 vn

862 685 1059 747 sequa
1106 665 1465 730 dilectionis
1512 667 1828 730 amicitiae.
1864 667 2136 748 Utraque
2184 665 2356 728 enim
2388 664 2439 726 A
2470 672 2696 726 verunt
2722 665 2923 726 Deum
2953 682 3074 728 non
3107 663 3359 727 confuse
3390 671 3493 726 aut
3523 663 3588 726 in
3619 661 3958 726 universali

864 765 1123 846 respicit
1152 765 1393 828 bonum
1424 767 1592 848 quod
1625 768 1766 848 quis
1797 767 1935 829 vult
1964 766 2086 828 sibi
2120 785 2194 827 ac
2223 764 2354 837 alii,

861 873 924 926 et
955 865 1183 946 incipit
1211 884 1248 926 a
1277 884 1363 928 se.
1398 865 1609 928 Nihilo
1650 866 1861 927 minus
1893 867 2019 928 Deo
2049 864 2357 926 debemus

860 964 1075 1045 aliquo
1122 964 1305 1026 modo
1348 963 1753 1026 dilectionem
1797 963 2094 1026 amicitiae
2136 981 2211 1025 ac
2255 961 2359 1023 be-

863 1061 1239 1124 nevolentiae
1306 1063 1659 1124 secundum
1723 1063 2064 1143 quamdam
2134 1078 2358 1142 super-

864 1158 1341 1232 abundantiam,
1376 1159 1644 1221 volendo
1675 1159 1734 1220 ei
1770 1159 2086 1240 optimum
2118 1157 2359 1218 bonum

865 1257 1034 1338 quod
1078 1257 1212 1338 ipse
1252 1265 1368 1330 est,
1401 1265 1465 1317 et
1503 1264 1710 1318 cetera
1747 1257 1912 1319 bona
1951 1275 2093 1337 quae
2136 1257 2362 1317 decent

866 1373 1037 1428 eum,
1072 1365 1141 1417 ut
1180 1355 1425 1418 scilicet
1462 1356 1807 1418 honoretur
1845 1363 1908 1416 et
1946 1355 2246 1435 diligatur
2282 1352 2362 1414 ab

867 1452 1185 1513 omnibus,
1235 1453 1476 1533 Nempe
1526 1453 1836 1533 quidquid
1896 1459 2064 1513 recta
2120 1451 2362 1513 ratione

867 1551 1237 1612 consulente
1269 1552 1469 1630 m‘agis
1500 1550 1812 1630 diligibile
1843 1559 1938 1612 est
1968 1551 2033 1610 in
2063 1567 2366 1632 quocum-

869 1667 991 1729 que
1022 1667 1251 1728 genere
1283 1649 1663 1721 dilectioniS,
1696 1649 1815 1710 hoc
1850 1648 1992 1729 plus
2023 1647 2233 1727 diligit
2264 1664 2366 1708 vo-

871 1746 1081 1807 luntas
1114 1748 1416 1809 naturalis
1450 1755 1519 1807 ut
1552 1754 1775 1808 natura
1806 1753 1922 1818 est,
1943 1755 2004 1806 et
2032 1747 2173 1819 hoc,
2194 1754 2368 1807 natu-

2469 761 2817 836 dumtaxat,
2851 764 2959 825 sed
3007 763 3206 825 multo
3250 763 3482 824 clarius
3525 769 3589 824 et
3628 761 3960 844 particula-

2472 860 2603 921 rius
2635 879 2826 942 quam
2858 862 3090 943 aliquis
3127 861 3320 924 homo
3353 862 3416 923 in
3455 861 3572 923 hac
3605 862 3735 924 vita
3767 862 3960 923 Deum

2473 976 2850 1038 cognoscere
2881 968 3092 1041 queat,
3126 960 3348 1026 saltem
3389 959 3658 1021 naturali
3692 959 3914 1021 notitia
3946 976 3959 1020 :

2472 1064 2535 1118 et
2583 1077 2658 1119 ex
2710 1057 2818 1120 illa
2866 1059 3074 1140 prima
3125 1059 3484 1140 cognitione
3542 1057 3965 1120 incitabantur

2473 1155 2550 1216 ad
2593 1174 2874 1219 amorem
2924 1158 3035 1219 Dei
3085 1177 3277 1239 super
3325 1157 3538 1219 omnia
3589 1156 3960 1218 naturalem.

2471 1256 2707 1317 Verum
2752 1255 2870 1318 hoc
2913 1255 3155 1317 dictum
3194 1256 3445 1318 Hen1·ici
3485 1255 3738 1318 videtur
3775 1273 3852 1317 ex
3895 1273 3966 1317 eo

2476 1353 2837 1434 procedere,
2872 1354 3039 1435 quod
3084 1352 3464 1434 opinabatur
3505 1353 3696 1416 etiam
3739 1352 3970 1433 angeli-

2477 1469 2621 1512 curn
2666 1451 3060 1513 intellectum
3113 1452 3320 1533 primo
3369 1453 3435 1513 in
3479 1451 3821 1514 universali
3871 1469 3971 1513 eo-

2475 1566 2799 1628 gnoscere,
2841 1549 3069 1611 deinde
3120 1549 3182 1610 in
3233 1549 3621 1630 particulari,
3664 1557 3734 1609 ut
3781 1568 3970 1630 supra
4019 1558 4182 1613 9-2728·

2479 1653 2802 1707 narratum
2848 1654 2942 1708 est
2985 1655 3048 1708 et
3093 1647 3544 1728 improbatum.

2559 1745 2926 1806 Tenendum
2975 1755 3071 1807 est
3119 1764 3290 1826 ergo,
3323 1746 3491 1828 quod
3537 1745 3746 1808 omnis
3797 1765 3973 1806 meus

871 1845 984 1906 rali
1020 1844 1449 1919 inclinatione,
1484 1845 1723 1926 absque
1758 1853 1931 1906 motu
1972 1844 2366 1905 extrinsecus
2397 1846 2444 1907 Β
2480 1852 2688 1904 ereata
2737 1843 2801 1904 iu
2853 1843 3246 1905 naturalibus
3297 1844 3458 1905 bene
3507 1844 3834 1926 disposita,
3875 1863 3976 1904 na-

872 1942 1239 2010 inclinante,
1290 1944 1371 2004 ita
1424 1943 1591 2023 quod
1640 1943 1960 2023 appetitus
2010 1951 2250 2004 naturae
2300 1949 2368 2002 ut

873 2049 1099 2102 natura
1128 2049 1243 2114 est,
1279 2060 1531 2122 semper
1560 2049 1655 2102 est
1697 2041 1761 2102 in
1797 2040 2025 2101 melius
2065 2039 2370 2121 simplici-

872 2149 969 2200 ter
1004 2157 1018 2200 ε
1053 2139 1157 2200 cui
1189 2139 1241 2201 si
1272 2140 1563 2201 ‘voluntas
1594 2138 2006 2201 deliberativa
2036 2138 2372 2200 concorda-

874 2245 989 2310 ret,
1042 2256 1294 2318 semper
1341 2238 1508 2318 quod
1564 2237 1793 2299 melius
1844 2244 1940 2298 est
1990 2236 2248 2316 eligeret
2297 2254 2370 2296 ac

874 2334 1075 2415 magis
1112 2335 1437 2414 diligeret3
1468 2335 1545 2396 ad
1591 2335 1758 2416 quod
1804 2334 1996 2396 etiam
2040 2353 2181 2396 eam
2221 2333 2371 2394 diri-

872 2433 963 2512 git
993 2433 1242 2507 caritaS,
1277 2433 1682 2514 perducendo
1712 2451 1851 2494 eam
1888 2431 2167 2513 perfecte
2199 2432 2274 2492 ad
2310 2431 2372 2492 id

873 2531 951 2592 ad
983 2531 1150 2612 quod
1183 2550 1319 2592 eam
1356 2531 1619 2592 inclinat
1655 2538 1898 2603 natura,
1933 2530 2226 2611 quamvis
2260 2547 2374 2610 per

874 2649 941 2691 se
981 2629 1340 2710 pertingere
1384 2628 1829 2710 complereque
1874 2635 2165 2711 nequeat.

955 2728 1306 2790 Dicendum
1337 2735 1433 2788 est
1462 2745 1612 2807 ergo
1645 2727 2034 2800 summatim,
2069 2729 2236 2809 quod
2269 2726 2375 2789 ab·

876 2826 1080 2888 solute
1111 2833 1207 2886 est
1248 2826 1747 2898 concedendum,
1782 2826 1982 2887 Deum
2022 2845 2058 2886 a
2087 2833 2374 2886 creatura

877 2924 1147 2986 naturali
1196 2923 1534 2986 dilectione
1578 2943 1770 3005 super
1807 2924 2022 2985 omnia
2050 2924 2255 3004 diligi,
2291 2925 2376 2985 ita

2481 1941 2666 2002 turali
2699 1959 2912 2004 amore
2952 1942 3160 2021 diligit
3199 1961 3390 2023 super
3421 1962 3488 2003 se
3526 1950 3588 2003 et.
3627 1961 3820 2023 super
3849 1958 3976 2004 om-

2481 2038 2586 2100 nia
2644 2038 3227 2120 incomparabiliter
3283 2041 3504 2102 Deum.
3556 2041 3685 2102 Hoc
3743 2039 3976 2101 etenim

2483 2136 2787 2198 naturalis
2818 2136 3008 2198 dictat
3041 2145 3100 2199 et
3137 2137 3334 2218 exigit
3367 2138 3526 2200 ratio
3551 2155 3564 2200 ε
3589 2137 3797 2218 angeli
3831 2155 3978 2199 vero

2483 2235 2752 2296 naturali
2785 2236 3098 2317 sapientia
3126 2235 3514 2310 eminebant,
3537 2243 3599 2298 et
3629 2235 3978 2299 clarissime

2484 2334 2604 2395 hoc
2651 2342 2982 2394 noverunt.
3036 2335 3170 2396 Imo
3219 2334 3341 2395 nisi
3389 2335 3482 2396 sic
3531 2343 3718 2408 esset,
3772 2343 3980 2417 posset

2484 2432 2628 2512 quis
2692 2432 3219 2494 certitudinaliter
3276 2440 3337 2494 et
3400 2433 3983 2514 experimentaliter

2484 2530 2647 2592 scire
2695 2549 2762 2591 se
2811 2549 2949 2592 esse
3001 2531 3065 2593 in
3118 2531 3396 2604 caritate,
3438 2532 3739 2612 quoniam
3793 2533 3982 2594 homo

2486 2629 2839 2690 secundum
2887 2636 3175 2691 naturam
3217 2628 3459 2704 vivens,
3495 2630 3573 2691 ad
3613 2630 3734 2693 hoc
3780 2637 3980 2711 potest

2487 2727 2867 2808 pertingere,
2903 2735 2972 2788 ut
3002 2729 3200 2790 Deum
3243 2747 3436 2809 super
3465 2729 3680 2790 omnia
3714 2728 3979 2790 naturali

2484 2833 2654 2886 amet
2691 2823 2953 2899 affectu,
2987 2833 3049 2887 et
3093 2826 3212 2887 hoc
3257 2825 3467 2907 ipsum
3511 2827 3876 2907 experiatur
3921 2827 3982 2887 in

2486 2939 2601 2984 se:
2640 2922 2987 3003 praesertim
3038 2942 3238 3004 quum
3283 2931 3344 2984 et
3389 2923 3626 2985 bonum
3677 2933 3980 2997 creatum,

878 3023 1047 3104 quod
1104 3022 1443 3083 dilectione
1504 3022 1800 3084 amicitiae
1861 3041 1931 3083 ac
1992 3022 2376 3084 benevolen-
2410 3023 2453 3085 C
2487 3021 2720 3082 virtute
2773 3021 3030 3102 politica
3079 3029 3188 3082 aut
3245 3021 3436 3084 etiarn
3487 3021 3716 3085 vitioso
3772 3041 3983 3085 amore

880 3121 982 3182 tiae
1014 3138 1128 3201 per
1156 3120 1595 3182 excellentiam
1627 3127 1689 3180 et
1728 3119 2374 3202 superabundantiam

880 3219 1220 3300 quamdam
1268 3225 1537 3292 amatur,
1574 3236 1699 3280 non
1750 3219 2005 3299 proprie
2040 3235 2051 3278 :
2089 3219 2238 3300 quia
2287 3239 2378 3280 sc-

883 3317 1163 3377 cundum
1217 3316 1668 3397 Philosophum
1723 3316 1785 3376 in
1842 3316 2103 3388 EthiciS,
2149 3315 2379 3379 amica-

881 3413 1036 3474 bilia
1074 3413 1153 3474 ad
1195 3412 1463 3474 alterum
1506 3419 1653 3474 sunt
1694 3432 1769 3474 ex
1814 3413 2263 3475 amicabilibus
2299 3414 2376 3475 ad

882 3531 949 3572 se
996 3511 1225 3592 ipsum.
1258 3545 1339 3554 —
1366 3511 1509 3572 Haec
1550 3511 1875 3573 HenricuS.
1912 3511 2107 3591 Cujus
2148 3511 2379 3592 positio

881 3610 959 3670 ad
1002 3609 1479 3690 responsionem
1520 3609 1773 3670 Thomae
1813 3629 1885 3670 ac
1925 3610 2380 3672 Bonaventurae

883 3706 1057 3769 sacili
1103 3706 1586 3768 concordatione
1632 3707 1955 3768 reducitur
1990 3725 2003 3768 :
2041 3707 2278 3789 quibus
2319 3716 2381 3768 et

885 3803 1194 3865 Hannibal
1240 3811 1559 3867 consonat.

965 3902 1194 3984 Aliqua
1245 3909 1453 3963 tamen
1504 3900 1775 3964 obscura
1834 3902 1899 3964 in
1947 3903 2134 3964 dictis
2184 3903 2381 3964 conti-

887 4009 1119 4062 nentur
1160 3999 1436 4073 Henrici,
1471 4007 1539 4060 ut
1578 3999 1745 4081 quod
1789 4000 1899 4073 ait,
1933 4001 2380 4081 particularem

886 4099 995 4161 Dei
1041 4098 1466 4178 cognitionem
1511 4115 1640 4159 non
1684 4099 2092 4160 concomitari
2133 4107 2383 4160 natura-

2489 3118 2632 3199 plus
2683 3119 2882 3199 possit
2930 3138 3141 3180 amare
3190 3139 3381 3200 quam
3436 3139 3523 3193 se,
3577 3122 3983 3201 quemadmo-

2488 3216 2640 3276 dum
2673 3216 2868 3297 aliqui
2903 3217 3183 3278 virtuose
3222 3227 3648 3298 exposuerunt
3690 3238 3759 3280 se
3799 3219 3982 3281 morti

2490 3333 2603 3396 pro
2634 3314 2801 3376 bono
2845 3315 3169 3376 communi
3212 3315 3302 3376 rei
3343 3316 3616 3396 publicae
3657 3335 3771 3378 seu
3815 3317 3984 3398 prin-

2489 3412 2650 3493 cipis
2695 3412 2816 3486 sui,
2860 3412 3119 3494 quidam
3164 3413 3356 3474 etiam
3396 3413 3622 3476 vitiose
3663 3433 3777 3496 pro
3816 3415 3986 3478 volu-

2489 3517 2660 3592 ptate
2718 3529 3008 3583 venerea,
3068 3519 3178 3572 aut.
3235 3519 3405 3572 certa
3462 3530 3732 3593 persona
3791 3513 3984 3595 impie

2490 3610 2845 3690 concupita.
2881 3609 3014 3670 Imo
3061 3617 3126 3670 et
3162 3610 3343 3690 juxta
3385 3612 3748 3693 evangelica
3796 3613 3984 3674 docu-

2493 3715 2724 3778 menta,
2758 3706 3064 3768 debemus
3115 3725 3229 3787 pro
3279 3709 3585 3789 proximis
3634 3709 3982 3772 naturalem

2491 3803 3010 3885 corporalemque
3072 3803 3269 3866 vitam
3333 3823 3669 3887 exponere,
3736 3807 3985 3869 dicente

2489 3902 2763 3984 glorioso
2798 3903 3033 3964 Joanne
3070 3920 3083 3964 ε
3117 3902 3240 3965 Νοε
3280 3902 3586 3966 debemus
3627 3923 3742 3985 pro
3779 3905 3984 3967 fratri·
4012 3925 4232 3969 mmmm,

4013 3993 4075 4031 16.

2493 4001 2612 4062 bus
2655 4000 2899 4062 animas
2945 4017 3196 4080 ponere.

2571 4100 2830 4161 Possen't
2856 4105 3068 4160 autem
3102 4099 3206 4160 hic
3235 4098 3449 4180 aliqua
3478 4100 3556 4161 de
3595 4100 3796 4164 libero
3827 4100 3986 4164 arbi-

886 4196 1010 4258 lem
1056 4197 1196 4277 ejus
1244 4195 1671 4257 dilectionem.
1706 4194 1928 4275 Angeli
1980 4196 2151 4258 enim
2204 4205 2381 4258 natu·
2413 4197 2462 4258 D
2494 4197 2614 4259 trio
2675 4196 2894 4278 quaeri,
2946 4197 3054 4258 sed
3115 4197 3261 4259 inde
3323 4197 3488 4259 infra
3546 4198 3800 4281 plenius
3859 4200 3982 4262 dis-

884 4295 999 4356 rali
1032 4293 1390 4376 cognitione
1424 4311 1567 4354 mox
1602 4300 1669 4353 ut
1700 4294 1937 4355 conditi
1970 4301 2381 4375 sunt,cogno-

2492 4302 2753 4357 seretur.
