4334 6242
801 461 842 525 8
1561 480 1839 528 ermom
1879 479 2347 528 DISTINCTIONUI
2386 481 2547 528 LIBRI
2590 481 2632 527 11
2676 481 3139 529 smwnmmnnu

805 653 950 708 dum
1005 653 1204 708 tamen
1261 653 1425 708 extra
1469 653 1713 715 textum,
1761 651 1918 721 quod
1970 650 2295 706 secundum
2324 649 2375 712 Α
2406 647 2505 704 illo
2534 653 2687 708 statu
2726 653 2784 706 et
2818 653 3097 724 tempore,
3130 651 3268 724 quia
3294 651 3585 708 habebant
3611 651 3895 725 quidquid

807 743 1094 813 quosdam
1125 745 1352 798 creatus
1383 740 1440 795 in
1475 740 1660 813 gratia
1687 739 1930 812 angelus
1957 741 2205 795 tenetur.

804 866 942 916 Tam
976 879 1134 915 mens
1165 865 1460 930 spirituum
1495 880 1663 930 quam
1684 878 1866 915 rerum
1891 868 2076 915 cetera
2097 864 2295 924 mole&

867 938 1003 990 Mox
1033 952 1068 990 a
1095 938 1368 1002 principio
1400 937 1552 988 nuda
1579 941 1769 986 ereata
1797 935 1918 986 fuit.

1269 1151 1694 1215 DISTlNCTIO
1738 1154 1834 1214 111.

1126 1277 1288 1339 Ecce
1330 1285 1654 1339 ostensum
1699 1285 1815 1351 est,
1858 1285 1977 1340 etc.

925 1464 1083 1519 IRCA.
1124 1466 1394 1520 naturam
1435 1464 1761 1535 angelicam
1801 1467 2052 1535 quatuor
2090 1463 2148 1518 in
2192 1463 2304 1535 pri-

952 1553 1063 1607 mis
1093 1553 1516 1608 consideranda
1545 1555 1889 1609 occurrunt:
1911 1553 2175 1608 essentiae
2203 1551 2309 1607 sci-

810 1641 941 1698 licet
969 1659 1170 1698 eorum
1203 1641 1608 1697 immaterialis
1638 1642 1999 1713 simplicitas,
2021 1641 2307 1698 distincti-

808 1731 937 1787 onis
975 1747 1178 1786 eorum
1219 1730 1540 1802 personalis
1579 1731 1900 1794 diversitas,
1942 1731 2304 1802 intelligendi

809 1819 1235 1892 perspicacitas,
1268 1822 1323 1875 et
1351 1819 1579 1876 volendi
1611 1820 1864 1876 libertas.
1897 1822 2036 1885 Quae
2065 1819 2303 1891 quidem
2344 1810 2390 1872 B

705 1901 718 1910 ’
810 1925 1014 1964 omnes
1043 1909 1235 1980 angeli
1277 1908 1335 1963 in
1377 1925 1580 1963 eorum
1619 1911 1970 1980 acceperunt
1997 1908 2304 1971 creatione,

809 2014 925 2054 non
967 2001 1161 2053 tamen
1203 1996 1520 2068 aequaliter.
1551 1998 1764 2053 Verum
1805 1997 1953 2054 sicut
1994 1997 2050 2051 in
2083 2000 2309 2052 naturae

812 2090 998 2160 gradu
1035 2103 1188 2142 unus
1224 2087 1474 2142 alterum
1515 2087 1758 2148 excedit,
1790 2086 1873 2143 sic
1911 2090 1966 2142 et
2009 2086 2068 2142 in
2117 2086 2312 2158 cogni-

810 2177 966 2232 tione
1011 2179 1068 2232 et
1110 2175 1288 2232 etiam
1344 2175 1546 2248 gratiae
1601 2175 1925 2238 collatione,
1976 2175 2033 2230 in
2083 2175 2309 2230 arbitrii

813 2281 1042 2338 quoque
1081 2265 1362 2328 libertate,
1394 2269 1568 2336 prout
1594 2265 1813 2320 scilicet
1838 2265 2195 2322 voluntatem
2228 2280 2313 2321 se·

813 2354 1052 2427 quitur:
1085 2371 1222 2410 nam
1263 2357 1454 2426 quoad
1499 2355 1557 2411 id
1595 2357 1750 2426 quod
1793 2355 1921 2428 cogi
1965 2371 2080 2409 non
2125 2357 2314 2426 potest

813 2443 1142 2507 arbitrium,
1187 2459 1392 2499 omnes
1438 2447 1576 2500 sunt
1621 2444 1889 2514 oequales.
1935 2444 2129 2515 Neque
2175 2460 2311 2499 vero

811 2532 1004 2605 angeli
1034 2531 1218 2605 aliqui
1260 2532 1400 2588 mali
1441 2533 1617 2589 creati
1657 2536 1810 2594 sunt,
1841 2535 1908 2589 ut
1947 2531 2088 2587 nihil
2131 2548 2313 2588 morae

813 2622 1204 2679 intercesserit
1250 2621 1401 2678 inter
1446 2621 1800 2678 creationem
1848 2625 1905 2678 et
1951 2621 2201 2691 lapsum,
2249 2623 2313 2676 ut

812 2709 992 2782 aliqui
1041 2709 1263 2781 opinati
1309 2713 1483 2775 sunt;
1532 2712 1633 2766 sed
1681 2727 1886 2766 omnes
1940 2710 2074 2765 boni
2133 2709 2311 2767 creati

813 2803 966 2864 sunt,
1009 2801 1293 2870 quantum
1343 2801 1419 2855 ad
1466 2803 1738 2856 naturam
1781 2800 2004 2856 attinet.
2049 2801 2211 2855 Unde
2257 2802 2312 2855 et

815 2905 982 2944 mora
1035 2888 1232 2960 aliqua
1285 2887 1595 2944 intervenit
1646 2887 1799 2945 inter
1851 2888 2207 2945 creationem
2255 2891 2314 2944 et

2405 737 2501 795 ille
2531 739 2863 812 requirebat
2888 743 3073 796 status
3088 759 3103 806 ;
3135 740 3457 813 imperfecti
3486 744 3683 798 autem
3713 758 3900 814 respe-

2406 832 2501 884 ctu
2538 829 2664 900 ejus
2706 830 2871 901 quus
2908 834 3076 885 erant
3114 847 3371 902 capaces,
3411 833 3475 887 ut
3512 832 3668 902 quod
3708 830 3898 888 adbuc

2408 916 2491 974 eis
2512 919 2767 974 restabat
2786 918 3224 974 eonferendum.
3246 921 3369 985 Quo
3390 923 3589 976 tamen
3611 919 3787 976 etiam
3810 936 3900 976 ac·

2408 1011 2638 1078 cept0‚a
2660 1007 3007 1079 perfectione
3039 1009 3235 1065 divina
3256 1010 3313 1065 in
3345 1009 3641 1068 infinitum
3663 1010 3895 1066 distant.

2410 1124 2533 1174 Non
2564 1124 2736 1173 miser
2764 1130 2863 1174 aut
2892 1125 3025 1175 felix
3055 1126 3235 1189 primo
3266 1126 3373 1176 fuit
3406 1127 3641 1188 angelus
3670 1142 3809 1187 aev0,

2473 1195 2747 1246 Conscius
2777 1201 3012 1248 eventus
3041 1212 3145 1248 nec
3173 1199 3279 1250 fuit
3308 1198 3397 1248 ille
3429 1199 3536 1250 sui.

2890 1413 3313 1476 DISTINCTIO
3356 1415 3425 1475 V.

2534 1537 2677 1599 Post
2714 1538 2847 1599 haec
2888 1539 3312 1601 consideratio
3350 1540 3629 1614 adducit,
3665 1548 3783 1602 etc.

2542 1726 2669 1780 OST
2707 1725 3057 1782 creationem
3090 1743 3259 1784 suam
3290 1727 3481 1800 angeli
3512 1728 3751 1799 quidam
3784 1729 3913 1784 Cre·

2568 1814 2715 1869 atori
2746 1831 2945 1871 amore
2975 1816 3353 1880 adhaerentes,
3380 1833 3481 1889 per
3509 1817 3757 1890 gratiam
3788 1818 3916 1875 illu-

2419 1902 2628 1958 minati
2664 1907 2836 1968 sunt;
2869 1903 2965 1959 alii
2995 1921 3129 1960 vero
3159 1907 3231 1962 ab
3261 1922 3328 1962 eo
3361 1905 3563 1972 aversi,
3596 1907 3865 1964 exeaecati
3898 1925 3912 1963 :

2419 2007 2534 2046 non
2576 1992 2739 2063 quasi
2781 1993 3229 2050 obcaecationem
3276 1997 3422 2052 Deus
3460 1996 3543 2052 eis
3581 1995 3911 2074 immiserit,

2417 2081 2519 2135 sed
2574 2079 2711 2150 quia
2770 2081 3016 2152 gratiam
3087 2082 3226 2154 ipsis
3292 2099 3408 2138 non
3464 2085 3750 2156 apposuit.
3809 2085 3916 2141 Per

2420 2168 2635 2224 dictam
2677 2174 2871 2225 autem
2914 2171 3349 2229 conversionem
3391 2172 3449 2227 hi
3492 2171 3624 2229 facti
3664 2179 3801 2230 sunt
3824 2175 3917 2246 ju·

2416 2257 2508 2320 sti,
2558 2258 2709 2314 sicut
2755 2275 2857 2330 per
2900 2259 3262 2318 aversionem
3308 2261 3407 2316 alii
3455 2265 3800 2335 peccatores.
3850 2265 3913 2320 ln

2417 2347 2525 2404 hac
2567 2349 2743 2404 etiam
2787 2367 2893 2406 sua
2938 2350 3311 2407 conversione
3358 2352 3492 2408 boni
3538 2353 3782 2424 gratiam
3824 2371 3918 2410 co-

2420 2441 2759 2508 operantem
2790 2442 3157 2509 acceperunt,
3180 2439 3304 2496 sine
3326 2459 3441 2512 qua
3462 2441 3681 2498 seilicet
3700 2444 3774 2498 ad
3802 2459 3920 2499 me-

2420 2525 2599 2581 ritum
2640 2527 2771 2581 vitm
2811 2544 2984 2583 nemo
3027 2528 3267 2599 proficit.
3300 2531 3446 2585 Nam
3490 2530 3671 2602 gratia
3705 2531 3918 2603 justifl-

2423 2617 2589 2670 cante
2620 2631 2734 2670 non
2768 2615 3125 2688 indigebant,
3157 2633 3223 2673 eo
3254 2619 3410 2688 quod
3442 2618 3581 2673 mali
3613 2636 3916 2691 nunquam

2422 2701 2655 2759 fuerint.
2686 2705 2847 2760 Unde
2877 2708 3033 2776 quod
3064 2705 3199 2761 boni
3231 2705 3491 2763 conversi
3520 2710 3658 2763 sunt
3694 2725 3729 2764 a
3768 2709 3920 2765 hono

2422 2794 2578 2864 quod
2629 2793 2938 2857 habebant,
2988 2796 3064 2850 ad
3111 2796 3331 2851 bonum
3380 2798 3537 2868 quod
3584 2813 3700 2853 non
3752 2798 3924 2855 habe-

2422 2883 2580 2940 bant.
2604 2899 2673 2938 ex
2706 2883 2891 2954 gratia
2923 2882 3062 2954 ipsis
3091 2885 3370 2956 provenit.
3402 2887 3532 2942 Haec
3563 2891 3759 2943 autem
3791 2905 3923 2960 gra-

813 2977 1043 3048 lapsum
1078 2976 1390 3032 malorum.
1421 2976 1576 3031 Nihil
1618 2977 1776 3033 enim
1817 2976 1957 3032 mali
1997 2977 2145 3032 Deus
2185 2994 2313 3048 pro·
2349 2965 2392 3029 C
2422 2972 2504 3028 tia
2546 2971 2679 3027 licet
2722 2973 2895 3027 malis
2934 2973 3143 3029 collata
3183 2990 3299 3029 non
3342 2972 3530 3040 fuerit,
3563 2992 3678 3031 non
3720 2980 3917 3033 tamen

815 3067 1025 3122 ducere
1064 3067 1266 3138 potest.
1300 3065 1540 3137 Insuper
1576 3068 1632 3121 et
1667 3082 1803 3121 mox
1847 3065 2023 3122 creati
2064 3065 2311 3139 angelici

815 3153 1070 3227 spiritus,
1125 3171 1330 3210 omnes
1385 3155 1714 3211 naturalem
1771 3155 2163 3228 cognitionem
2222 3155 2312 3210 sui

815 3261 884 3301 ac
912 3244 1196 3301 Creatoris
1230 3261 1298 3300 ac
1338 3247 1660 3300 ceterarum
1701 3248 2099 3302 creaturarum
2131 3244 2314 3300 habu·

816 3335 1004 3397 erunt,
1047 3332 1434 3404 intelligentes
1473 3333 1612 3404 quid
1657 3334 1876 3390 bonum
1918 3336 2018 3390 aut
2067 3334 2311 3389 malum.

815 3421 1118 3478 Habebant
1158 3425 1214 3476 et
1251 3422 1578 3477 naturalem
1623 3424 1940 3493 quemdam
1987 3423 2084 3478 Dei
2127 3427 2184 3479 et
2224 3423 2313 3479 sui

817 3526 1080 3567 amorem
1095 3527 1110 3575 ;
1141 3510 1292 3574 licet,
1314 3513 1636 3568 secundum
1669 3512 2024 3584 Magistrum,
2049 3515 2313 3568 nondum

819 3599 1207 3663 meritorium,
1249 3615 1315 3655 eo
1355 3601 1512 3672 quod
1548 3601 1637 3672 (ut
1679 3600 1843 3672 dicit)
1881 3601 2127 3673 gratiam
2177 3605 2317 3658 tunc

820 3690 1086 3746 nondum
1125 3688 1470 3762 acceperint.

820 3806 944 3856 Non
975 3804 1170 3854 eadem
1203 3805 1489 3868 angelicas
1520 3806 1792 3856 ornabant
1823 3820 2054 3856 munera
2077 3810 2313 3866 mentes,

882 3877 1016 3927 Haec
1045 3874 1228 3927 minor
1256 3877 1499 3940 ingenim
1531 3878 1841 3942 promptior
1869 3877 1964 3928 illa
1994 3879 2116 3929 fuit.

1287 4091 1710 4154 DISTINCTIO
1752 4092 1848 4154 IV.

1121 4216 1265 4278 Post
1307 4215 1440 4278 haee
1482 4216 1854 4290 videndum,
1899 4225 2019 4280 etc.

943 4399 1026 4454 EC
1055 4399 1115 4455 in
1145 4399 1502 4457 beatitudine
1541 4417 1728 4473 neque
1759 4401 1818 4458 in
1851 4403 2090 4459 miseria
2122 4405 2314 4476 angeli

969 4487 1143 4543 creati
1175 4491 1328 4552 sunt,
1360 4504 1426 4543 eo
1457 4491 1612 4561 quod
1645 4489 1881 4546 miseria
1918 4506 2034 4547 non
2074 4495 2161 4547 est
2202 4491 2314 4548 nisi

814 4577 889 4631 sit
919 4580 1242 4649 peecatum,
1275 4577 1334 4631 in
1365 4595 1479 4650 quo
1510 4579 1616 4650 ipsi
1649 4579 1825 4636 creati
1869 4596 1984 4635 non
2023 4584 2177 4636 sunt.
2210 4583 2316 4637 Ne-

812 4682 925 4737 que
954 4664 1131 4721 etiam
1172 4665 1309 4721 boni
1349 4667 1539 4738 angeli
1569 4670 1752 4724 status
1781 4668 1869 4724 sui
1901 4669 2313 4726 certitudinem

811 4753 1158 4818 habuerunt,
1191 4753 1342 4810 sicut
1380 4772 1484 4811 nec
1525 4756 1625 4811 alii
1669 4759 1797 4828 post
1835 4757 1998 4829 lapsi,
2033 4757 2192 4813 illius
2225 4759 2315 4814 sui

810 4842 1008 4914 lapsus
1043 4843 1269 4915 praescii
1302 4843 1553 4902 fuerunt.
1586 4845 1861 4910 Quamvis
1891 4849 2085 4902 autem
2119 4848 2180 4901 B.
2203 4851 2316 4904 Au-

814 4931 1082 5002 gustinus
1129 4933 1314 4988 bonos
1361 4933 1630 5004 praescios
1686 4950 1808 4990 suae
1853 4934 2316 4991 confirmationis

813 5018 992 5077 fuisse
1035 5021 1227 5077 dicere
1265 5021 1548 5084 videatur,
1581 5021 1689 5078 hoc
1727 5026 1946 5084 tamen,
1979 5026 2046 5078 ut
2083 5040 2152 5079 ex
2192 5041 2316 5080 ver-

816 5109 904 5165 bis
941 5109 1062 5166 suis
1105 5112 1278 5181 patet,
1321 5127 1434 5166 non
1485 5111 1776 5174 assertive,
1817 5111 1916 5168 sed
1966 5112 2315 5183 inquirendo

819 5198 1011 5270 potius
1040 5199 1198 5254 dicit.
1230 5201 1477 5256 Possunt
1512 5203 1708 5256 autem
1751 5199 1864 5255 dici
1905 5200 2098 5273 angeli
2140 5204 2316 5258 creati

823 5286 1059 5360 perfecti
1105 5293 1161 5345 et
1215 5288 1538 5362 imperfecti
1583 5305 1597 5345 :
1641 5288 1875 5361 perfecti
1923 5289 2161 5362 quidem
2214 5307 2315 5362 pro

2425 3077 2527 3132 per
2552 3059 2661 3116 hoc
2691 3061 2953 3117 excusari
2985 3065 3249 3135 poterant
3280 3080 3293 3118 t
3326 3064 3464 3136 quia
3502 3083 3802 3138 quousque
3836 3067 3919 3123 eis

2424 3149 2800 3214 conferretur,
2832 3154 2983 3208 stare
3013 3151 3303 3208 nolebant.
3326 3153 3470 3209 Aliis
3496 3157 3690 3211 autem
3723 3155 3918 3212 dicen-

2424 3238 2593 3302 tibus,
2640 3241 2795 3311 quod
2842 3240 2979 3296 boni
3035 3259 3138 3313 per
3182 3242 3427 3314 gratiam
3485 3243 3568 3299 eis
3622 3243 3915 3308 collatam,

2422 3327 2842 3384 beatitudinem
2872 3334 3012 3385 tunc
3052 3331 3388 3393 meruerint,
3420 3332 3551 3386 aliis
3588 3349 3721 3389 vero
3760 3336 3918 3405 quod

2424 3433 2558 3480 non,
2599 3420 2699 3474 sed
2750 3419 2939 3491 magis
2982 3436 3083 3490 per
3120 3437 3189 3476 ea
3230 3437 3361 3492 quae
3402 3422 3577 3477 modo
3620 3421 3775 3478 cirea
3813 3439 3919 3478 nos

2427 3504 2662 3570 faciunt,
2681 3508 2949 3580 Magister
2978 3508 3117 3564 dicit
3147 3509 3254 3565 sibi
3286 3509 3393 3564 hoc
3422 3510 3697 3567 ultimum
3729 3511 3919 3584 magis

2425 3595 2669 3666 placere.
2710 3597 2773 3652 ln
2818 3597 2925 3653 hoc
2966 3601 3161 3654 autem
3203 3597 3474 3670 Magister
3514 3615 3630 3654 non
3670 3603 3917 3667 tenetur,

2426 3686 2528 3740 sed
2568 3685 2827 3756 primum
2870 3687 3303 3757 amplectuntur
3342 3690 3622 3744 doctores.

2428 3801 2563 3851 Mox
2596 3815 2625 3850 e
2660 3801 2951 3865 spiritibus
2988 3802 3315 3854 malesuada
3348 3803 3613 3866 superbia
3646 3803 3920 3868 quosdam

2488 3872 2806 3935 Damnavit,
2838 3874 3085 3940 reliquos
3115 3873 3495 3926 constabilivit
3522 3889 3697 3926 amor.

2890 4089 3315 4153 DISTINCTIO
3358 4091 3454 4152 VI.

2688 4215 2993 4278 Praeterea
3034 4214 3184 4277 sciri
3226 4224 3494 4297 oporte-t,
3538 4225 3657 4279 ete.

2556 4402 2597 4455 E
2652 4400 2927 4458 omnibus
2982 4400 3327 4473 angelorum
3383 4401 3687 4458 ordinibus
3740 4403 3921 4476 aliqui

2584 4490 2934 4547 ceciderunt.
2979 4492 3133 4546 lnter
3170 4509 3315 4562 quos
3358 4494 3415 4546 et
3455 4509 3764 4564 supremus
3804 4510 3926 4548 om·

2427 4579 2591 4635 nium
2642 4579 2883 4641 Lucifer,
2926 4578 3161 4652 propria
3208 4579 3547 4636 excellentia
3594 4580 3748 4636 male
3794 4598 3928 4637 con-

2425 4671 2636 4739 specta,
2670 4668 2877 4724 cecidit
2911 4669 3153 4740 primus.
3186 4669 3295 4734 Qui
3338 4672 3394 4724 et
3434 4667 3491 4723 in
3534 4669 3689 4725 hunc
3728 4687 3925 4727 aerem

2427 4756 2813 4828 caliginosum
2871 4775 3052 4829 usque
3108 4760 3182 4814 ad
3230 4757 3443 4830 judicii
3501 4759 3655 4814 diem
3705 4759 3925 4816 detrusi

2424 4849 2577 4910 sunt,
2620 4847 2783 4917 quasi
2827 4849 2901 4902 ad
2947 4847 3139 4903 locum
3184 4848 3258 4903 ob
3304 4863 3507 4902 eorum
3548 4848 3925 4904 tenebrosita-

2425 4939 2541 4992 tem
2582 4933 2693 4991 sibi
2735 4935 3015 4998 debitum,
3049 4939 3105 4992 et
3137 4937 3210 4992 ob
3248 4935 3591 4994 exercitium
3636 4941 3920 4994 nostrum.

2424 5024 2639 5080 Ultimo
2686 5028 2881 5080 autem
2932 5027 3006 5080 ad
3052 5023 3346 5080 infernum
3402 5026 3802 5082 detrudentur.
3851 5029 3924 5082 At

2424 5130 2609 5184 usque
2636 5116 2711 5169 ad
2734 5112 2945 5186 judicii
2976 5112 3150 5176 diem,
3182 5117 3303 5168 tam
3340 5113 3493 5169 inter
3521 5114 3703 5170 bonos
3742 5131 3919 5186 quam

2426 5202 2630 5266 malos,
2661 5203 2850 5260 officia
2887 5203 3243 5275 pra-:lationis
3283 5207 3341 5259 et
3381 5203 3759 5276 subjectionis
3800 5221 3921 5275 per-

2430 5295 2669 5347 manent
2700 5307 2713 5347 :
2746 5292 2842 5348 ubi
2892 5295 2950 5349 et
2995 5291 3137 5347 mali
3176 5309 3211 5348 a
3248 5290 3404 5348 vitiis
3442 5291 3503 5347 in
3544 5291 3758 5364 quibus
3796 5296 3919 5350 ten-
