4334 6242
563 4335 624 4412 lic
633 4338 789 4383 Coelest
795 4373 804 4383 .

833 498 955 566 524

1527 519 1592 568 IN
1630 520 1853 568 Limum
1895 521 1940 567 11
1979 519 2460 568 SENTENTIARUM.
2506 535 2587 550 ····
2626 518 2779 565 msT.
2822 519 2905 582 13
2948 521 3171 576 QUAEST.
3215 520 3236 566 1

831 689 1012 754 tifice
1050 690 1493 768 descendente,
1527 711 1600 754 ac
1631 691 1687 754 si
1717 692 1957 754 diceret
1989 709 2002 753 :
2036 689 2326 754 Pontifex
2354 687 2407 752 A
2436 688 2667 751 timum
2719 688 2783 751 in
2831 688 3068 752 divinis
3116 689 3489 752 ministeriis
3540 707 3555 751 :
3602 689 3771 772 quod
3822 705 3935 752 no-

829 797 892 852 te
923 790 1216 866 absolvit,
1240 792 1351 873 qui
1381 791 1540 855 mihi
1571 791 1831 853 tradidit
1859 797 2234 873 potestatem
2264 797 2327 851 te

829 887 1219 951 absolvendi.
1255 889 1358 952 Sic
1407 896 1470 952 et
1511 889 1772 970 angelus
1824 887 2102 951 ostendit
2150 888 2326 950 Sera-

829 987 1008 1069 phim
1054 995 1452 1069 purgantem,
1486 988 1791 1070 quoniam
1823 988 1958 1070 ipse
1995 987 2060 1048 in
2090 986 2327 1049 virtute

828 1085 1003 1147 illius
1035 1085 1362 1167 purgabat.
1387 1121 1468 1132 ——
1498 1086 1941 1160 conformiter,
1973 1104 2195 1148 omnes
2226 1104 2331 1147 an-

827 1183 953 1264 geli
1005 1183 1304 1246 dicuntur
1350 1185 1870 1248 administratorii
1921 1183 2207 1265 spiritus,
2260 1183 2328 1244 in

829 1290 1140 1363 quantum
1169 1280 1500 1345 inferiores
1532 1282 1766 1344 virtute
1797 1281 2193 1364 superiorum
2224 1282 2331 1343 mi·

830 1378 1167 1441 nisterium
1207 1388 1662 1461 exsequuntur.
1695 1381 1903 1446 Potest
1946 1397 2200 1462 quoque
2240 1380 2329 1441 di-

831 1477 913 1550 ci,
947 1478 1116 1558 quod
1159 1477 1498 1560 Apostolus
1543 1477 1811 1560 probare
1855 1477 2128 1540 intendit
2176 1497 2329 1559 prae-

831 1575 1245 1637 eminentiam
1295 1594 1473 1639 novae
1527 1576 1682 1657 legis
1731 1577 1809 1638 ad
1860 1585 2163 1649 veterem,
2216 1595 2330 1657 per

829 1672 1270 1737 excellentiam
1323 1674 1578 1748 Christi,
1621 1675 1733 1755 qui
1779 1693 2010 1736 novam
2060 1674 2331 1736 contulit

830 1770 1058 1852 legem,
1090 1773 1167 1834 ad
1208 1773 1486 1854 angelOS,
1521 1791 1634 1854 per
1672 1791 1830 1854 quos
1871 1773 1971 1834 lex
2011 1779 2194 1834 vetus
2233 1780 2329 1835 est

2436 787 2597 849 mini
2629 787 2955 870 competit,
2988 789 3140 872 quia
3171 789 3373 852 virtus
3403 797 3498 851 est
3534 788 3837 850 ultimum
3866 787 3939 849 in

2437 905 2505 949 re
2546 886 2624 948 de
2664 887 2969 968 potentia,
3004 893 3075 949 ut
3112 886 3350 949 dicitur
3394 886 3601 969 primo
3644 886 3819 949 Coeli.
3856 920 3943 932 —

2439 984 2669 1068 Sieque
2700 1003 2810 1048 sex
2840 984 3091 1048 ordines
3122 984 3507 1058 ministrant,
3540 991 3601 1047 et
3638 993 3766 1046 tres
3797 1001 3944 1066 pro-

2438 1083 2578 1165 prie
2608 1082 2941 1145 adsistunt.
2975 1083 3144 1146 Inter
3173 1101 3332 1166 quos
3361 1084 3516 1146 ordo
3552 1083 3943 1146 Dominatio-

2439 1201 2595 1244 num
2640 1181 2822 1263 quasi
2868 1182 3077 1245 medio
3122 1183 3309 1246 modo
3350 1201 3419 1245 se
3466 1181 3691 1260 habet3
3724 1189 3945 1244 tamen

2437 1281 2516 1342 ad
2567 1280 3055 1343 ministrativam
3103 1281 3379 1363 pertinet
3430 1280 3940 1362 dispositionem,

2439 1378 2507 1440 in
2538 1387 2847 1460 quantum
2876 1379 3167 1462 praecipit
3197 1379 3729 1453 ministrantibus,
3750 1386 3815 1440 et
3843 1396 3946 1441 os-

2438 1477 2643 1540 tendit
2689 1478 2782 1540 eis
2826 1479 2981 1559 quid
3025 1486 3231 1559 agant.
3266 1478 3431 1541 Ordo
3478 1495 3629 1540 vero
3670 1478 3945 1541 Potesta-

2437 1584 2574 1637 tum
2606 1585 2818 1638 actum
2852 1576 3113 1639 sortitur
3144 1576 3313 1638 circa
3342 1595 3417 1638 ea
3448 1595 3587 1658 quae
3618 1574 3946 1658 pertinent

2438 1673 2512 1735 ad
2546 1674 3073 1755 tranquillitatem
3104 1674 3296 1736 totius
3328 1673 3715 1747 universi,in
3746 1692 3947 1755 quan-

2438 1779 2577 1834 tum
2637 1771 2826 1834 habet
2885 1773 3233 1853 potentiam
3286 1790 3416 1835 non
3475 1772 3809 1834 limitatam
3856 1772 3943 1833 ad

828 1870 1074 1932 tradita.
1109 1872 1442 1953 Propterea
1480 1871 1760 1952 loquitur
1791 1871 1867 1933 de
1907 1870 2147 1950 angelis
2179 1870 2325 1932 ulti·
2364 1869 2625 1937 Bistam
2674 1878 2783 1932 aut
2833 1869 3007 1932 illam
3056 1869 3580 1932 communitatem
3624 1887 3637 1931 :
3678 1878 3742 1932 et
3788 1869 3947 1932 talia

829 1967 916 2028 mi
959 1968 1222 2043 ordiniS‚
1258 1988 1372 2051 per
1409 1988 1568 2051 quos
1607 1970 1752 2032 data
1788 1976 1884 2032 est
1920 1969 2039 2031 lex.
2073 2003 2154 2014 -
2184 1969 2327 2032 Haec

828 2063 1097 2129 Thomas
1141 2067 1401 2130 ibidem.

907 2165 1175 2247 Insuper
1217 2167 1295 2228 ad
1341 2167 1482 2240 hoc,
1515 2186 1594 2228 an
1639 2165 1920 2228 universi
1970 2165 2179 2247 angeli
2230 2183 2328 2228 or-

828 2263 1053 2325 dinum
1113 2263 1338 2328 mediae
1396 2264 1769 2327 hierarchiae
1822 2264 2179 2338 mittantur,
2234 2283 2328 2326 re-

828 2363 1098 2443 spondet
1140 2380 1154 2425 :
1197 2362 1460 2436 Quidam
1513 2362 1756 2436 dicunt,
1799 2363 2054 2443 angelos
2104 2362 2328 2444 primm

827 2461 1199 2524 hierarchiae
1227 2461 1591 2524 nullatenus
1623 2461 2082 2541 mitti,angelos
2111 2467 2325 2522 autem

827 2559 1072 2622 infimae
1119 2559 1492 2622 hierarchiae
1538 2559 1705 2620 mitti
1749 2559 1828 2621 ad
1871 2558 2185 2632 homines,
2219 2577 2325 2619 an-

825 2658 999 2739 gelos
1027 2676 1178 2720 vero
1220 2658 1443 2721 mediae
1472 2657 1845 2719 hierarchiae
1878 2657 2042 2719 mitti
2075 2657 2153 2719 ad
2185 2657 2325 2718 illos

826 2756 903 2818 de
935 2755 1136 2818 tertia.
1173 2756 1249 2817 Et
1277 2757 1556 2836 tangitur
1585 2754 1805 2836 opinio
1838 2755 1954 2818 ista
1987 2755 2050 2816 in
2091 2755 2320 2816 littera.

826 2853 945 2916 Sed
998 2871 1122 2915 non
1167 2853 1420 2915 videtur
1461 2853 1869 2926 convenienS,
1904 2853 2055 2935 quia
2103 2872 2328 2915 secun-

825 2952 979 3013 dum
1019 2969 1159 3013 eam
1199 2970 1326 3014 non
1367 2959 1532 3014 esset
1571 2951 1936 3014 differentia
1971 2952 2135 3013 inter
2163 2951 2327 3013 hier-

2440 1967 2645 2030 el'ficit
2694 1968 2847 2030 ordo
2897 1968 3005 2030 ille
3051 1987 3166 2051 per
3213 1987 3299 2030 se.
3333 1968 3473 2030 Alia
3519 1976 3807 2049 spectant
3854 1968 3944 2031 ad

2438 2073 2671 2128 statum
2722 2067 2995 2146 alicujus
3038 2067 3213 2147 regni
3265 2067 3401 2129 sive
3450 2066 3791 2148 provinciae
3825 2084 3840 2128 z
3874 2075 3948 2129 et

2438 2165 2573 2226 haec
2610 2184 2738 2227 non
2777 2165 3022 2226 faciunt
3059 2166 3399 2227 Potestat-es
3438 2165 3563 2226 nisi
3604 2165 3947 2228 medianti-

2438 2263 2559 2325 bus
2608 2262 3096 2344 Principat'ibuS,
3141 2263 3250 2345 qui
3301 2281 3416 2345 per
3459 2283 3526 2325 se
3569 2264 3719 2326 talia
3764 2283 3949 2326 exse-

2438 2369 2741 2443 quuntur.
2795 2362 3088 2435 Quaedam
3139 2379 3290 2424 vero
3347 2369 3497 2423 sunt
3555 2362 3949 2444 pertinentia

2438 2459 2801 2541 specialiter
2836 2460 2914 2522 ad
2953 2459 3231 2541 aliquem
3267 2460 3368 2522 vel
3406 2459 3620 2543 aliqua
3653 2478 3667 2522 ε
3700 2467 3763 2522 et
3800 2461 3947 2524 haec

2438 2557 2834 2639 Principatus
2879 2575 3005 2620 non
3055 2565 3492 2639 exsequuntur
3539 2577 3653 2640 per
3702 2577 3790 2632 se,
3824 2560 3945 2621 sed

2437 2675 2550 2738 per
2580 2655 2945 2732 inferiores3
2976 2665 3037 2718 et
3070 2655 3313 2737 majora
3341 2675 3455 2738 per
3486 2657 3940 2738 Archangelos,

2438 2755 2683 2817 minora
2732 2773 2845 2836 per
2890 2755 3182 2835 Angelos
3230 2790 3310 2800 —
3358 2755 3503 2818 Haec
3548 2755 3819 2818 Thomas
3866 2756 3941 2818 in

2438 2853 2705 2934 Script0.

2517 2952 2749 3014 Eadem
2810 2951 3218 3014 continentur
3270 2952 3334 3014 in
3394 2952 3675 3026 Summa,
3727 2952 3941 3034 prima

826 3049 1108 3111 archiam
1160 3050 1431 3132 primam
1490 3068 1562 3111 ac
1616 3051 1910 3112 mediam.
1962 3049 2098 3113 Non
2152 3050 2324 3111 enim
2361 3051 2404 3115 C
2437 3057 2634 3131 parte,
2706 3049 3054 3111 centesima
3117 3049 3497 3112 duodecima
3559 3050 3935 3131 quaestione‚

829 3155 1034 3230 potest
1079 3147 1347 3227 intelligi
1393 3147 1614 3210 missio
1657 3148 1863 3228 angeli
1904 3148 1982 3209 ad
2027 3148 2325 3228 angelum

827 3245 955 3308 nisi
996 3264 1111 3327 per
1140 3245 1258 3308 hoc
1299 3247 1464 3327 quod
1511 3265 1675 3308 unus
1717 3245 2036 3308 illuminat
2074 3246 2271 3308 alium
2308 3264 2322 3308 :

828 3344 938 3406 sed
998 3343 1164 3406 sicut
1221 3343 1541 3406 illuminat
1598 3343 1807 3429 media
1865 3343 2180 3419 ultimam,
2234 3343 2327 3406 sic

830 3441 1038 3524 prima
1085 3442 1448 3504 secundam.
1500 3442 1761 3516 RursuS,
1812 3442 2031 3524 opinio
2077 3440 2188 3505 illa
2234 3443 2327 3504 di-

829 3541 947 3603 ctis
987 3540 1360 3602 Sanctorum
1407 3559 1534 3602 non
1579 3547 1902 3615 consonat,
1940 3541 2050 3622 qui
2095 3541 2328 3603 adscri-

827 3638 989 3700 bunt
1017 3637 1260 3717 angelis
1287 3638 1658 3702 hierarchiae
1688 3639 1979 3701 secundae
2009 3647 2185 3700 actus
2217 3638 2327 3720 qui

829 3735 894 3797 in
939 3734 1346 3797 exsecutione
1390 3735 1733 3797 ministerii
1787 3735 2118 3798 exterioris
2161 3753 2328 3798 com·

829 3832 1106 3916 plentur,
1151 3841 1218 3895 ut
1261 3834 1565 3896 miracula
1608 3833 1838 3910 facere,
1883 3834 2328 3917 daemonesque

827 3951 1061 3994 arcere..

909 4029 1070 4091 Hinc
1109 4030 1431 4112 sequendo
1463 4029 1736 4092 rationes
1768 4031 2102 4093 nominum
2136 4030 2201 4092 in
2241 4051 2332 4093 sa-

833 4147 939 4189 cra
990 4127 1176 4191 nobis
1235 4128 1464 4208 pagina
1520 4128 1917 4201 traditorum,
1970 4148 2046 4191 ex
2096 4127 2331 4210 quibus

2435 3147 2728 3229 quamvis
2778 3147 3008 3228 partim
3060 3147 3180 3209 sub
3226 3147 3370 3209 aliis
3416 3147 3649 3210 verbiS.
3704 3147 3781 3210 Et
3824 3148 3943 3210 ali-

2436 3265 2563 3328 qua
2609 3245 2805 3319 addit,
2857 3246 3218 3328 specialiter
3266 3247 3343 3308 de
3390 3246 3534 3318 hoc,
3586 3265 3665 3308 an
3716 3247 3941 3328 plures
3970 3267 4270 3310 „itaut-m

2436 3343 2564 3406 sint
2607 3343 2719 3426 qui
2764 3343 3127 3406 ministrant
3172 3363 3363 3425 quam
3406 3344 3517 3426 qui
3559 3344 3879 3406 adsistunt
3922 3363 3937 3408 :

2435 3443 2523 3505 De
2554 3461 2822 3506 numero
2850 3443 3206 3525 (inquiens)
3233 3443 3677 3506 adsistentium
3720 3451 3785 3505 et.
3820 3445 3943 3506 mi-

2436 3539 2845 3603 nistrantium
2877 3541 3113 3622 duplex
3144 3540 3566 3603 consideratio
3596 3548 3803 3623 potest
3829 3541 3943 3603 ha-

2437 3639 2589 3700 beri.
2608 3638 2944 3720 Gregorius
2973 3639 3215 3721 quippe
3245 3638 3524 3701 affirmat
3553 3639 3767 3720 plures
3796 3659 3941 3702 esse

2437 3736 2871 3799 ministrantes
2896 3736 3086 3818 :quia
3116 3738 3286 3818 quod
3316 3737 3628 3818 scriptum
3659 3745 3775 3812 est,
3808 3737 3945 3800 Mil·
3978 3755 4259 3806 mmmm-
4311 3781 4312 3832 3

2438 3834 2523 3896 lia
2574 3835 2851 3897 millium
2896 3834 3344 3898 ministrabant
3384 3835 3466 3909 ei,
3498 3837 3760 3918 exponit
3807 3855 3942 3900 non

2441 3932 2950 4014 multiplicative,
2983 3934 3092 3995 sed
3134 3933 3467 4014 partitive3
3498 3954 3571 3996 ac
3609 3935 3663 3996 si
3698 3934 3944 3998 dicere-

2440 4037 2545 4091 tur
2596 4046 2610 4092 :
2662 4030 2858 4092 Millia
2905 4031 2982 4093 de
3032 4049 3299 4094 numero
3357 4031 3654 4093 millium.
3708 4032 3945 4115 Sieque

2445 4127 2943 4190 ministrantium
2990 4147 3293 4192 numerus
3340 4129 3599 4211 ponitur
3642 4129 3947 4192 indefini-

833 4233 1082 4307 oportet
1111 4224 1408 4305 colligere
1449 4225 1862 4308 proprietates
1892 4234 2080 4308 atque
2115 4225 2333 4290 officia
2363 4234 2412 4294 D
2442 4233 2567 4300 tuS‚
2599 4227 2676 4288 ad
2727 4226 3186 4308 designandum
3236 4245 3605 4307 excessum3
3637 4228 3949 4292 adsisten-

834 4323 1154 4396 ordinum‚
1179 4331 1366 4405 prout
1394 4343 1430 4385 a
1460 4324 1757 4406 Dionysio
1785 4325 2207 4406 assignantur,
2241 4325 2331 4387 di-

619 4415 641 4442 ¹'
673 4416 697 4445 ⁰
729 4418 807 4446 ‘¹¹'
838 4421 1042 4482 cimus
1066 4421 1233 4503 quod
1259 4422 1386 4484 duo
1413 4420 1620 4483 ultimi
1645 4421 1898 4484 ordines
1930 4422 2150 4484 mediae
2176 4422 2335 4485 hier-

836 4519 1089 4592 archiae,
1122 4519 1420 4581 videlicet
1456 4520 1796 4582 Potestates
1834 4528 1898 4582 et
1930 4521 2231 4594 Virtutes,
2266 4521 2333 4582 in

837 4616 1268 4680 ministerium
1299 4626 1473 4679 extra
1514 4618 1891 4697 mittuntur3
1925 4620 2093 4700 quod
2124 4619 2334 4681 ordini

835 4714 1352 4779 Dominationum
1395 4735 1519 4778 non
1553 4717 1877 4798 competit,
1912 4717 2021 4780 sed
2059 4717 2335 4798 dirigere

834 4833 1056 4878 omnes
1114 4815 1367 4878 ordines
1431 4814 1762 4879 inferiores
1831 4815 1896 4877 in
1958 4816 2333 4878 ministeriis

835 4914 968 4977 suis
1019 4932 1033 4976 :
1085 4914 1204 4977 hoc
1253 4913 1492 4995 quippe
1542 4921 1783 4995 spectat
1833 4915 1911 4976 ad
1959 4914 2335 4996 dignitatem

834 5013 1100 5085 domini,
1132 5011 1412 5074 actione-s
1453 5011 1828 5074 inferiorum
1868 5013 1948 5074 ad
1985 5020 2213 5074 nutum
2243 5012 2335 5074 di-

835 5111 1062 5192 rigere,
1129 5129 1477 5191 eorumque
1543 5109 1790 5173 actibus
1857 5128 1984 5172 non
2055 5110 2331 5173 misceri.

836 5209 996 5272 Hinc
1055 5210 1210 5272 ordo
1255 5209 1578 5270 Virtutum
1625 5215 1718 5270 est
1778 5228 2118 5290 supremus
2174 5209 2339 5270 inter

839 5324 946 5370 eos
976 5307 1086 5391 qui
1119 5307 1479 5381 mittuntur,
1513 5306 1694 5391 quasi
1733 5306 2098 5392 pertingens
2135 5306 2215 5370 ad
2246 5305 2339 5369 ul-

2443 4325 2603 4386 tium
2638 4342 2788 4386 vero
2817 4323 3064 4399 finituS,
3089 4324 3239 4386 dum
3274 4325 3603 4387 subditur:
3626 4325 3701 4386 Et
3730 4326 3947 4389 decies

2444 4422 2678 4485 millies
2729 4429 2993 4484 centena
3044 4423 3247 4483 millia
3296 4421 3685 4486 adsistebant
3733 4423 3813 4486 ei.
3870 4425 3951 4486 Et

2444 4519 2731 4602 procedit
2760 4517 2978 4601 opinio
3009 4519 3129 4582 ista
3168 4517 3523 4584 secundum
3559 4521 3945 4602 positionem

2443 4617 2931 4691 Platonicorum,
2964 4617 3315 4680 dicentium
3348 4618 3515 4699 quod
3552 4626 3790 4700 quanto
3828 4620 3947 4682 ali-

2443 4736 2568 4798 qua
2597 4723 2747 4778 sunt
2778 4715 2889 4777 uni
2929 4715 3137 4798 primo
3178 4715 3497 4798 principio
3535 4717 3953 4799 propinquio-

2444 4821 2722 4887 ra,tanto
2753 4821 2901 4876 sunt
2933 4813 3264 4896 pauciora:
3285 4813 3453 4876 sicut
3479 4832 3607 4896 quo
3636 4833 3951 4878 numerus

2444 4919 2541 4974 est
2591 4911 2817 4974 unitati
2867 4911 3159 4986 vicinior,
3212 4918 3386 4974 tanto
3432 4920 3529 4975 est
3588 4912 3817 4975 minor.
3872 4913 3957 4976 Et

2446 5010 2567 5073 ista
2597 5010 2875 5072 salvatur
2903 5011 3121 5091 opinio
3152 5019 3463 5093 quantum
3493 5012 3570 5075 ad
3602 5031 3953 5076 numerum

2447 5109 2746 5171 ordinum
2781 5126 2794 5170 :
2830 5108 2981 5190 quia
3011 5115 3081 5170 ut
3120 5109 3363 5171 dictum
3403 5117 3520 5184 est,
3551 5110 3806 5173 ordines
3836 5131 3955 5174 sex

2449 5207 2837 5280 ministrant,
2892 5215 2952 5268 et
3012 5215 3138 5269 tres
3198 5207 3530 5268 adsistunt.
3582 5243 3664 5254 -—
3710 5209 3953 5272 Verum

2454 5323 2721 5387 magnus
2761 5304 3097 5389 Dionysius
3139 5305 3615 5388 quartodecimo
3658 5306 3955 5370 Coelestis
