4334 6242
1010 507 1233 563 QUAEST.
1281 507 1323 551 11
1366 505 1380 550 Σ
1424 506 1509 552 ΑΝ
1551 505 1614 551 ΙΝ
1656 504 1913 550 ANGELIS
1956 505 2048 552 SIT
2089 504 2460 550 PssRsoNAus
2503 502 2814 550 mscnssTto

3337 481 3457 548 203

358 695 432 741 se
462 696 624 752 esse,
659 698 853 761 quam
882 677 1255 740 substantiis
1294 677 1685 759 compositiS,
1720 696 1860 758 quae
1888 676 1938 737 A
1968 695 2159 759 quam
2189 683 2252 738 et
2278 676 2528 738 Proclus
2559 675 2818 738 schema
2845 673 3134 756 appellat.
3151 671 3326 735 Unde
3355 672 3463 734 du·

362 775 731 838 innituntur
778 783 1279 838 sustentamento
1330 774 1625 838 materiae.
1660 810 1740 819 —
1767 773 1861 836 Ad

362 873 689 954 quintum,
718 874 887 955 quod
920 892 1035 955 per
1063 872 1395 956 hyliathim
1428 871 1863 952 intelligentiae

94 985 335 1038 tomxtx.
363 971 735 1051 designatur
776 971 1203 1052 potentialitas
1251 970 1414 1051 ejuS,
1448 971 1613 1032 sicut
1654 977 1863 1032 osten-

64 1063 106 1104 p.
132 1053 204 1092 6⁶24
217 1049 283 1092 A'.

90 1882 131 1920 p.
156 1871 233 1909 iss
244 1867 313 1910 Αἱ

362 1089 511 1132 sum
539 1079 637 1132 est
671 1087 685 1131 :
718 1077 781 1132 et
820 1070 1119 1151 quoniam
1154 1070 1218 1131 in
1256 1077 1478 1132 natura
1508 1068 1863 1148 intelligen-

362 1169 471 1230 tiae
516 1175 614 1230 est
664 1169 1061 1230 considerare
1114 1168 1355 1249 aliquid
1408 1166 1749 1249 potentiale
1800 1173 1864 1226 et

364 1266 955 1339 indeterminatum,
988 1274 1051 1327 et
1094 1267 1284 1328 etiam
1327 1265 1570 1346 aliquid
1616 1263 1863 1328 actuale

358 1383 439 1426 ac
485 1365 1003 1438 determinatum,
1035 1384 1109 1426 ac
1153 1364 1679 1446 specialissimam
1722 1381 1863 1444 spe-

362 1465 553 1537 ciem,
610 1462 982 1544 perhibetur
1030 1465 1167 1545 ipsa
1222 1483 1335 1525 seu
1392 1463 1535 1543 ejus
1590 1461 1864 1523 essentia

362 1562 665 1642 componi
694 1581 773 1624 ex
802 1561 1113 1624 divisibili
1142 1570 1206 1625 et
1236 1560 1634 1624 indivisibili.
1661 1596 1741 1605 —
1768 1559 1861 1622 Ad

360 1659 491 1721 alia
536 1667 707 1740 patet
751 1680 829 1722 ex
875 1660 1062 1722 dictis
1108 1660 1454 1742 responsio

444 1758 535 1819 Ad
601 1758 933 1820 instantias
996 1776 1249 1840 quoque
1316 1758 1635 1832 Richardi,
1693 1757 1863 1838 quod

362 1855 537 1918 idem
588 1857 941 1918 secundum
995 1857 1185 1929 idem,
1237 1863 1529 1938 respectu
1574 1855 1862 1935 ejusdem
1894 1859 1941 1920 B

364 1953 775 2017 uniformiter
829 1974 897 2016 se
956 1953 1251 2017 habentis
1310 1961 1373 2016 et
1430 1972 1557 2016 uno
1615 1960 1861 2015 tantum

364 2053 552 2116 modo
601 2052 1005 2126 considerati,
1046 2071 1173 2116 non
1215 2060 1311 2115 est
1356 2052 1418 2115 in
1460 2060 1606 2114 actu
1650 2059 1712 2112 et.
1754 2069 1863 2133 po-

358 2150 561 2213 tentia
593 2167 609 2212 :
646 2158 710 2212 et
750 2169 865 2232 per
901 2151 1021 2213 hoc
1060 2150 1273 2213 omnia
1312 2150 1452 2230 ejus
1492 2157 1863 2231 argumenta

360 2247 639 2310 faciliter
678 2249 1133 2312 dissolvuntur.

441 2447 709 2519 Quidam
744 2445 985 2508 interea
1014 2454 1306 2527 quaerunt
1338 2445 1464 2519 hic,
1486 2453 1700 2507 utrum
1730 2463 1862 2507 om-

356 2545 543 2606 nium
614 2542 1143 2607 intellectualium
1210 2542 1709 2607 substantiarum
1780 2544 1859 2606 sit

356 2663 488 2705 una
537 2651 601 2704 et
648 2643 935 2723 ejusdem
987 2642 1248 2704 rationis
1298 2642 1559 2705 materia
1608 2641 1863 2723 spiritu-

355 2742 513 2815 alis3
546 2750 610 2804 et
651 2760 892 2814 rursuS,
926 2760 1007 2803 an
1050 2740 1402 2822 spiritualis
1446 2740 1553 2801 illa
1601 2741 1863 2802 materia

353 2842 442 2903 sit
489 2840 781 2921 ejusdem
828 2840 1087 2902 rationis
1138 2857 1284 2901 cum
1340 2838 1599 2900 materia
1646 2856 1862 2920 corpo-

354 2938 496 3001 rali.
532 2939 654 3002 Sed
701 2939 851 3020 quia
894 2957 1065 3000 nunc
1114 2947 1410 3020 tanquam
1467 2937 1861 3019 probabilius

1970 774 2318 837 centesimo
2370 774 2620 837 decimo
2673 773 3060 835 theoremate
3113 770 3464 833 Elementa-

1970 873 2161 935 tionis
2210 892 2340 936 suae
2386 871 2756 952 theologicae
2803 870 3010 932 fassus
3055 878 3153 931 est
3188 886 3202 930 :
3243 867 3463 932 Omnis

1968 972 2182 1033 anima
2210 970 2725 1052 susceptaculum
2759 967 3164 1031 connaturale
3193 975 3255 1029 et
3285 967 3463 1028 sche-

1970 1089 2074 1132 ma
2106 1087 2361 1151 semper
2391 1069 2560 1131 idem
2602 1067 2790 1129 habet
2821 1076 2884 1129 et
2914 1065 3418 1147 magnitudinem
3445 1083 3461 1143 ;

1971 1167 2178 1247 majus
2209 1175 2422 1229 autem
2455 1174 2518 1229 et
2550 1166 2762 1228 minus
2791 1166 3064 1239 videtur,
3097 1170 3160 1225 et
3189 1162 3465 1225 dissimi-

1972 1266 2049 1328 lis
2098 1267 2463 1341 schematiS,
2498 1273 2757 1348 propter
2803 1265 3074 1327 aliorum
3127 1281 3462 1344 corporum

1969 1363 2320 1426 ablationes
2364 1372 2428 1426 et
2468 1363 2917 1445 appositiones.

2409 1689 2882 1762 QUAESTIO
2953 1689 3032 1752 II

2097 1954 2358 2017 Ecundo
2387 1955 2712 2036 quaeritur,
2741 1955 2870 2020 An
2898 1956 2985 2020 in
3013 1953 3324 2032 ang-elis
3353 1951 3466 2019 sit

2114 2054 2554 2134 personalis
2592 2051 2990 2132 discretae,
3023 2053 3108 2118 id
3145 2053 3268 2118 est
3295 2065 3466 2132 per-

1970 2149 2361 2218 sonalitas
2416 2166 2558 2218 seu
2609 2151 3129 2233 suppositam
3185 2149 3464 2216 distin-

1971 2247 2137 2315 ctio
2181 2265 2273 2317 ao
2315 2248 2756 2316 individua.

2052 2347 2316 2410 Videtur
2345 2349 2512 2429 quod
2544 2366 2688 2410 non.
2709 2347 2938 2422 Primo,
2963 2347 3116 2429 quia
3147 2347 3244 2409 vel
3275 2355 3469 2409 mate-

1971 2445 2085 2518 ria,
2119 2446 2218 2508 vel
2249 2445 2587 2527 quantitas,
2616 2446 2714 2508 vel
2751 2446 3014 2507 materia
3043 2446 3198 2518 haec,
3224 2443 3467 2508 scilicet

1969 2553 2206 2626 quanta
2243 2552 2308 2605 et
2349 2544 2557 2626 qualis
2599 2552 2788 2625 atque
2833 2544 3098 2624 signata,
3131 2543 3334 2606 fertur
3377 2544 3467 2606 in-

1969 2641 2424 2705 dividuationis
2467 2650 2527 2703 et
2578 2641 2989 2724 suppositalis
3036 2641 3466 2704 distinctionis

1970 2741 2386 2822 principium,
2421 2759 2610 2802 causa
2639 2748 2699 2801 et
2731 2740 2908 2803 radix
2943 2757 2957 2802 ε
2993 2739 3058 2802 in
3087 2739 3328 2820 angelis
3357 2759 3466 2801 au-

1969 2847 2098 2900 tem
2151 2839 2402 2900 nullum
2453 2838 2708 2901 illorum
2757 2846 2871 2900 est.
2906 2875 2986 2884 —
3017 2838 3328 2912 Secundo,
3360 2857 3467 2900 an-

1968 2936 2147 3016 gelus
2178 2943 2274 2999 est
2303 2936 2576 3018 simplex
2607 2936 2812 2999 forma
2833 2954 3016 3017 :ergo
3046 2929 3469 2999 communica-

354 3044 607 3100 tentum
639 3046 901 3111 est,non
932 3055 1071 3098 esse
1101 3036 1499 3118 spiritualem
1534 3035 1857 3098 materiam
1896 3041 1939 3104 C
1970 3034 2119 3096 bilis
2148 3043 2265 3108 est,
2301 3054 2426 3098 non
2458 3035 3102 3098 incommunicabilis,
3127 3071 3208 3080 ——
3235 3034 3465 3109 Tertio,

352 3154 477 3197 nec
525 3136 589 3197 in
638 3136 881 3216 angelis
928 3153 1133 3216 neque
1175 3135 1239 3197 in
1280 3135 1443 3208 aliis,
1478 3135 1859 3216 quaestiones

352 3234 511 3296 istas
561 3233 833 3296 dimitto.
869 3233 1039 3295 Infra
1088 3241 1321 3306 tamen,
1355 3232 1467 3294 ubi
1518 3240 1857 3314 quaeretur,

352 3333 455 3394 An
490 3331 782 3394 omnium
819 3331 1245 3413 corporalium
1284 3331 1367 3393 sit
1406 3350 1532 3393 una
1572 3331 1857 3406 materia,

353 3430 575 3511 aliqua
615 3430 764 3492 inde
805 3437 1159 3510 tangentur.

442 3529 751 3610 Denique,
784 3528 1076 3610 quamvis
1108 3528 1377 3591 Thomas
1414 3527 1479 3589 in
1521 3527 1770 3610 Scripto
1798 3536 1861 3590 et

358 3627 428 3688 in
468 3635 740 3690 tractatu
780 3643 897 3688 suo
942 3627 1020 3689 de
1062 3627 1212 3689 Esse
1262 3634 1325 3689 et
1372 3627 1647 3689 essentia
1694 3628 1863 3689 dicat

357 3726 575 3807 ipsum
624 3725 981 3788 Avicebron
1038 3724 1237 3788 fuisse
1292 3733 1612 3788 auctorem
1669 3725 1861 3805 hujus

354 3824 706 3906 opinioniS,
760 3823 929 3905 quod
978 3823 1044 3885 in
1106 3822 1543 3904 intelligentiis
1604 3824 1863 3886 exsistat

356 3920 663 3998 materia;
694 3919 897 3982 nihilo
929 3920 1143 3982 minus
1183 3921 1293 3982 diu
1328 3927 1474 3983 ante
1503 3921 1861 3983 Avicebron

354 4018 483 4080 fuit
526 4017 639 4079 illa
678 4017 920 4098 opinio,
955 4017 1083 4080 imo
1130 4017 1341 4098 potius
1379 4018 1553 4080 Plato
1592 4017 1714 4080 fuit
1757 4037 1863 4080 au-

354 4125 494 4178 ctor
534 4115 760 4197 ipsius,
795 4134 987 4197 quem
1030 4116 1095 4177 in
1134 4116 1254 4178 hoc
1295 4123 1551 4178 secutus
1589 4124 1685 4178 est
1719 4116 1860 4197 ejus

1970 3132 2075 3195 hic
2117 3133 2380 3214 angelus
2428 3134 2627 3214 magis
2665 3140 2762 3195 est
2799 3129 3466 3215 immaterialis'quam

1968 3230 2286 3292 abstracta
2333 3229 2694 3292 humanitas
2732 3247 2746 3292 τ
2786 3229 3144 3299 humanitas
3192 3249 3468 3311 namque

1970 3329 2242 3392 includit
2299 3330 2627 3392 materiam
2689 3330 2754 3392 in
2809 3330 3156 3404 communi,
3206 3330 3469 3410 angelus

1972 3427 2234 3490 nullam.
2271 3427 2435 3508 Ergo
2485 3428 2646 3490 ratio
2693 3427 3364 3490 communicabilitatis
3407 3436 3470 3490 et

1971 3525 2465 3589 universalitatis
2511 3526 2655 3607 plus
2704 3526 3002 3588 convenit
3048 3526 3198 3588 huic
3245 3527 3470 3607 angelo

1970 3645 2161 3708 quam
2193 3625 2590 3687 humanitati.
2612 3625 2846 3687 Natura
2874 3625 3046 3687 enim
3077 3625 3471 3688 individuata

1971 3731 2033 3784 et
2064 3723 2591 3805 particularizata,
2626 3742 2739 3804 per
2775 3722 3267 3786 abstractionem
3301 3743 3338 3784 a
3368 3723 3471 3785 de-

1972 3822 2309 3884 terminata
2349 3841 2422 3884 ac
2464 3822 2926 3884 determinante
2970 3822 3252 3895 materia,
3287 3822 3470 3884 ratio-

1970 3939 2117 3982 nem
2149 3920 2528 3983 universalis
2559 3928 2622 3982 et
2653 3919 3319 3983 communicabilitatis
3350 3937 3472 3982 sor·

1969 4018 2143 4080 titur.
2179 4019 2382 4092 Quum
2424 4037 2573 4098 ergo
2603 4018 2962 4081 humanitas
2997 4017 3079 4080 sit
3109 4019 3468 4080 communis

1970 4115 2654 4197 communicabilisque
2685 4123 2929 4188 natura,
2955 4115 3157 4179 multo
3187 4115 3332 4198 plus
3364 4117 3469 4180 hic

353 4214 717 4296 discipulus
764 4214 1039 4277 Proclus.
1096 4215 1182 4276 De
1231 4213 1584 4277 Avicebron
1644 4223 1855 4277 autem
1889 4217 1939 4280 D
1968 4215 2232 4296 angelus
2269 4221 2380 4276 :et
2430 4214 2518 4276 ita
2564 4214 2668 4276 hic
2719 4214 2980 4295 angelus
3026 4232 3151 4277 non
3194 4223 3290 4278 est
3335 4235 3472 4297 per-

352 4313 660 4395 opinatur
688 4310 1069 4376 Guillelmus
1111 4310 1173 4372 in
1219 4311 1381 4374 libro
1421 4313 1498 4374 de
1530 4311 1855 4386 Universo,

354 4412 525 4492 quod
570 4409 696 4472 fuit
741 4410 1125 4472 christianus
1165 4418 1229 4472 et
1264 4411 1485 4484 ArabS,
1518 4419 1857 4492 antequam

354 4508 683 4572 Sarraceni
716 4508 921 4590 legem
962 4508 1295 4571 Mahometi
1334 4516 1642 4582 tenentem,
1675 4527 1860 4571 occu-

356 4613 589 4687 parunt
622 4604 921 4668 Arabiam
959 4622 972 4665 :
1009 4605 1358 4687 praesertim
1401 4604 1551 4686 quia
1589 4605 1655 4667 in
1697 4606 1860 4668 libro

356 4705 572 4767 Fontis
602 4705 751 4767 vitae
783 4703 1066 4786 loquitur
1094 4703 1172 4766 de
1202 4703 1331 4766 Deo
1358 4704 1535 4766 Patre
1564 4711 1626 4766 et
1656 4703 1861 4766 Verbo

355 4801 497 4883 ejus
527 4810 764 4865 aeterno
804 4808 997 4883 atque
1038 4801 1307 4874 internO,
1342 4820 1455 4882 per
1486 4802 1654 4883 quod
1694 4821 1861 4864 asse-

358 4901 443 4962 rit
483 4899 705 4962 omnia
745 4918 884 4962 esse
926 4898 1111 4961 facta.

440 4998 763 5060 Postremo
793 4996 1007 5078 posuit
1053 4997 1226 5059 Plato
1269 4997 1547 5058 animam
1598 4998 1865 5060 rationa-

362 5095 489 5158 lem
536 5113 667 5159 non
710 5114 849 5158 esse
890 5095 1043 5156 huic
1085 5112 1305 5175 grosso
1349 5095 1597 5176 corpori
1642 5096 1865 5159 imme-

360 5193 527 5256 diate
592 5192 906 5256 unibilem
970 5193 1095 5255 nisi
1162 5193 1478 5256 mediante
1545 5193 1860 5274 spirituali

362 5292 648 5367 materia,
685 5311 877 5373 quam
918 5298 980 5353 et
1021 5291 1087 5353 in
1128 5290 1565 5371 intelligentiis
1597 5291 1809 5374 posuit
1844 5311 1857 5355 ε

1970 4332 2143 4386 sona,
2179 4332 2295 4375 nec
2335 4321 2430 4374 est
2474 4312 2536 4374 in
2578 4313 2819 4393 angelis
2863 4313 3276 4394 personalitas
3317 4314 3464 4376 ulla.

1970 4447 2050 4456 —
2088 4413 2340 4487 Quart0,
2375 4413 2620 4493 species
2665 4411 3089 4492 intelligibilis
3134 4431 3261 4475 non
3312 4413 3472 4476 indi-

1970 4508 2267 4571 viduatur
2315 4510 2378 4571 in
2430 4510 2756 4571 intellectu
2805 4528 2818 4571 :
2865 4511 3020 4572 alias
3069 4529 3194 4573 non
3247 4529 3472 4592 reprae-

1970 4614 2247 4668 sentaret
2295 4607 2672 4669 universale.
2729 4607 2891 4688 Ergo
2941 4625 3057 4669 nec
3109 4607 3469 4671 intellectus

1972 4706 2078 4767 ille
2121 4706 2488 4787 angelusve,
2525 4705 2937 4768 individualis
2981 4706 3290 4769 consistit.

2049 4805 2118 4867 ln
2170 4805 2558 4866 contrarium
2605 4810 2721 4877 est,
2770 4805 2940 4886 quod
2988 4805 3465 4886 suppositorum

1970 4911 2066 4965 est
2124 4920 2264 4964 esse
2321 4909 2382 4964 et
2439 4919 2645 4982 agere,
2695 4919 2951 4964 movere
3009 4907 3198 4983 atque
3259 4919 3468 4964 move-

1972 5001 2045 5063 ri.
2100 4999 2163 5062 Si
2219 5017 2368 5081 ergo
2425 4999 2633 5080 angeli
2693 5018 2820 5062 non
2879 5005 3092 5062 essent
3139 5000 3465 5081 supposita

1972 5117 2089 5161 nec
2122 5115 2428 5179 personae,
2450 5115 2576 5158 non
2609 5097 2977 5160 conveniret
3005 5096 3100 5158 eis
3135 5097 3466 5159 actualiter

1970 5214 2131 5270 esse,
2186 5196 2314 5258 Deo
2363 5194 2513 5268 frui,
2564 5194 2905 5257 ascendere
2959 5201 3149 5276 atque
3206 5195 3464 5257 descen-

1971 5295 2140 5356 dere.
