4334 6242
604 493 692 538 ,m
736 493 1009 540 meatus
1051 491 1404 539 nuum-tona
1448 491 1751 538 NAwnAu
1792 489 1979 564 nauis
2022 488 2343 537 DILExEmT
2383 490 2547 537 naeu
2590 491 2756 546 Qum
2799 491 2868 538 st:
2913 493 3112 549 ursum,
3152 492 3278 536 mc.
3372 470 3491 536 273

388 667 619 722 natura
647 661 1059 724 dulcissimus
1088 670 1207 736 est,
1240 678 1387 743 ergo
1420 661 1693 723 maxime
1724 661 1889 723 dele·
1919 661 1970 722 A
2002 679 2129 722 non
2191 661 2314 722 nisi
2373 680 2488 742 per
2545 663 2892 735 caritatem,
2954 661 3253 742 quoniam
3311 659 3494 722 aliter

388 757 601 819 etabat
650 767 907 838 gustum
962 760 1191 822 mentis
1238 759 1539 840 angelicae
1581 777 1595 820 :
1638 777 1787 840 ergo
1828 767 1889 820 et

389 856 669 917 maxime
700 855 1106 919 afficiebatur
1134 859 1211 920 ad
1245 859 1465 920 Deum.
1491 894 1570 901 —
1601 859 1885 938 Insuper,

386 953 601 1016 omnis
653 956 935 1036 potentia
985 957 1183 1036 magis
1234 976 1301 1018 se
1349 954 1539 1016 habet
1580 956 1656 1016 ad
1706 956 1767 1016 id
1811 957 1888 1018 ad

386 1051 561 1134 quod
603 1052 1045 1134 principaliter
1083 1061 1179 1116 est
1210 1053 1499 1116 instituta
1535 1073 1606 1115 ac
1646 1053 1891 1117 ordina-

387 1157 473 1224 ta,
506 1168 702 1232 quam
731 1151 810 1213 ad
843 1159 1066 1213 cetera.
1092 1152 1212 1214 Sed
1244 1152 1339 1214 vis
1371 1151 1890 1234 concupiscibilis

390 1247 695 1329 potentiae
751 1249 1114 1331 appetitivae
1169 1250 1401 1330 angeli,
1454 1249 1892 1332 principaliter

390 1352 450 1405 et
499 1364 617 1427 per
666 1364 735 1408 se
782 1347 1069 1410 ordinata
1118 1348 1237 1410 fuit
1285 1350 1363 1411 ad
1412 1367 1737 1411 summum
1782 1348 1889 1410 bo-

392 1462 551 1505 num
601 1464 615 1507 t
661 1463 809 1525 ergo
858 1447 936 1507 ad
987 1446 1144 1508 illud
1196 1446 1599 1528 potissimum
1650 1446 1889 1508 fereba-
1934 1491 1942 1501 .

392 1549 518 1603 tur.
552 1578 633 1587 —
660 1544 977 1626 AmpliuS,
1010 1545 1177 1607 sicut
1205 1565 1272 1608 se
1303 1546 1491 1608 habet
1522 1545 1774 1607 habitus
1812 1544 1891 1606 ad

392 1640 711 1716 habitum,
762 1642 848 1705 ita
896 1644 1179 1725 potentia
1225 1646 1300 1706 ad
1352 1644 1717 1725 potentiam.
1772 1642 1891 1706 Sed

392 1739 653 1802 habitus
686 1759 813 1822 quo
843 1741 1129 1822 diligitur
1159 1750 1463 1815 creatura,
1486 1743 1758 1804 maxime
1789 1742 1894 1803 ha-

393 1837 501 1900 bet
549 1857 619 1900 se
668 1847 731 1900 et
780 1839 984 1902 tendit
1030 1840 1108 1900 ad
1159 1847 1511 1902 creaturam

389 1937 679 2024 potentia
711 1957 838 2019 qua
866 1937 1153 2019 diligitur
1183 1939 1369 2012 DeuS,
1394 1946 1547 2020 puta
1577 1939 1890 2013 voluntaS,

392 2035 671 2097 maxime
713 2036 915 2097 tendit
958 2036 1021 2098 in
1068 2036 1299 2119 ipsum.

483 2133 839 2196 Dicendum
902 2135 979 2197 ad
1040 2135 1344 2216 primum,
1406 2134 1575 2216 quod
1632 2134 1893 2215 angelus

390 2251 645 2294 summe
690 2232 1122 2295 delectabatur
1171 2234 1233 2294 in
1284 2234 1411 2296 Deo
1457 2240 1765 2315 quantum
1814 2233 1891 2294 ad

392 2339 653 2406 statum,
688 2349 816 2393 non
848 2341 1058 2394 tamen
1092 2350 1341 2393 summe
1372 2331 1751 2413 simpliciter
1785 2348 1798 2392 :
1832 2339 1895 2392 et

394 2429 537 2502 hoc,
591 2429 743 2510 quia
789 2437 1012 2509 gustus
1070 2430 1419 2511 spiritualis
1470 2446 1595 2491 non
1646 2435 1779 2490 erat
1828 2429 1893 2490 in

394 2527 621 2607 angelo
672 2526 735 2588 in
786 2527 1029 2608 optima
1076 2537 1139 2590 et
1181 2528 1406 2589 ultima
1453 2527 1891 2609 dispositione,

397 2624 645 2686 scilicet
690 2625 1105 2707 dispositione
1149 2626 1384 2706 gratiae.
1418 2662 1499 2670 —
1536 2626 1630 2686 Ad
1673 2644 1894 2687 secun-

398 2723 575 2796 dum,
627 2723 795 2805 quod
846 2723 945 2784 vis
993 2723 1513 2804 concupiscibilis
1576 2723 1771 2803 magis
1828 2743 1895 2786 se

398 2820 589 2882 habet
627 2821 705 2881 ad
745 2820 1140 2901 diligendum
1184 2822 1384 2882 Deum
1424 2840 1617 2903 quam
1658 2830 1899 2903 tempo-

400 2917 552 2978 ralia
581 2937 695 2979 seu
726 2918 1137 2999 creatazquia
1164 2919 1241 2979 ad
1273 2918 1669 2999 diligendum
1700 2919 1898 2981 Deum

2001 758 2150 820 ferri
2185 777 2312 821 non
2353 768 2559 841 potest
2588 779 2779 842 super
2809 779 2876 821 se
2895 778 2911 839 3
2955 760 3318 821 immediate
3347 776 3497 820 vero

2002 877 2069 918 se
2120 847 2308 918 habet
2355 859 2432 918 ad
2483 858 2854 939 temporalia
2901 857 3240 938 diligenda.
3293 857 3500 918 Tertia

2000 961 2117 1028 est,
2153 954 2453 1035 quoniam
2491 955 2656 1016 Deus
2698 955 2802 1016 hic
2835 955 3167 1016 manifeste
3209 973 3336 1016 non
3368 973 3500 1015 cer-

2001 1053 2210 1130 ni·tur;
2273 1053 2644 1134 temporalia
2703 1070 2852 1115 vero
2910 1053 3207 1114 videntur
3261 1059 3496 1134 aperte.

2001 1151 2232 1224 Quarta
2261 1160 2356 1215 est
2385 1151 2608 1216 fomes.
2643 1189 2723 1198 —
2750 1152 2843 1216 Ad
2876 1152 3135 1215 tertium
3167 1151 3504 1215 conformi-

2003 1258 2097 1312 ter
2126 1252 2645 1333 respondendum.
2659 1251 2811 1314 Nam
2841 1259 2903 1314 et
2932 1251 3282 1314 naturalius
3313 1250 3504 1312 habet

2003 1349 2245 1410 moveri
2291 1350 2387 1412 vis
2431 1348 2729 1412 affectiva
2771 1350 2847 1412 ad
2893 1350 3116 1422 Deum,
3150 1356 3212 1410 et
3252 1357 3503 1411 natura-

2005 1447 2129 1508 lem
2176 1448 2365 1510 habet
2406 1448 2828 1530 aptitudinem
2875 1449 2952 1511 ad
2993 1448 3146 1527 hoc;
3179 1449 3289 1510 sed
3329 1467 3502 1510 exse-

2004 1545 2176 1607 cutio
2223 1546 2419 1626 exigit
2462 1546 2740 1608 caritatis
2791 1545 3016 1609 infusae
3057 1545 3368 1608 auxilium
3411 1551 3500 1608 at-

2004 1662 2127 1725 que
2178 1644 2600 1724 praesentiam.
2637 1681 2716 1688 —
2755 1645 2896 1707 Haec
2939 1643 3495 1706 AntisiodorensiS.

2083 1741 2199 1814 Qui
2246 1743 2508 1824 insuper
2546 1743 2772 1825 quaerit
2813 1743 2939 1816 hic,
2983 1750 3197 1804 utrum
3239 1742 3500 1822 angelus

1568 1857 1581 1901 :
1634 1858 1783 1921 ergo
1830 1847 1891 1902 et
1929 1842 1976 1904 B
2007 1841 2278 1902 naturali
2328 1841 2669 1904 dilectione
2720 1841 3049 1903 fruebatur
3099 1860 3185 1902 se.
3240 1840 3503 1902 Videtur

2005 1939 2174 2019 quod
2235 1938 2349 2011 sic,
2403 1938 2552 2019 quia
2609 1939 2774 2002 sicut
2823 1959 2890 2001 se
2939 1958 3131 2020 super
3178 1939 3394 2002 omnia
3440 1946 3504 2000 et

2005 2036 2149 2116 plus
2185 2055 2378 2116 quam
2419 2036 2618 2098 Deum
2658 2037 2900 2110 dilexit,
2935 2037 3026 2098 sic
3064 2037 3338 2099 maxime
3378 2035 3503 2098 sibi

2007 2133 2128 2214 ipsi
2170 2133 2422 2197 inhaesit
2455 2152 2468 2196 :
2503 2144 2566 2197 et
2594 2136 2714 2198 hoc
2754 2142 2850 2196 est
2879 2135 3029 2208 frui,
3063 2135 3361 2197 videlicet
3393 2134 3503 2196 ali·

2006 2231 2107 2290 cui
2140 2238 2399 2312 propter
2429 2252 2495 2294 se
2528 2232 2832 2295 inhaerere
2863 2249 3094 2295 amore.
3113 2233 3502 2295 Contrarium

2004 2329 2198 2408 hujus
2233 2330 2555 2410 probatur,
2586 2331 2735 2412 quia
2762 2331 2882 2393 hoc
2913 2329 3138 2392 fuisset
3169 2331 3498 2412 iniquum3

2004 2433 2068 2487 et
2108 2426 2295 2489 modo
2341 2427 2669 2489 inductum
2713 2435 2829 2501 est,
2864 2429 3031 2509 quod
3076 2446 3255 2490 amor
3292 2426 3498 2509 angeli

2006 2542 2132 2585 non
2191 2523 2315 2586 fuit
2373 2525 2730 2606 culpabilis.
2780 2561 2860 2570 —-
2920 2525 3271 2588 Dicendum
3331 2527 3503 2608 quod

2004 2641 2184 2684 amor
2215 2623 2517 2684 naturalis
2560 2623 2680 2698 sui,
2714 2632 2811 2686 est
2843 2624 2947 2686 ille
2981 2642 3104 2705 quo
3137 2625 3282 2705 quis
3323 2631 3502 2685 natu-

2007 2720 2223 2782 raliter
2270 2721 2408 2783 vult
2457 2721 2580 2782 sibi
2632 2721 2893 2794 bonum,
2943 2730 3009 2783 ut
3057 2741 3216 2794 csse,
3266 2722 3501 2795 vivere,

2008 2818 2410 2900 intelligere:
2447 2820 2556 2901 qui
2599 2839 2777 2882 amor
2825 2838 2952 2882 non
3003 2820 3205 2881 tendit
3254 2820 3378 2882 nisi
3425 2820 3506 2882 ad

2007 2919 2552 2980 conservationem
2598 2919 3066 3000 utilitatemque
3109 2919 3228 2980 sui.
3274 2919 3506 2981 Secun-

398 3034 465 3077 se
494 3014 686 3077 babet
726 3015 1118 3090 naturaliter,
1152 3016 1301 3098 quia
1342 3016 1420 3077 ad
1462 3017 1580 3078 hoc
1621 3014 1743 3078 fuit
1774 3016 1898 3078 col-
1930 3018 1973 3082 C
2007 3014 2109 3089 do,
2140 3034 2320 3077 amor
2361 3016 2458 3076 sui
2501 3016 2734 3077 dicitur
2777 3035 2956 3078 amor
2995 3016 3266 3097 propriae
3304 3017 3507 3078 excel-

400 3113 542 3185 lata‚
596 3130 721 3175 non
774 3113 855 3175 ad
902 3113 1277 3196 temporalia
1335 3114 1673 3194 diligenda.
1726 3114 1896 3175 Atta-

402 3230 544 3272 men
590 3210 737 3272 talis
775 3219 873 3272 est
910 3211 1095 3280 facta,
1138 3212 1306 3292 quod
1351 3211 1559 3292 potuit
1600 3211 1896 3273 inclinari

398 3309 471 3370 ad
522 3327 599 3370 ea
652 3328 667 3372 :
720 3309 1257 3390 quemadmodum
1306 3309 1477 3370 enim
1537 3309 1897 3371 intellectus

398 3407 591 3469 habet
628 3406 1106 3488 apprehendere
1147 3405 1505 3468 transitoria
1542 3414 1605 3467 et
1640 3414 1893 3478 aeterna,

399 3505 490 3567 sic
522 3505 622 3567 vis
654 3503 1176 3584 concupiscibilis
1206 3502 1261 3565 ei
1293 3522 1538 3565 annexa
1576 3504 1798 3566 habuit
1825 3522 1899 3566 ea

398 3610 720 3685 appetere.
741 3602 1190 3664 Verumtamen
1222 3618 1347 3663 non
1380 3601 1545 3664 valet
1573 3597 1694 3664 hoc
1724 3621 1899 3683 argu·

400 3708 742 3763 mentum:
778 3699 1309 3780 concupiscibilis
1358 3700 1557 3780 magis
1600 3719 1666 3762 se
1710 3701 1899 3764 habet

396 3800 473 3862 ad
527 3798 929 3880 diligendum
980 3799 1179 3862 Deum
1233 3817 1426 3880 quam
1486 3799 1895 3880 temporalia3

396 3900 507 3961 sed
547 3897 684 3960 sola
724 3915 839 3978 per
879 3915 945 3958 se
986 3903 1191 3978 potest
1229 3897 1492 3977 diligere
1529 3898 1899 3979 temporalia

400 4003 662 4080 propter
702 4014 769 4058 se
809 4003 873 4057 et
900 4014 1091 4078 super
1130 3995 1345 4058 omnia
1379 4015 1393 4058 :
1427 4013 1575 4076 ergo
1612 3996 1744 4058 sola
1786 4015 1899 4079 per

398 4115 465 4160 se
505 4102 716 4178 potest
750 4093 1015 4175 diligere
1055 4094 1257 4156 Deum
1297 4101 1555 4176 propter
1594 4113 1660 4156 se
1699 4102 1762 4156 et.
1800 4115 1901 4158 su-

2010 3112 2240 3186 lcnssae,
2274 3113 2384 3194 qui
2425 3122 2521 3175 est
2550 3113 2868 3194 superbia,
2903 3121 2961 3175 et
2994 3132 3173 3177 amor
3214 3113 3506 3177 libidino-

2007 3231 2115 3272 sus
2154 3211 2300 3273 vitae
2341 3210 2670 3292 praesentis
2705 3230 2719 3274 ε
2753 3219 2974 3292 estque
3013 3210 3502 3274 fundamentum

2006 3308 2405 3390 Babylonicae
2446 3309 2742 3382 civitatiS,
2776 3317 2838 3370 et
2867 3328 3056 3370 causa
3094 3328 3166 3370 ac
3207 3310 3383 3371 radix
3413 3310 3504 3373 vi-

2007 3407 2184 3469 tiosae
2232 3406 2589 3485 fruitionis;
2629 3425 2748 3469 nec
2791 3405 2914 3468 fuit
2959 3407 3022 3467 in
3067 3407 3308 3488 angelis
3355 3415 3500 3470 ante

2008 3505 2278 3586 lapsum.

2088 3604 2297 3666 Tertio
2326 3603 2574 3685 quaerit,
2608 3622 2686 3665 an
2721 3604 2981 3684 angelus
3022 3604 3131 3666 illa
3161 3604 3501 3668 dilectione

2006 3702 2161 3765 fecit
2210 3703 2287 3764 de
2334 3703 2436 3764 via
2485 3702 2707 3775 finem,
2751 3710 2814 3764 et
2855 3703 2932 3764 de
2977 3694 3263 3765 creatura
3310 3703 3502 3766 deum

2007 3821 2216 3863 suurn.
2252 3801 2514 3862 Videtur
2552 3801 2720 3882 quod
2761 3801 2874 3874 sic,
2908 3801 3207 3882 quoniam
3253 3821 3320 3864 se
3359 3802 3503 3883 plus

2008 3919 2200 3982 quam
2232 3901 2432 3962 Deum
2464 3899 2804 3980 diligendo,
2829 3917 2895 3960 se
2928 3900 3140 3981 ipsum
3173 3900 3502 3962 constituit

2008 3999 2129 4063 sibi
2182 3999 2380 4061 finem
2425 4006 2488 4060 et
2531 3998 2720 4060 deum
2766 4015 2779 4060 ε
2822 3997 2978 4060 finis
3027 3999 3201 4061 enim
3253 4017 3502 4061 summe

2007 4097 2314 4180 diligitur.
2340 4132 2420 4143 ——
2447 4096 3000 4179 Respondendum‚
3029 4097 3198 4178 quod
3229 4096 3502 4160 naturali

401 4212 515 4278 per
558 4192 793 4256 omnia.
836 4191 1144 4267 Quoniam
1193 4211 1321 4254 non
1365 4193 1688 4255 concludit
1731 4193 1898 4275 quod
1929 4201 1980 4265 D
2009 4196 2350 4259 dilectione
2392 4214 2519 4277 qua
2560 4194 2702 4278 quis
2748 4193 2956 4275 diligit
2996 4214 3064 4258 se
3104 4202 3362 4277 propter
3403 4193 3504 4258 sui

403 4291 755 4377 proposuit.
810 4290 1139 4373 Proposuit
1186 4290 1425 4374 quippe
1484 4292 1560 4355 de
1620 4292 1900 4374 simplici

402 4391 763 4465 dilectione,
795 4397 858 4452 et
898 4387 1218 4451 concludit
1258 4388 1335 4451 de
1378 4390 1717 4454 dilectione
1761 4410 1901 4473 per—

404 4490 593 4564 fecta,
648 4489 727 4550 ad
785 4508 977 4571 quam
1037 4488 1134 4550 vis
1193 4488 1713 4570 concupiscibilis
1773 4508 1901 4553 non

407 4589 609 4671 magis
646 4587 838 4650 habet
869 4607 957 4662 se,
991 4607 1182 4669 quam
1214 4586 1290 4648 ad
1323 4587 1715 4667 diligendum
1749 4597 1903 4652 tem-

406 4687 649 4770 poralia
695 4686 997 4768 perfecte,
1039 4693 1300 4768 propter
1343 4694 1615 4766 quatuor
1658 4706 1895 4749 causas.

406 4788 613 4850 Prima
642 4792 759 4860 est,
795 4785 944 4867 quia
981 4785 1058 4846 ad
1090 4803 1250 4866 opus
1292 4783 1589 4866 perfectae
1624 4785 1905 4847 dilectio-

406 4888 503 4948 nis
557 4883 909 4966 requiritur
955 4882 1327 4945 deliberatio
1384 4882 1739 4963 multiplex,
1794 4885 1901 4946 sed

406 4986 480 5046 ad
522 4993 740 5047 actum
783 4981 921 5044 vitii
962 4981 1137 5042 nulla
1170 4999 1184 5042 :
1219 4981 1370 5063 quia
1409 4989 1480 5043 ut
1517 4981 1742 5044 asserit
1772 4982 1903 5044 Ori-

404 5101 621 5164 geneS‚
656 5081 861 5144 virtus
890 5087 987 5142 est
1019 5081 1213 5154 tarda,
1248 5080 1476 5141 vitium
1508 5087 1722 5141 autem
1753 5099 1907 5161 prae-

406 5201 577 5264 cepS.
608 5179 901 5242 Secunda
929 5186 1045 5252 est,
1080 5179 1230 5260 quia
1259 5178 1357 5240 vis
1386 5178 1906 5259 concupiscibilis

406 5280 598 5342 habet
638 5297 707 5341 se
746 5278 826 5339 ad
865 5277 1259 5359 diligendum
1298 5277 1497 5338 Deum
1542 5284 1803 5359 propter
1840 5296 1907 5340 se

662 5413 725 5464 T.
764 5413 841 5462 21.

2010 4294 2374 4368 utilitatem,
2417 4311 2544 4357 non
2589 4301 2828 4376 peccat,
2862 4293 3163 4374 quoniam
3205 4292 3313 4361 illa
3353 4292 3506 4356 dile·

2012 4394 2220 4457 ctione
2270 4410 2396 4455 non
2445 4391 2679 4454 fruitur
2728 4411 2816 4464 se,
2858 4409 2976 4453 nec
3025 4391 3226 4454 tendit
3275 4391 3352 4455 ad
3403 4390 3504 4456 sui

2010 4493 2382 4556 fruitionem
2427 4511 2440 4554 :
2484 4491 2651 4572 quod
2701 4497 2868 4552 esset
2916 4508 2982 4552 se
3033 4489 3245 4571 ipsum
3293 4489 3502 4553 facere

2011 4591 2134 4653 sibi
2186 4591 2385 4653 finem
2435 4607 2825 4670 supremum.
2878 4587 3084 4660 Quum
3133 4588 3306 4649 enim
3359 4588 3502 4668 quis

2010 4687 2221 4769 diligit
2269 4695 2619 4750 creaturam
2676 4675 2935 4768 propter
2983 4685 3334 4747 naturalem
3392 4685 3505 4747 ali-

2012 4807 2206 4871 quam
2257 4787 2618 4858 utilitatem,
2653 4785 2793 4846 talis
2833 4784 3088 4846 dilectio
3125 4803 3253 4846 non
3292 4785 3504 4846 exclu-

2012 4887 2106 4948 dit
2146 4886 2447 4947 ultimum
2496 4883 2717 4946 finem.
2752 4882 2885 4944 Imo
2924 4902 3000 4943 ex
3045 4882 3163 4944 boc
3208 4883 3376 4964 quod
3417 4883 3508 4944 di-

2015 4984 2151 5064 ligit
2210 5002 2276 5044 se
2336 4989 2596 5064 propter
2647 4999 2827 5042 suam
2886 4979 3246 5052 utilitatem,
3298 4987 3508 5060 potest

2014 5081 2372 5164 pertingere
2397 5082 2472 5142 ad
2497 5099 2713 5142 veram
2738 5079 2848 5140 Dei
2872 5077 3508 5150 dilectionemouum-

2016 5197 2138 5261 que
2185 5197 2332 5239 vere
2377 5176 2599 5257 diliget
2640 5177 2863 5248 Deum,
2899 5182 3050 5236 tunc
3094 5173 3374 5255 perfecte
3419 5174 3510 5236 di—

2019 5277 2169 5357 liget
2201 5295 2267 5338 se
2299 5282 2556 5358 propter
2586 5292 2765 5335 suam
2795 5272 3135 5335 utilitatem
3166 5273 3508 5353 :quoniam

3196 5405 3257 5458 18
