4334 6242
760 483 882 551 376

1445 504 1511 552 m
1551 505 1773 552 LIBRUM
1813 506 1857 552 11
1901 505 2383 553 SENTENTIARUM.
2429 524 2510 535 -·
2549 505 2701 552 ΒῘΒΤ.
2739 506 2865 569 vl13
2909 506 3132 562 QUAEST.
3175 506 3197 552 1

765 693 892 757 que
943 675 1021 737 ad
1077 676 1530 758 inquirendum
1585 696 1840 740 causam
1894 677 2270 741 obstinatio-
2295 678 2347 741 A
2376 678 2497 740 Sed
2527 679 2745 741 Petrus
2776 679 2851 741 ad
2885 678 3129 741 nullam
3158 676 3536 760 opinionum
3566 684 3893 740 tactarum

766 773 867 835 nis
907 773 1114 849 istius,
1147 776 1543 856 pensandum
1584 778 1754 858 quod
1785 777 1881 840 vis
1919 776 2269 859 appetitiva

765 872 832 933 in
864 872 1154 935 omnibus
1185 874 1700 956 proportionatur
1727 875 2203 958 apprehensivae
2232 894 2269 937 a

767 990 894 1052 qua
924 979 1236 1047 movetur,
1261 971 1426 1034 sicut
1457 973 1694 1036 mobile
1727 975 1976 1037 motori.
2011 974 2270 1056 Appeti-

763 1076 862 1131 tus
890 1069 1131 1152 quippe
1162 1071 1522 1145 sensitivuS,
1537 1080 1630 1135 est
1661 1073 1804 1135 boni
1837 1072 2264 1156 particularis3

720 1215 730 1225 .
765 1169 1056 1232 voluntas
1086 1187 1259 1245 vem,
1285 1170 1662 1234 universalis
1689 1172 2262 1253 :quemadmodum

475 3634 540 3691 cs.
551 3649 592 3691 p.
601 3638 676 3679 ³28
688 3633 735 3679 Β.

473 4735 565 4779 αφ.
596 4725 734 4768 92-05.

765 1286 992 1330 sensus
1021 1269 1528 1351 apprehensivus
1557 1277 1653 1333 est
1695 1270 2138 1351 singularium,
2175 1270 2268 1332 in-

763 1366 1055 1428 tellectus
1102 1367 1582 1431 universalium.
1631 1368 1860 1431 Differt
1901 1376 2114 1439 autem
2156 1387 2265 1451 ap-

766 1464 1108 1545 prehensio
1150 1464 1356 1546 angeli
1401 1464 1482 1527 ab
1521 1466 2026 1549 apprehensione
2068 1467 2268 1529 homi-

765 1562 867 1623 nis
935 1562 1002 1623 in
1070 1562 1213 1637 hoc,
1280 1564 1447 1644 quod
1515 1564 1779 1644 angelus
1845 1564 2266 1646 apprehendit

766 1658 1186 1722 immobiliter
1235 1678 1349 1743 per
1392 1662 1809 1735 intellectum,
1855 1663 2264 1744 quemadmo-

764 1758 920 1820 dum
949 1776 1066 1821 nos
1107 1758 1314 1840 prima
1353 1759 1706 1843 principia3
1739 1760 1930 1823 homo
1959 1778 2111 1823 vero
2151 1779 2267 1843 per

2374 776 2669 839 declinat.

2463 877 2652 939 Porro
2709 876 2946 959 scripta
3000 875 3295 938 Richardi
3354 875 3421 937 in
3480 875 3895 957 praeinducta

2377 975 2692 1057 positione
2738 974 3195 1037 Bonaventurae
3244 979 3540 1036 contenta
3584 981 3751 1035 sunt.
3804 972 3893 1035 Et

2376 1072 2513 1155 ipse
2553 1072 2903 1136 Richardus
2946 1090 3201 1134 causam
3242 1070 3895 1153 irrecuperabilitatis

2374 1180 2564 1254 atque
2627 1170 3111 1253 impoenitentiae
3174 1170 3533 1232 daemonum
3599 1170 3889 1243 tradenS,

2374 1270 2589 1353 plures
2619 1269 2891 1332 rationes
2920 1270 2997 1331 de
3029 1269 3149 1331 hoc
3177 1268 3557 1351 praehabitas
3589 1269 3653 1330 in
3678 1286 3891 1331 unum

2375 1375 2775 1442 commassat,
2817 1368 2999 1450 quasi
3047 1384 3446 1448 unaquaeque
3490 1384 3707 1428 earum
3761 1385 3892 1448 per

2374 1486 2441 1529 se
2474 1483 2596 1528 non
2632 1466 2713 1527 sit
2744 1464 3099 1539 sufficiens,
3120 1465 3230 1527 sed
3260 1482 3482 1526 omnes
3513 1481 3625 1526 seu
3658 1464 3890 1546 plures

2375 1563 2568 1626 simul
2596 1571 2895 1645 acceptae,
2930 1581 3056 1623 una
3096 1580 3243 1623 cum
3284 1561 3699 1643 dispositione
3728 1578 3889 1644 pro—

2376 1662 2673 1725 videntiae
2711 1661 2847 1735 Dei,
2880 1660 3350 1743 sapientissime
3387 1659 3891 1723 rationabiliter-

2375 1780 2500 1843 que
2543 1760 2937 1823 instituentis
2984 1766 3055 1821 ut
3096 1758 3201 1821 via
3242 1757 3610 1839 angelorum
3662 1758 3893 1821 termi-

765 1856 1076 1919 rationem
1133 1856 1556 1939 apprehendit
1612 1858 1956 1933 mobiliter,
2015 1859 2262 1921 discur·
2300 1862 2635 1925 Bnaretur
2692 1858 2755 1919 in
2817 1858 3026 1939 prima
3082 1874 3305 1919 eorum
3362 1857 3693 1930 electione,
3754 1875 3891 1919 nec

764 1955 962 2016 rendo
1001 1956 1078 2016 de
1118 1972 1246 2017 uno
1283 1955 1362 2017 ad
1404 1955 1598 2029 aliud,
1633 1955 1874 2019 habens
1913 1957 2084 2019 viam
2125 1974 2268 2038 pro-

765 2052 1029 2115 cedendi
1077 2053 1153 2115 ad
1204 2048 1548 2135 utrumque
1594 2054 2053 2136 oppositorum.
2090 2055 2265 2118 Unde

765 2158 829 2213 et
866 2151 1160 2212 voluntas
1200 2151 1480 2213 hominis
1523 2152 1799 2215 adhaeret
1838 2152 2030 2215 alicui
2066 2152 2267 2215 mobi-

766 2248 931 2324 liter,
975 2257 1277 2331 tanquam
1319 2256 1542 2332 potens
1582 2250 1661 2311 ab
1702 2250 1811 2314 illo
1849 2252 2165 2325 recedere,
2204 2259 2266 2314 et

767 2348 1084 2411 contrario
1131 2347 1498 2427 adhaerere3
1549 2348 1660 2410 sed
1711 2349 2002 2413 voluntas
2056 2350 2263 2431 angeli

766 2445 896 2508 fixe
938 2445 1480 2529 immobiliterque
1517 2446 1814 2509 adhaeret-.
1849 2448 1995 2510 Ideo
2031 2448 2084 2509 si
2121 2466 2267 2511 con·

765 2544 1079 2606 sideretur
1127 2551 1270 2606 ante
1318 2544 1768 2619 adhaesionem,
1806 2552 2014 2627 potest
2063 2545 2265 2609 libere

764 2641 1084 2705 adhaerere
1124 2641 1274 2703 huic
1305 2650 1368 2703 et
1397 2641 1537 2721 ejus
1569 2642 1882 2724 opposit0,
1917 2643 1982 2705 in
2018 2643 2117 2705 his
2147 2644 2266 2705 sci-

766 2739 916 2803 licet
959 2759 1101 2822 quae
1141 2758 1266 2801 non
1311 2734 1682 2803 naturaliter
1729 2741 1898 2819 vult;
1938 2742 2048 2803 sed
2099 2748 2265 2823 post-

765 2857 958 2919 quam
1009 2837 1294 2911 adhaesit,
1332 2837 1749 2900 immobiliter
1789 2839 2084 2902 adhaeret.
2120 2840 2265 2902 Ideo

762 2936 973 3017 angeli
1024 2936 1177 2998 boni
1231 2954 1485 3018 semper
1531 2937 1922 3000 adhaerentes
1974 2938 2260 3018 justitiae,

2376 1965 2594 2040 postea
2624 1957 2717 2019 eis
2748 1956 3002 2019 daretur
3030 1955 3340 2018 auxilium
3372 1955 3698 2017 redeundi.
3724 1956 3893 2019 1³1·ae-

2376 2056 2563 2138 cipue
2602 2063 2813 2117 autem
2853 2053 3257 2117 commendat
3298 2054 3649 2116 Richardus
3689 2054 3892 2116 ratio-

2375 2173 2521 2216 nem
2555 2154 2729 2216 illam
2770 2170 3133 2235 expressam
3175 2171 3251 2215 ex
3284 2160 3461 2234 parte
3500 2152 3889 2234 simplicita-

2375 2253 2455 2315 tis
2496 2260 2737 2315 naturae
2778 2250 3101 2332 angelicae,
3137 2251 3224 2313 ita
3261 2251 3431 2333 quod
3475 2250 3767 2313 diabolus
3809 2270 3887 2315 se

2375 2360 2505 2414 toto
2558 2350 2872 2413 convertit
2930 2357 3156 2412 conatu
3215 2350 3293 2411 ad
3346 2367 3525 2411 suam
3583 2348 3890 2412 ambitio-

2374 2469 2545 2523 nem,
2580 2448 2747 2511 sicut
2777 2456 2839 2510 et
2877 2447 3083 2529 angeli
3116 2448 3301 2510 electi
3340 2448 3419 2509 ad
3449 2446 3729 2510 divinam
3766 2449 3885 2511 ad-

2373 2548 2739 2611 haesionem.
2795 2547 2911 2609 Per
2969 2546 3139 2628 quod
3199 2546 3361 2608 solvi
3419 2552 3632 2627 posset
3692 2545 3887 2626 objc-

2376 2646 2501 2708 ctio
2532 2654 2750 2708 contra
2779 2644 2942 2706 hanc
2967 2662 3220 2706 causam
3254 2644 3544 2718 adducta,
3577 2643 3886 2707 videlieet

2375 2744 2543 2826 quod
2575 2741 2867 2805 diabolus
2907 2741 3199 2824 quamvis
3238 2741 3322 2803 sit
3360 2740 3631 2823 simplex
3672 2742 3736 2804 in
3768 2762 3889 2804 na·

2373 2848 2537 2915 tura,
2589 2849 2799 2903 tamen
2850 2848 2946 2901 est
2997 2838 3336 2921 multiplex
3388 2838 3453 2900 in
3501 2838 3757 2912 virtute,
3814 2848 3885 2902 et

2374 2938 2673 3002 dominus
2704 2938 2801 2999 sui
2832 2945 3010 2999 actus
3039 2954 3053 2999 :
3090 2936 3329 2999 idcirco
3357 2954 3484 2999 non
3516 2937 3883 3018 oportuisse

765 3042 914 3097 sunt
945 3035 1009 3097 in
1041 3035 1152 3097 illa
1190 3033 1590 3113 confirmati3
1623 3034 1772 3097 mali
1811 3054 1962 3098 vero
1997 3054 2263 3117 peccan-
2300 3039 2343 3103 C
2374 3036 2543 3118 quod
2582 3042 2714 3099 toto
2754 3043 2981 3097 conatu
3022 3052 3090 3097 se
3119 3035 3199 3096 ad
3228 3034 3573 3096 vanitatem
3614 3052 3881 3097 conver-

765 3142 882 3207 tes,
916 3140 1065 3195 sunt
1095 3132 1160 3194 in
1193 3138 1452 3214 peccato
1483 3132 1802 3195 obstinati.
1827 3168 1908 3179 —-
1935 3134 2080 3196 Haec
2110 3134 2268 3197 Tho-

766 3250 922 3293 mas.
985 3230 1076 3292 Ex
1135 3230 1372 3311 quibus
1429 3230 1644 3293 verbis
1707 3249 1925 3293 rursus
1986 3231 2261 3305 videtur,

766 3330 933 3411 quod
986 3329 1039 3391 si
1081 3328 1287 3409 angeli
1339 3328 1592 3409 reprobi
1640 3329 1768 3391 Deo
1819 3348 2100 3411 unquam
2151 3350 2266 3413 per

763 3427 1077 3489 actualem
1146 3426 1426 3488 caritatis
1489 3426 1896 3489 dilectionem
1962 3429 2263 3491 adhaesis-

765 3533 928 3601 seut,
975 3544 1302 3607 nunquam
1345 3525 1619 3588 fuissent
1660 3524 1740 3587 ab
1783 3544 1859 3588 eo
1900 3526 2125 3589 aversi.

843 3625 1131 3705 Insuper,
1164 3642 1364 3706 quum
1405 3623 1572 3686 dicat
1602 3632 1843 3687 ceteros
1883 3624 2138 3705 angelos
2168 3644 2264 3688 re-

766 3722 998 3806 probos
1047 3722 1450 3803 suggestione
1499 3727 1796 3803 peccasse
1844 3722 2144 3794 Luciferi,
2186 3742 2262 3786 ex

765 3839 893 3903 quo
951 3821 1131 3902 sequi
1180 3820 1433 3883 videtur
1465 3838 1594 3883 ·eos
1654 3820 2038 3903 reparabiles
2097 3840 2259 3897 esse,

762 3920 944 4001 juxta
1010 3918 1177 4001 quod
1249 3918 1509 3999 quidam
1576 3918 1798 3979 dicunt
1863 3918 2259 3994 Sanctorum,

765 4018 956 4081 etiam
1007 4016 1345 4097 Gregorius
1393 4023 1456 4079 et
1505 4016 1881 4089 BernarduS,
1935 4017 2077 4080 ideo
2129 4018 2260 4100 pri-

767 4134 904 4179 mos
943 4123 1236 4198 parentes
1277 4113 1639 4177 liberabiles
1680 4114 1902 4188 fuisse,
1936 4116 2088 4197 quia
2126 4135 2264 4198 per-

765 4313 886 4376 hoc
917 4331 1043 4376 non
1084 4330 1222 4374 esse
1263 4318 1458 4373 totam
1497 4309 1986 4392 reparabilitatis
2021 4312 2263 4374 redem-

764 4412 1130 4493 ptionisque
1174 4428 1452 4472 causam.

846 4511 933 4572 De
965 4510 1064 4571 his
1095 4509 1283 4572 etiam
1319 4506 1542 4571 scribit
1580 4508 1644 4569 B.
1680 4507 1949 4570 Thomas
1982 4508 2046 4569 in
2079 4509 2260 4571 Sum-

767 4627 872 4671 ma
915 4614 1134 4669 contra
1174 4606 1464 4686 gentiles,
1503 4604 1667 4668 libro
1710 4614 1936 4687 quarto
1978 4607 2146 4669 circa
2185 4607 2263 4669 si·

766 4724 934 4769 nem.
969 4706 1060 4768 Ex
1109 4703 1345 4787 quibus
1395 4704 1596 4766 multa
1643 4703 1846 4787 accipi
1891 4714 2132 4787 queunt
2182 4707 2259 4767 ad

763 4805 992 4868 horum
1047 4803 1536 4865 declarationem
1589 4804 1998 4865 accommoda
2052 4822 2065 4865 ε
2118 4824 2261 4885 quae

763 4887 974 4965 tamen
1008 4902 1085 4963 ad
1116 4908 1412 4985 quartum
1445 4900 1912 4964 Sententiarum
1945 4902 2089 4983 plus
2120 4922 2261 4985 per-

763 5002 1006 5079 tinent3
1047 5008 1109 5062 et
1159 4999 1271 5074 ibi,
1315 4998 1366 5061 si
1419 4998 1584 5061 Deus
1633 5000 2038 5074 concesserit,
2081 5001 2263 5063 indu-

765 5106 1007 5163 centur.

844 5197 1091 5279 Scripta
1129 5197 1387 5259 demum
1431 5196 1596 5259 Petri
1640 5197 1718 5258 de
1761 5196 1883 5269 his,
1919 5196 1984 5258 in
2026 5197 2265 5278 praeha-

765 5296 917 5364 bitis
960 5295 1172 5363 verbis
1214 5295 1468 5362 Thomae
1511 5294 1787 5361 totaliter
1831 5296 2253 5375 continentur.

2372 3134 2538 3195 terit.
2593 3134 2711 3197 Sed
2770 3141 2834 3195 et
2892 3133 3162 3196 Thomas
3219 3130 3647 3213 objectionem
3705 3132 3877 3195 hanc

2376 3230 2637 3306 facienS,
2674 3231 2876 3293 nihilo
2918 3229 3132 3292 minus
3171 3229 3407 3291 fatetur
3436 3230 3534 3309 (ut
3573 3230 3737 3292 infra
3775 3230 3877 3293 di-

2374 3329 2581 3410 cetur)
2619 3329 2788 3411 quod
2830 3316 3040 3409 angeli
3085 3344 3213 3409 quo
3254 3335 3435 3389 erant
3477 3327 3717 3390 altioris
3760 3348 3879 3391 na-

2373 3436 2553 3501 turae,
2588 3435 2761 3490 tanto
2788 3426 3228 3489 eminentioris
3258 3425 3409 3488 facti
3440 3434 3588 3488 sunt
3616 3426 3873 3507 gloriae:

2375 3527 2525 3609 quia
2554 3526 2854 3588 videlicet
2884 3531 3014 3587 toto
3053 3532 3280 3587 conatu
3322 3543 3391 3586 se
3422 3532 3878 3588 converterunt

2372 3633 2482 3688 aut
2520 3632 2903 3688 averterunt.
2940 3624 3115 3687 Unde
3154 3630 3218 3687 et
3246 3623 3408 3686 ratio
3446 3623 3555 3685 illa
3595 3624 3874 3687 multum

2371 3723 2627 3787 videtur
2653 3723 2883 3785 fecisse
2923 3723 2997 3785 ad
3040 3721 3532 3784 obstinationem
3574 3722 3876 3804 impoeni-

2371 3821 2765 3903 tentiamque
2796 3819 3051 3883 diaboli.
3076 3820 3336 3902 Propter
3365 3820 3533 3901 quod
3564 3827 3627 3882 et
3655 3819 3877 3883 Alber-

2370 3928 2471 3982 tus
2514 3940 2651 3983 eam
2692 3918 2933 3985 alicubi
2976 3919 3193 3998 tangit.

2451 4018 2567 4091 Qui
2598 4026 2659 4081 et
2690 4017 2796 4079 hic
2830 4024 3255 4079 contestatur:
3283 4016 3633 4080 Obstinatio
3667 4018 3879 4100 dupli·
3932 4048 4247 4099 Summa..

2372 4118 2529 4180 citer
2560 4116 2854 4178 sumitur.
2878 4114 3108 4189 Prim0,
3137 4133 3253 4197 pro
3283 4114 3601 4178 immobili
3630 4116 3869 4179 affectu
3904 4114 4151 4218 ²2⁹⁸*
4194 4132 4249 4173 ‹1-

679 4264 690 4275 .
765 4214 1060 4279 suasione
1109 4220 1534 4295 peccaverunt
1579 4212 1852 4291 diaboli;
1897 4214 2259 4301 respondet,
2290 4213 2341 4275 D
2374 4216 2439 4279 in
2481 4215 2665 4277 malo.
2703 4214 2934 4295 Sicque
2978 4213 3262 4295 procedit
3302 4232 3338 4275 a
3376 4213 3699 4277 voluntate
3736 4214 3873 4276 dia-

2370 4314 2501 4376 boli
2533 4312 2845 4387 indurata,
2879 4330 2997 4373 nec
3036 4310 3265 4374 timore
3305 4329 3639 4394 poenarum
3676 4319 3872 4375 retra-

2370 4412 2567 4485 hitur,
2599 4429 2717 4472 nec
2762 4410 2995 4492 pietate
3038 4409 3344 4483 mollitur,
3384 4409 3565 4490 juxta
3603 4410 3758 4473 illud
3800 4412 3870 4473 in

2368 4510 2484 4574 Job
2520 4528 2533 4572 :
2577 4510 2737 4572 Ecce
2787 4528 2895 4571 cor
2936 4509 3077 4589 ejus
3121 4516 3192 4569 ut
3233 4508 3395 4590 lapis
3440 4508 3867 4583 indurabitur,
3900 4531 4005 4577 ,τοι
4030 4548 4137 4591 ιι...
4164 4545 4241 4583 15-

2370 4617 2433 4671 et
2482 4608 2828 4689 stringetur
2868 4607 3049 4688 quasi
3100 4606 3483 4670 malleatoris
3530 4607 3727 4671 incus.
3762 4608 3874 4671 Se·-

2372 4707 2581 4769 cundo
2610 4706 2884 4767 sumitur
2910 4723 3024 4786 pro
3054 4706 3565 4786 poenavidelicet
3593 4725 3709 4789 pro
3740 4726 3871 4770 non

2372 4823 2558 4887 posse
2588 4804 2794 4866 redire
2822 4804 2897 4865 ad
2942 4802 3180 4866 bonum
3218 4821 3231 4865 :
3266 4805 3436 4886 quod
3466 4812 3561 4867 est
3590 4806 3873 4869 maxima

2372 4921 2577 4985 poena.
2614 4902 2689 4963 Et
2720 4902 2805 4963 ita
2834 4921 2871 4963 a
2900 4902 3027 4963 Deo
3051 4909 3169 4975 est,
3201 4910 3266 4964 et
3295 4902 3544 4965 inflicta
3571 4912 3668 4966 est
3692 4904 3874 4984 justo

2370 5000 2512 5082 ejus
2551 5000 2815 5081 judicio,
2850 5001 3387 5081 quemadmodum
3432 5002 3641 5065 omnis
3681 5021 3875 5085 poena

2372 5118 2487 5181 pro
2537 5106 2798 5181 peccato
2840 5099 3107 5173 inflicta,
3141 5119 3178 5161 a
3220 5100 3329 5162 Dei
3376 5101 3661 5182 procedit
3699 5102 3873 5182 judi-

2370 5198 2489 5261 cio.
2517 5198 2759 5280 Nempe
2786 5197 3215 5276 justissimum
3248 5199 3373 5261 fuit
3402 5200 3571 5282 quod
3601 5202 3870 5281 angelus

2371 5297 2481 5382 qui
2526 5296 2867 5361 deiformis.
2898 5303 3032 5362 erat
3070 5296 3452 5375 intellectus,
3486 5308 3549 5363 et
3591 5298 3751 5365 nihil
3798 5300 3866 5367 in
