4334 6242
1071 523 1215 581 an
1259 524 1352 571 511
1396 524 1623 571 cutum
1664 526 2016 582 Burmann,
2060 526 2134 571 m·
2177 527 2378 583 ommi
2422 528 2514 573 511·
2554 526 2858 573 connium
3398 504 3510 572 151

384 708 483 753 eo
524 693 693 774 quod
734 712 1001 776 corpora
1046 695 1155 757 illa
1196 696 1539 758 maximam
1582 696 1907 758 habebunt
1937 696 1986 758 A
2020 715 2153 769 sua,
2189 696 2353 759 libro
2385 705 2608 779 quarto
2643 715 2656 759 ε
2691 697 2934 777 Angeli‚
2966 696 3287 778 inquienS,
3321 696 3514 759 creati

386 789 807 854 nobilitatem
851 811 867 854 t
910 793 1037 857 imo
1079 802 1142 856 et
1184 802 1327 857 ante
1377 813 1717 877 corporum
1764 814 1907 857 suo·
2018 794 2278 857 fuerunt
2331 795 2395 857 in
2444 796 2604 858 coelo
2653 814 2953 879 empyreo
3000 803 3063 858 et
3111 795 3303 857 simul
3364 813 3511 857 cum

388 908 555 951 rum
611 890 1141 977 glorificationem
1201 894 1654 957 convenienter
1711 895 1904 959 collo·
2019 894 2176 975 ips0.
2214 894 2472 976 Propter
2515 894 2683 976 quod
2726 904 2892 957 astra
2937 893 3516 956 matutina-vocan-

386 996 634 1050 cantur
679 990 744 1052 in
796 991 957 1053 coelo
1010 992 1118 1053 illo
1178 999 1439 1074 propter
1487 994 1712 1055 merita
1770 1014 1901 1056 sua.
2019 999 2141 1063 tur,
2193 1010 2335 1072 quae
2383 1001 2531 1053 sunt
2583 1000 2954 1055 ornamenta
3002 991 3147 1055 coeli
3196 991 3391 1065 illius,
3445 998 3514 1051 ut

390 1087 587 1149 Unde
658 1089 735 1151 de
807 1089 925 1153 1106
995 1090 1157 1153 coelo
1229 1091 1511 1172 loquitur
1572 1092 1906 1155 Damasce-
2018 1090 2254 1151 dicitur
2303 1090 2366 1152 in
2411 1090 2576 1153 libro
2614 1091 2729 1153 Job
2765 1110 2779 1152 :
2813 1091 2929 1154 Ubi
2978 1110 3115 1153 eras
3159 1109 3359 1172 quum
3410 1108 3512 1152 me
3539 1108 3810 1155 Jooxxxvm.

392 1205 533 1247 nus
564 1204 577 1247 :
606 1186 847 1249 Coelum
888 1196 987 1250 est
1024 1190 1418 1252 continentia
1447 1190 1804 1253 visibilium
1844 1199 1905 1253 et
2020 1188 2348 1250 laudarent
2395 1198 2560 1251 astra
2605 1190 2956 1251 matutina?
2988 1190 3052 1251 id
3095 1196 3189 1252 est
3233 1188 3296 1251 in
3343 1188 3514 1270 prin·
3542 1174 3642 1222 ⁴·⁷·

390 1284 833 1348 invisibilium
894 1294 1348 1349 creaturarum.
1404 1289 1564 1350 Hinc
1622 1290 1907 1352 continet
2018 1286 2188 1367 cipio
2217 1287 2523 1369 temporis
2564 1295 2772 1349 creata
2803 1305 2818 1349 2
2854 1288 3150 1368 quoniam
3193 1288 3348 1349 hora
3387 1305 3516 1348 ma-

392 1384 729 1447 Christum
778 1386 1131 1448 secundum
1189 1394 1478 1449 naturam
1540 1387 1905 1462 humanam,
2019 1384 2224 1447 tutina
2271 1393 2367 1447 est
2414 1385 2622 1466 prima
2669 1387 2824 1448 hora
2865 1385 3011 1448 diei.
3047 1386 3133 1447 De
3179 1402 3304 1466 quo
3353 1383 3516 1447 coelo

394 1484 761 1545 secundum
808 1503 1001 1566 quam
1046 1484 1333 1547 Christus
1375 1486 1441 1547 in
1488 1486 1627 1567 ipso
1666 1494 1761 1548 est
1803 1487 1908 1549 de-
2022 1482 2328 1545 cecidisse
2357 1483 2611 1547 Lucifer
2641 1483 3030 1564 perhibetur.
3051 1484 3140 1545 Ex
3170 1501 3296 1564 quo
3323 1490 3512 1565 patet,

398 1580 664 1643 finitive
711 1601 825 1645 seu
875 1583 1446 1666 circumscriptive.
1500 1585 1647 1651 Ideo
1707 1605 1907 1667 quum
2020 1582 2190 1662 quod
2231 1601 2430 1663 quum
2472 1582 2652 1655 dixit,
2686 1583 2754 1644 In
2796 1582 3030 1644 coelum
3070 1581 3512 1657 conscendam,
3561 1598 3809 1652 Iamna.

110 1692 361 1745 &phet-w,
402 1679 699 1742 Christus
745 1681 983 1743 dicitur
1030 1700 1190 1756 esse,
1239 1683 1601 1745 ascendisse
1648 1691 1713 1745 et
1760 1684 1911 1746 resi·
2022 1685 2091 1739 ut
2122 1679 2356 1740 dicitur
2387 1680 2450 1741 in
2483 1680 2662 1753 Isaia,
2695 1680 2928 1743 coelum
2963 1679 3392 1760 metaphorice
3424 1679 3515 1741 in-

94 1760 151 1796 w'
400 1778 563 1841 dere
592 1798 784 1861 super
814 1798 1035 1841 omnes
1067 1780 1277 1853 coelOS,
1298 1779 1782 1861 intelligendum
1813 1790 1910 1844 est
2023 1777 2267 1839 tellexit
2304 1777 2706 1840 altitudinem
2748 1778 3094 1858 majestatis
3129 1777 3380 1850 divinae,
3412 1776 3517 1839 cui

403 1877 585 1958 quod
635 1878 939 1959 dignitate
988 1878 1072 1940 sit
1118 1898 1311 1961 super
1357 1897 1483 1941 eos.
1538 1880 1681 1942 Haee
1728 1879 1910 1943 Alex·
1948 1883 1995 1945 Β
2025 1875 2273 1939 volebat
2319 1877 2574 1957 aequari.
2610 1878 2754 1939 Haec
2797 1877 3143 1939 Udalricus.
3178 1910 3260 1921 -—
3288 1876 3364 1937 Et
3412 1874 3521 1938 illa

404 1976 630 2038 ander.
1768 1964 1775 1971 ’
2026 1974 2338 2037 celsitudo
2368 1994 2479 2037 seu
2520 1976 2894 2038 excellentia
2933 1974 3066 2047 Dei,
3101 1974 3168 2036 in
3208 1981 3520 2056 quantum

106 2088 367 2131 Summun-
496 2074 677 2137 Circa
714 2076 849 2139 haec
898 2076 1121 2138 scribit
1158 2076 1455 2139 Albertus
1500 2095 1514 2139 :
1560 2077 1911 2140 Dicendum
2024 2081 2118 2135 est
2168 2073 2384 2135 omnia
2433 2074 2787 2147 continenS,
2819 2073 3108 2136 ambiens
3157 2079 3220 2134 et
3269 2090 3519 2135 conser-

96 2156 275 2257 12⁹⁸*
306 2166 367 2207 ⁴³·
410 2191 567 2235 cum
600 2174 844 2237 Sanctis
873 2176 1138 2256 (quibus
1178 2175 1255 2237 de
1297 2176 1459 2239 coelo
1488 2194 1789 2259 empyreo
1818 2186 1914 2239 est
2025 2192 2202 2245 vanS,
2239 2179 2497 2233 vocatur
2535 2171 2963 2253 metaphorice
3005 2171 3260 2244 coelum‚
3299 2177 3520 2252 estque

408 2272 827 2346 credendum,
852 2290 929 2335 60
958 2273 1125 2356 (111οᾱ
1159 2273 1282 2355 ipsi
1313 2274 1557 2337 Patrem
1588 2274 1911 2337 coelestem
2026 2269 2260 2331 coelum
2305 2268 2647 2331 Trinitatis

408 2390 549 2453 prae
578 2372 805 2433 cete-ris
836 2373 1311 2453 cognoverunt),
1328 2373 1497 2455 quod
1527 2373 1761 2436 coelum
1792 2392 1918 2435 em·
2105 2368 2372 2447 Insuper
2427 2367 2695 2429 Thomas
2748 2384 2763 2428 t
2813 2367 3054 2430 Coelum
3104 2366 3250 2447 (ait.)
3297 2384 3519 2449 empy-

412 2488 687 2551 pyreum
727 2477 821 2532 est
866 2470 1099 2533 coelum
1140 2490 1536 2552 supremum,
1576 2478 1639 2532 et
1675 2479 1771 2533 est
1810 2491 1915 2534 ve.-
2026 2485 2208 2528 reum
2251 2465 2492 2527 ratione
2535 2465 2900 2545 investigari
2943 2483 3068 2527 non
3112 2463 3298 2526 valet.
3335 2462 3521 2536 Quid-

410 2587 563 2629 rum
603 2586 834 2649 corpus
870 2586 884 2630 :
922 2569 985 2630 in
1025 2585 1153 2649 quo
1190 2568 1397 2649 angeli
1438 2570 1639 2631 sancti
1680 2579 1743 2632 et
1786 2570 1916 2631 ani-
2026 2563 2181 2645 quid
2212 2564 2384 2626 enim
2415 2563 2492 2625 de
2524 2563 2702 2626 coelis
2741 2562 3202 2643 cognoscimuS,
3239 2561 3380 2623 visu
3412 2569 3521 2623 aut

412 2686 539 2729 mae
586 2666 783 2729 beatae
823 2674 992 2739 sunt,
1028 2684 1154 2728 non
1200 2666 1771 2748 circumscriptive,
1804 2669 1915 2730 sed
2028 2669 2201 2723 motu
2235 2661 2474 2723 scimus
2509 2680 2521 2724 :
2552 2660 2788 2724 coelum
2818 2679 2967 2724 vero
2997 2678 3371 2743 empyreum
3403 2677 3520 2721 1166

100 2787 197 2831 Luc.
226 2804 269 2832 x.
298 2794 367 2832 15.
410 2764 769 2828 definitive.
815 2765 901 2826 De
945 2782 1072 2846 quo
1116 2764 1278 2827 coelo
1318 2765 1406 2826 ait
1449 2765 1778 2827 Salvator:
1813 2767 1915 2828 Vi-
2025 2760 2191 2823 visui
2239 2780 2356 2822 1166
2400 2760 2599 2822 motui
2645 2759 2954 2840 subjacet,
2987 2760 3097 2823 sed
3146 2778 3261 2841 per
3307 2766 3520 2820 aucto-

410 2863 647 2927 debam
686 2864 979 2925 Satanam
1024 2863 1191 2924 sicut
1234 2862 1450 2943 fulgur
1492 2864 1570 2925 de
1612 2864 1773 2927 coelo
1816 2882 1915 2925 66-
2026 2860 2278 2922 ritatem
2310 2866 2406 2921 est
2435 2858 2746 2919 habitum.
2772 2858 2931 2921 Hinc
2962 2857 3388 2920 intellectuale
3418 2875 3522 2919 vo-

410 2963 693 3025 dentem.
732 2961 907 3034 Quod
955 2969 1217 3024 vocatur
1266 2980 1663 3043 empyreum,
1708 2962 1772 3023 id
1820 2971 1917 3025 est
2026 2966 2225 3032 catur,
2263 2958 2412 3040 quia
2445 2975 2569 3020 non
2603 2958 2743 3019 visu
2784 2957 2895 3019 sed
2926 2956 3252 3019 intellectu
3293 2974 3521 3037 cogno-

408 3062 697 3143 igneum,
730 3078 857 3121 non
888 3079 926 3121 a
954 3060 1183 3134 calore,
1218 3061 1327 3121 sed
1360 3059 1663 3122 claritatis
1706 3060 1915 3142 splen·
1948 3062 1995 3131 C
2026 3057 2246 3131 scitur,
2299 3074 2426 3117 non
2475 3055 2646 3136 quod
2695 3055 2762 3117 in
2815 3074 2881 3116 se
2931 3072 3057 3117 non
3111 3055 3194 3116 sit
3241 3054 3515 3117 visibile.

406 3161 584 3223 dore.
638 3159 813 3232 Quod
874 3158 1135 3232 factum,
1189 3178 1335 3221 mox
1384 3159 1619 3221 sanctis
1673 3158 1915 3239 angelis
2025 3194 2107 3202 —
2155 3156 2263 3217 Est
2306 3162 2519 3216 autem
2570 3154 2888 3236 praecipue
2943 3152 3248 3214 lucidum.
3303 3153 3520 3215 Omnis

132 3278 341 3326 omni.
408 3266 511 3321 est
542 3258 875 3339 repletum.
912 3258 999 3320 De
1031 3275 1157 3338 quo
1188 3276 1381 3338 supra
1420 3255 1600 3330 illud,
1634 3258 1703 3318 In
1743 3258 1915 3339 prin·
2028 3272 2302 3336 namque
2335 3273 2435 3315 res
2465 3252 2925 3315 determinatur
2952 3270 2988 3312 a
3029 3250 3182 3325 fine,
3217 3250 3518 3332 quoniam

412 3356 588 3438 cipio
618 3355 856 3417 creavit
887 3356 1053 3418 Deus
1083 3356 1317 3419 coelum
1349 3362 1412 3417 et
1444 3362 1699 3429 terram,
1722 3356 1917 3436 loqui·
2028 3354 2380 3416 secundum
2421 3350 2802 3431 exigentiam
2843 3348 2995 3411 finis
3034 3356 3280 3431 oportet
3317 3348 3518 3430 ipsam

412 3462 520 3516 tur
551 3453 811 3516 Strabus
849 3471 862 3514 :
899 3453 1144 3516 Coelum
1186 3453 1465 3535 appellat
1503 3472 1629 3515 non
1659 3454 1915 3516 visibile
2028 3448 2302 3531 disponi.
2338 3450 2671 3529 Quumque
2721 3448 2954 3510 coelum
3005 3465 3378 3529 empyreum
3427 3463 3522 3509 or-

412 3553 923 3625 firmamentum,
967 3552 1077 3614 sed
1120 3570 1516 3634 empyreum.
1553 3587 1633 3596 —
1672 3552 1916 3614 Dicitur
2026 3548 2283 3610 dinetur
2321 3548 2398 3609 ad
2439 3553 2671 3609 statum
2711 3547 3044 3608 Beatorum
3087 3553 3149 3607 et
3183 3562 3520 3627 corporum

408 3658 629 3714 autem
679 3650 799 3712 hoc
852 3650 1086 3713 coelum
1136 3650 1377 3731 angelis
1424 3650 1661 3712 sanctis
1716 3651 1915 3732 reple·
2026 3644 2552 3725 glorificatorum,
2606 3643 2840 3725 quibus
2898 3643 3194 3705 convenit
3247 3642 3524 3704 maxima

412 3758 578 3822 tum,
626 3766 755 3810 non
804 3748 1115 3830 corporali
1167 3748 1537 3829 repletione,
1584 3767 1700 3810 nec
1750 3748 1917 3810 sicut
2029 3744 2430 3825 participatio
2476 3742 2635 3804 lucis
2679 3741 2931 3814 divinae,
2968 3741 3199 3823 quietis
3247 3748 3518 3814 asten-nm,

410 3847 631 3909 anima
696 3845 893 3927 replet
959 3863 1211 3926 corpuS,
1274 3845 1385 3906 sed
1447 3846 1919 3927 proportionata
2026 3850 2088 3904 et
2138 3840 2506 3903 aeternitatis
2565 3855 2919 3920 supremae3
2971 3838 3112 3900 ideo
3159 3838 3341 3899 decet
3399 3856 3520 3899 coe-

414 3944 817 4008 decoratione
846 3945 924 4006 ad
958 3943 1319 4005 mansiones
1358 3944 1597 4025 patriae,
1634 3964 1774 4025 quae
1804 3963 1918 4025 per
2029 3940 2161 4001 lum
2221 3957 2594 4021 empyreum
2654 3936 2982 4018 potissime
3045 3937 3350 4009 lucidum,
3404 3936 3520 3997 im-

414 4043 797 4126 sapientiam
856 4042 967 4103 Dei
1018 4041 1084 4103 in
1134 4041 1273 4123 ipso
1327 4050 1550 4104 creata)
1610 4049 1779 4115 sunt,
1832 4042 1919 4104 ita
2029 4038 2266 4101 mobile
2297 4045 2359 4099 et
2401 4034 2883 4115 incorruptibile
2918 4054 3074 4096 esse.
3113 4035 3188 4095 Et
3217 4034 3519 4115 quoniam

417 4142 588 4224 quod
620 4140 797 4203 nulla
826 4160 1045 4203 earum
1078 4148 1172 4202 est
1203 4158 1423 4213 vacua,
1457 4140 1566 4201 sed
1597 4140 1820 4220 angelo
1852 4140 1915 4202 in
2026 4136 2353 4199 beatitudo
2398 4134 2506 4196 illa
2549 4132 3047 4214 supernaturalis
3096 4132 3522 4213 investigatio-

418 4240 812 4302 beatitudine
858 4238 982 4300 sibi
1026 4238 1501 4319 proportionato
1544 4237 1912 4300 inhabitata.
1948 4245 1997 4306 D
2028 4254 2176 4297 nem
2207 4233 2456 4297 excedit
2485 4232 2849 4303 humanam,
2873 4230 3064 4292 etiam
3097 4230 3330 4293 coelum
3361 4229 3521 4294 illud

417 4338 559 4401 Haec
602 4335 901 4399 Albertus
946 4336 1011 4397 in
1056 4337 1335 4399 Summa.
2028 4350 2402 4415 empyreum
2453 4329 2700 4392 excedit
2747 4347 2909 4402 eam,
2955 4328 3263 4411 latuitque
3311 4328 3520 4412 philo-

496 4436 686 4497 Porro
736 4435 901 4497 libro
950 4435 1027 4495 de
1070 4435 1147 4496 IV
1192 4434 1595 4515 CoaequaeviS,
1635 4433 1919 4496 affirmat
2028 4431 2280 4512 50111105.

420 4536 586 4616 (111οᾱ
637 4533 873 4597 coelum
923 4552 1299 4615 empyreum
1355 4532 1437 4595 sit
1493 4534 1657 4595 inter
1704 4534 1919 4595 omnia
2107 4531 2342 4591 Verum
2399 4528 2501 4589 his
2560 4526 2755 4607 objici
2814 4534 3042 4607 potest,
3101 4527 3250 4608 quia
3309 4534 3379 4588 ut
3435 4527 3524 4588 ait

422 4650 685 4715 corpora
710 4631 1035 4713 simplicia
1064 4630 1539 4694 nobilissimum
1570 4650 1822 4713 corpus,
1856 4640 1920 4694 et
2028 4629 2372 4700 Avicenna,
2407 4645 2596 4688 causa
2626 4625 2969 4687 luciditatis
2999 4634 3092 4688 est
3123 4624 3524 4707 congregatio

428 4731 697 4793 maxime
747 4728 1089 4802 uniforme,
1130 4747 1254 4791 11011
1304 4730 1546 4792 habens
1596 4730 1921 4792 diversita-
2034 4728 2308 4810 partium
2364 4724 2684 4807 diaphani,
2740 4731 2806 4784 ut
2861 4730 3032 4804 patet
3083 4723 3149 4785 in
3205 4723 3518 4805 crystallo.

426 4835 550 4891 tem
589 4828 831 4891 dexteri
876 4834 940 4891 et
978 4827 1262 4905 sinistri3
1303 4835 1365 4889 et
1403 4828 1643 4908 angelis
1683 4829 1918 4890 sanctis
2030 4827 2202 4889 Idem
2253 4824 2477 4887 asserit
2519 4823 2987 4885 Commentator
3031 4820 3196 4883 libro
3240 4821 3316 4883 de
3364 4822 3523 4883 Sub-

428 4927 735 5008 repletum
779 4932 898 4998 est,
934 4942 1061 4987 non
1103 4924 1270 4987 sicut
1311 4925 1488 4987 locus
1533 4926 1773 4999 locatis,
1809 4927 1919 4988 sed
2030 4924 2262 4986 stantia
2321 4921 2512 4983 orbis.
2578 4920 2820 4984 Coelum
2878 4927 3090 4982 autem
3149 4938 3522 5002 empyreum

432 5044 541 5105 per
579 5024 1056 5086 distinctionem
1101 5022 1600 5084 hierarchiarum
1644 5031 1707 5085 et
1746 5042 1919 5085 man·
2031 5020 2524 5084 subtilissimum
2584 5017 3264 5099 simplicissimumque
3322 5018 3526 5081 consi-

434 5122 700 5197 sionum‚
734 5128 799 5183 et
838 5120 1127 5183 ordinem
1162 5127 1225 5183 et
1265 5120 1741 5183 multitudinem
1772 5140 1920 5183 con·
2034 5122 2143 5185 stit
2187 5138 2201 5181 :
2244 5138 2372 5181 non
2420 5136 2568 5198 ergo
2616 5125 2712 5178 est
2759 5116 3063 5177 lucidum.
3111 5117 3246 5178 Imo
3293 5116 3348 5179 si
3398 5124 3526 5178 tam

436 5220 777 5282 decentem.
826 5219 972 5282 Haec
1016 5218 1127 5280 ibi.
1268 5228 1273 5233 “
2037 5219 2323 5281 11161(111111
2365 5223 2550 5288 65561,
2589 5213 2786 5293 magis
2831 5220 3118 5276 causaret
3147 5213 3330 5275 nobis
3364 5213 3528 5294 jugi-

516 5317 749 5390 Quibus
798 5317 1140 5381 concordat
1182 5316 1507 5379 Udalricus
1552 5316 1618 5379 in
1667 5317 1928 5381 Summa
2043 5326 2135 5380 ter
2185 5316 2352 5379 diem
2409 5332 2599 5395 quam
2649 5312 2739 5373 sol
2789 5330 2982 5393 super
3028 5318 3314 5373 nostrum
3368 5311 3528 5373 exsi-
