4334 6242
843 463 920 528 10
1428 543 1443 557 ,
1605 491 1881 537 ami-ou:
1923 490 2390 537 nis-rme‘rmmm
2430 492 2588 538 unm
2634 492 2676 537 11
2720 492 3183 539 saiwi-:Nummi

841 659 1055 727 postea,
1089 661 1410 717 seeundum
1451 663 1746 728 eumdem,
1778 665 2140 734 acceperunt.
2173 661 2336 717 Unde
2365 659 2416 722 A

840 761 947 801 nec
987 747 1284 805 daemones
1322 749 1596 806 cecidisse
1637 751 1929 814 dicuntur,
1971 750 2109 823 quia
2147 750 2208 804 in
2251 768 2338 806 or-

841 834 1077 892 dinibus
1104 835 1334 903 fuerint,
1365 841 1467 895 sed
1498 839 1636 911 quia
1666 843 1863 911 postea
1895 839 2156 906 fuissent,
2191 843 2334 896 dum

839 925 1242 996 perstitissent.
1287 930 1482 1001 Neque
1523 946 1657 986 vero
1701 947 1906 987 omnes
1945 931 2207 1002 ejusdem
2249 947 2338 985 or-

841 1014 995 1070 dinis
1025 1017 1216 1088 angeli
1247 1021 1383 1074 sunt
1411 1020 1679 1091 aequales,
1711 1022 1812 1076 sed
1851 1019 2002 1076 sicut
2039 1019 2098 1076 in
2129 1021 2335 1076 ordine

839 1105 1244 1175 Apostolorum
1277 1110 1379 1163 aut
1405 1112 1750 1181 martyrum,
1779 1109 1928 1166 alius
1959 1109 2073 1164 alio
2103 1109 2338 1182 dignior

837 1198 940 1250 est.
973 1195 1060 1251 Ad
1101 1196 1208 1252 hos
1244 1201 1438 1253 autem
1479 1199 1821 1271 angelorum
1864 1199 2117 1261 ordines,
2149 1198 2337 1255 homi-

839 1298 940 1338 nes
968 1284 1227 1341 salvandi
1257 1291 1646 1352 assumentur,
1679 1291 1736 1343 ct
1765 1305 1866 1359 per
1898 1289 2006 1344 hoc
2037 1289 2330 1344 decimum

839 1372 1115 1429 (licuntur
1153 1375 1375 1432 efficere
1417 1375 1680 1432 chorum.
1723 1379 2111 1433 Salvabuntur
2154 1377 2331 1433 etiam

837 1464 921 1517 tot
947 1479 1017 1518 ex
1050 1463 1404 1529 hominibuS,
1436 1469 1759 1522 seeundum
1800 1466 2160 1538 Gregorium,
2195 1471 2337 1538 quot

838 1568 908 1606 ex
947 1552 1168 1622 angelis
1208 1554 1598 1624 perstiterunt.
1632 1557 1796 1620 Quod
1838 1572 1943 1611 nec
1974 1555 2335 1627 Augustinus

838 1641 1060 1704 abnuit,
1111 1642 1243 1698 licet
1287 1645 1362 1699 ad
1411 1645 1608 1700 minus
1659 1647 1742 1701 tot
1787 1649 1935 1716 quot
1975 1646 2329 1709 ceciderunt,

837 1731 1144 1787 salvandos
1184 1736 1361 1804 putet.

839 1857 1178 1906 consecrata
1206 1857 1393 1908 choris
1423 1858 1546 1908 coeli
1581 1859 1720 1908 nitet
1749 1859 1882 1910 aula
1913 1859 2144 1910 novenis

900 1927 1228 1992 spirituum,
1261 1944 1484 1982 summo
1515 1931 1608 1995 qui
1641 1931 1988 1982 famulantur
2015 1931 2168 1982 hero.

1313 2210 1737 2273 DISTINCTIO
1781 2212 1851 2273 X.

959 2381 1088 2443 Hoc
1129 2380 1322 2443 etiam
1369 2380 1876 2462 investigandum
1925 2389 2040 2454 est,
2085 2390 2203 2443 etc.

967 2622 1008 2676 E
1047 2623 1388 2695 angelorum
1433 2622 1709 2678 missione
1749 2625 1806 2678 et
1842 2622 2183 2679 adsistentia
2214 2625 2333 2696 opi-

995 2710 1200 2767 niones
1243 2716 1397 2767 sunt.
1434 2712 1578 2766 Nam
1621 2711 1860 2783 quidam
1902 2711 2127 2784 aliquos
2176 2714 2329 2768 mitti

835 2803 1058 2874 putant,
1097 2801 1242 2857 alios
1276 2817 1412 2858 vero
1452 2817 1775 2873 nunquam,
1817 2803 1918 2856 sed
1955 2819 2188 2873 semper
2229 2805 2329 2858 ad-

831 2889 1052 2952 sistere,
1093 2889 1264 2962 juxta
1311 2890 1562 2946 Danielis
1609 2893 1666 2946 et
1713 2889 1968 2962 Dionysii
2019 2891 2329 2946 auctorita-

2912 683 3335 747 DISTINCTIO
3377 684 3473 746 Xl.

2585 819 2747 880 Illud
2801 836 3057 900 quoque
3108 817 3440 880 sciendum
3492 825 3608 892 est,
3665 825 3783 881 etc.

2608 1023 3015 1080 ΝΑΤΝΙΤΑΤΕ
3060 1040 3168 1080 sua
3213 1023 3401 1096 quivis
3447 1025 3623 1079 homo
3660 1025 3937 1097 angelum

2607 1113 2781 1168 habet
2818 1114 3036 1170 bonum
3084 1131 3185 1185 pro
3228 1114 3314 1170 sui
3359 1113 3638 1178 custodia,
3670 1114 3844 1171 habet
3884 1116 3940 1168 et

2447 1202 2670 1258 malum
2712 1219 2815 1274 pro
2853 1203 3147 1258 exercitio.
3178 1205 3245 1259 Et
3282 1220 3463 1275 quum
3504 1219 3711 1260 omnes
3747 1203 3939 1275 angeli

2446 1292 2583 1348 boni
2632 1295 2891 1347 nostram
2940 1292 3119 1349 velint
3163 1292 3431 1358 salutem,
3480 1292 3809 1364 specialiter
3852 1297 3937 1348 ta-

2446 1396 2580 1436 men
2613 1380 2707 1436 ille
2747 1379 2845 1452 qui
2886 1381 3059 1437 alicui
3096 1383 3404 1453 deputatus
3442 1384 3566 1437 est:
3598 1382 3683 1439 sic
3720 1385 3777 1437 et
3812 1398 3940 1452 spe-

2446 1471 2669 1527 cialiter
2698 1472 2888 1526 malus
2927 1471 3021 1528 ille
3062 1472 3191 1544 plus
3228 1472 3358 1526 aliis
3396 1473 3671 1528 eumdem
3709 1473 3783 1527 ad
3814 1489 3938 1526 ma-

2446 1561 2565 1616 lum
2626 1561 2843 1616 incitat.
2894 1561 3191 1632 Quidquid
3238 1564 3431 1617 autem
3481 1560 3556 1616 sit
3602 1562 3674 1617 de
3726 1561 3937 1633 majori

2447 1667 2691 1706 numero
2742 1651 3084 1722 angelorum
3129 1650 3215 1706 vel
3276 1651 3589 1706 hominum
3647 1651 3932 1707 bonorum

2444 1739 2562 1796 sive
2600 1741 2911 1804 malorum,
2941 1744 3139 1796 tamen
3178 1740 3394 1812 singuli
3438 1739 3705 1796 homines
3742 1743 3937 1797 actua-

2368 1819 2415 1881 B
2443 1827 2578 1884 liter
2614 1829 2971 1893 exsistentes,
3002 1829 3265 1900 singulos
3304 1830 3517 1886 habere
3556 1832 3799 1900 possunt
3834 1846 3937 1885 an-

2445 1919 2601 1990 gelos
2639 1935 2743 1991 pro
2780 1919 2869 1974 sui
2909 1918 3184 1975 exercitio
3210 1917 3297 1974 vel
3339 1919 3639 1974 custodiat
3670 1917 3935 1990 quamvis

2440 2011 2498 2064 et
2536 2007 2799 2080 pluribus
2838 2007 3176 2064 hominibus
3217 2024 3371 2064 unus
3410 2007 3675 2080 deputari
3724 2012 3931 2080 posset,

2440 2102 2498 2154 et
2525 2097 2607 2152 eis
2636 2095 2917 2162 sufficere,
2949 2101 3006 2153 et
3033 2113 3219 2154 unum
3250 2097 3524 2170 angelum
3562 2096 3833 2168 possibile
3860 2097 3936 2152 sit

2443 2187 2637 2258 plures
2682 2186 2949 2242 homines
2992 2175 3312 2243 successive
3355 2187 3663 2243 custodire.
3707 2187 3937 2242 Profici-

2440 2281 2548 2333 unt
2584 2280 2779 2332 autem
2820 2277 3144 2332 secundum
3186 2277 3471 2347 quosdam
3510 2276 3689 2348 (quod
3730 2279 3786 2332 et
3820 2276 3934 2332 Ma·

2443 2365 2621 2437 gister
2667 2365 2855 2437 magis
2901 2365 3223 2436 approbat),
3259 2380 3465 2420 omnes
3512 2364 3701 2436 angeli
3753 2382 3933 2437 usque

2440 2457 2515 2510 ad
2548 2454 2702 2510 diem
2735 2453 2964 2526 Judicii,
2997 2458 3116 2509 tam
3152 2453 3207 2508 in
3250 2453 3459 2509 merito
3486 2470 3663 2524 quam
3704 2453 3763 2509 in
3796 2470 3935 2525 prae-

2442 2544 2579 2607 mio,
2622 2543 2729 2599 boc
2776 2547 2862 2599 est
2900 2544 2957 2598 in
3000 2542 3098 2599 Dei
3138 2542 3467 2615 cognitione
3506 2546 3564 2598 et
3606 2542 3931 2600 dilectione.

2442 2633 2552 2688 Alii
2582 2637 2776 2689 autem
2810 2632 3140 2704 oppositum
3174 2632 3366 2688 dicere
3393 2632 3611 2696 volunt,
3643 2634 3799 2704 quod
3830 2633 3935 2689 sei-

2440 2722 2573 2778 licet
2602 2724 2793 2794 quoad
2825 2721 3131 2793 praemium
3167 2737 3280 2776 non
3312 2720 3633 2792 proficiant,
3656 2721 3933 2777 habentes

2442 2829 2545 2882 pro
2589 2827 2651 2866 se
2696 2811 3067 2867 auctoritates
3114 2809 3373 2882 Gregorii
3418 2813 3475 2866 et
3521 2809 3742 2870 Isidori.
3788 2827 3933 2881 quas

2440 2904 2636 2957 tamen
2677 2899 2946 2972 Magister
2982 2899 3166 2955 solvit.
3199 2900 3309 2955 Sed
3348 2898 3633 2956 solutione
3671 2898 3773 2955 illa
3814 2915 3930 2954 non

833 2983 936 3035 tes.
969 2977 1078 3033 Alii
1107 2989 1241 3034 vero
1281 2994 1485 3034 omnes
1525 2978 1678 3033 mitti
1719 2978 1938 3040 dicunt,
1969 2996 2035 3035 eo
2067 2982 2223 3050 quod
2252 2983 2328 3036 ad
2364 2980 2407 3043 C
2440 2991 2722 3053 obstante,
2774 2989 2929 3060 quod
2978 2988 3035 3042 in
3086 2987 3327 3060 praemio
3377 2988 3584 3044 saltem
3640 2988 3930 3044 essentiali

834 3066 1044 3123 isaiam
1093 3069 1163 3123 de
1206 3066 1514 3137 Seraphim
1553 3067 1674 3138 (qui
1715 3084 2024 3138 supremus
2064 3071 2207 3124 ordo
2248 3068 2332 3124 di-

831 3155 1004 3227 citur)
1033 3155 1243 3228 aliquis
1273 3156 1487 3212 missus
1517 3155 1758 3228 legatur.
1791 3159 1846 3212 et
1875 3157 2181 3228 Apostolus
2208 3175 2331 3212 om-

833 3261 936 3302 nes
982 3262 1080 3301 eos
1126 3244 1654 3301 administratorios
1705 3245 1941 3316 spiritus
1989 3263 2112 3302 esse
2169 3264 2328 3303 com-

833 3336 1140 3392 memorat.
1169 3337 1240 3391 At
1287 3335 1378 3390 his
1427 3335 1783 3391 contrarium
1834 3338 1938 3399 est,
1971 3339 2126 3407 quod
2175 3353 2328 3393 unus
2376 3347 2383 3355 ‘

831 3427 1058 3478 tantum
1091 3426 1233 3480 ordo
1255 3424 1629 3497 Angelorum,
1655 3423 1714 3480 id
1743 3427 1829 3480 est
1857 3426 2219 3490 nuntiorum,
2248 3427 2330 3483 di-

831 3514 1000 3571 citur.
1038 3517 1124 3571 Ad
1162 3517 1319 3587 quod
1356 3518 1553 3570 tamen
1595 3515 1812 3576 dicunt.
1847 3532 2051 3572 omnes
2090 3532 2187 3571 eos
2230 3533 2331 3571 an-

835 3605 991 3676 gelos
1029 3605 1144 3663 dici
1183 3606 1418 3677 quando
1457 3605 1788 3662 mittuntur.
1822 3606 1968 3660 Nam
2013 3607 2086 3661 ab
2125 3604 2329 3660 officiis

832 3695 1024 3767 angeli
1066 3699 1124 3751 et
1162 3696 1456 3750 daemones
1501 3693 1744 3750 nomina
1780 3694 2121 3756 sortiuntur,
2155 3697 2221 3751 ut
2258 3697 2327 3750 de

829 3785 1067 3841 Michael
1104 3786 1162 3840 et
1190 3782 1418 3838 Gabriel
1455 3799 1523 3838 ac
1559 3782 1850 3839 similibus
1889 3786 2044 3855 patet
2075 3800 2088 3839 ε
2120 3783 2329 3839 simili-

829 3879 918 3929 ter
959 3876 1015 3930 et
1052 3875 1123 3929 de
1163 3875 1500 3930 daemonum
1542 3872 1898 3934 nominibus.
1932 3873 2128 3944 qualia
2169 3876 2324 3936 sunt,

831 3963 1116 4027 diaboluS,
1165 3965 1359 4025 Satan,
1412 3961 1606 4024 Belial,
1658 3965 1712 4017 et
1769 3959 2004 4016 similia.
2055 3963 2216 4017 Unde
2265 3961 2327 4016 hi

829 4051 1201 4108 auctoritates
1239 4052 1492 4108 Danielis
1529 4055 1586 4108 et
1624 4051 1883 4122 Dionysii
1920 4067 2207 4122 exponere
2246 4050 2329 4105 ni-

2440 3078 2745 3149 proiiciant
2782 3077 2993 3150 angeli,
3038 3094 3150 3133 non
3193 3081 3440 3134 tenetur.

2440 3195 2574 3244 Mox
2624 3207 2878 3258 puerum,
2920 3199 3219 3258 postquam
3270 3191 3482 3257 liquido
3524 3196 3698 3257 caput
3746 3192 3931 3243 intulit.

2502 3266 2777 3316 Custodes
2800 3266 3072 3316 subeunt:
3094 3265 3184 3315 hic
3206 3265 3403 3326 bonus,
3425 3265 3513 3314 ille
3536 3263 3735 3316 malus.
3772 3264 3928 3330 {or-bi,

2887 3490 2962 3551 DI
2968 3488 3311 3552 STINCTIO
3355 3491 3479 3552 XII.

2647 3623 2789 3686 Haec
2833 3623 2909 3684 de
2952 3623 3252 3704 angelicae
3295 3611 3715 3698 naturae,'etc.

2554 3866 3022 3921 LEMENTORUM
3066 3864 3374 3921 materiam
3419 3867 3569 3923 Deus
3614 3865 3672 3920 in
3719 3864 3933 3937 princi-

2582 3954 2676 4027 pio
2714 3971 2847 4010 cum
2888 3955 3153 4026 angelica
3195 3957 3405 4010 natura
3443 3953 3717 4026 produxit
3754 3955 3933 4011 infor·

2440 4061 2596 4101 mem
2654 4047 2712 4106 et
2764 4043 3065 4100 confusam
3124 4061 3223 4100 seu
3278 4043 3699 4106 indistinctam,
3750 4062 3929 4116 quam

829 4145 1049 4198 tuntur.
1099 4143 1210 4197 Sed
1265 4146 1428 4197 extra
1483 4145 1728 4199 textum.
1787 4143 2112 4196 notandum
2169 4143 2325 4212 quod
2357 4137 2635 4206 Dpostea
2688 4151 2785 4189 Sex
2837 4133 3040 4190 diebus
3096 4133 3363 4189 distinxit
3413 4135 3585 4204 atque
3640 4132 3930 4198 formavit,

831 4232 1104 4288 neoterici
1144 4231 1398 4302 primam
1439 4231 1834 4287 communiter
1869 4230 2168 4286 affirmant
2210 4229 2329 4301 opi·

830 4321 1086 4376 nionem.
1120 4321 1280 4375 Unde
1309 4324 1366 4375 et
1391 4319 1661 4391 Magister
1687 4319 1831 4376 alios
1871 4335 1994 4374 esse
2035 4317 2191 4382 dicit,
2224 4319 2325 4390 qui

830 4425 1034 4464 omnes
1083 4410 1292 4480 praeter
1330 4406 1550 4479 primos
1596 4410 1712 4462 tres
1759 4405 1994 4462 ordines
2037 4406 2189 4460 mitti
2240 4405 2325 4461 di-

831 4501 987 4555 cunt.
1016 4499 1085 4553 Et
1120 4496 1178 4552 hi
1223 4495 1526 4568 Seraphim
1570 4498 1644 4552 ad
1686 4496 1892 4552 isaiam
1938 4497 2205 4560 missum,
2245 4495 2328 4551 di-

830 4591 970 4645 cunt
1017 4604 1133 4644 non
1181 4588 1251 4642 de
1295 4585 1500 4642 ordine
1546 4603 1820 4656 supremo
1869 4584 2061 4651 fuisse,
2095 4588 2197 4642 sed
2244 4586 2326 4642 sic

831 4677 1050 4734 dictum
1095 4678 1328 4749 propter
1361 4674 1772 4730 inflammandi
1811 4673 2088 4731 officium.
2123 4675 2325 4748 Angeli

828 4771 1024 4822 autem
1071 4769 1130 4822 et
1174 4763 1656 4821 administratorii
1707 4763 1944 4835 spiritus
1992 4780 2198 4819 omnes
2245 4764 2329 4820 di-

830 4860 1059 4916 cuntur,
1091 4855 1230 4927 quia
1273 4853 1601 4925 superiores
1645 4852 1872 4916 mediis,
1906 4858 1959 4908 ct
2004 4853 2060 4908 hi
2107 4853 2326 4909 infimis

831 4943 1178 5000 denuntiant
1224 4944 1380 5014 quod
1428 4944 1502 4998 ad
1554 4941 1824 4997 homines
1870 4941 2179 5014 perferant.
2226 4943 2326 4998 Vel

830 5050 932 5105 per
960 5033 1016 5104 ly
1045 5048 1266 5094 omnes,
1293 5047 1408 5086 non
1441 5030 1550 5086 nisi
1590 5047 1690 5086 eos
1719 5030 1816 5102 qui
1850 5033 1922 5088 de
1956 5029 2327 5088 inferioribus

829 5125 984 5187 sunt,
1029 5120 1393 5193 intelligitur.

830 5228 1081 5292 Angelus
1113 5229 1182 5279 ad
1215 5231 1440 5278 nostras
1471 5229 1692 5292 quot-ies
1724 5228 2003 5278 delabitur
2032 5243 2183 5290 oraS,

894 5300 1091 5353 Officio
1127 5300 1414 5366 proprium
1446 5315 1648 5352 nomen
1679 5300 1882 5351 habere
1914 5300 2075 5352 solet.

2437 4225 2761 4279 secundum
2808 4224 3091 4294 quosdam
3132 4224 3511 4287 Sanctorum;
3558 4221 3691 4278 licet
3726 4239 3932 4279 secun-

2437 4315 2581 4369 dum
2634 4312 2797 4375 alios,
2849 4311 2947 4366 illa
2995 4309 3239 4368 materia
3286 4310 3464 4367 simul
3518 4314 3709 4368 creata
3756 4297 3832 4366 sit
3877 4315 3935 4368 et

2437 4401 2729 4458 distincta.
2762 4404 2832 4456 At
2874 4401 3132 4472 primum
3182 4399 3373 4473 magis
3416 4416 3738 4456 consonum
3778 4401 3933 4458 vide—

2436 4495 2535 4546 tur
2576 4489 2782 4546 litterae
2827 4505 3007 4544 sacrae
3047 4491 3249 4560 :quod
3300 4492 3357 4545 et
3404 4489 3675 4560 Magistro
3722 4490 3929 4560 placet.

2436 4581 2535 4634 Est
2570 4582 2765 4635 autem
2808 4577 3051 4634 materia
3092 4577 3193 4633 illa
3236 4577 3435 4633 multis
3475 4581 3533 4633 et
3570 4577 3796 4634 usitatis
3836 4595 3934 4634 no·

2440 4667 2697 4723 minibus
2754 4666 3060 4738 appellata,
3110 4665 3347 4730 scilicet,
3396 4669 3583 4730 terrae,
3632 4667 3820 4738 abyssi
3876 4671 3934 4722 et

2436 4772 2620 4828 aquae,
2654 4772 2724 4812 ne
2754 4756 2929 4812 unius
2956 4759 3185 4811 tantum
3218 4753 3421 4810 sormae
3454 4754 3739 4826 receptiva
3768 4759 3933 4827 puta-

2438 4849 2613 4908 retur,
2650 4849 2706 4902 et
2744 4848 2809 4902 ut
2835 4847 3012 4901 rudes
3048 4844 3283 4916 (quibus
3316 4845 3661 4916 loquebatur
3690 4845 3933 4917 Moyses)

2438 4933 2667 4990 facilius
2708 4937 3070 4990 docerentur.
3108 4934 3379 4989 Tenebrae
3417 4937 3614 4989 autem
3649 4933 3765 4990 illae
3800 4951 3933 5006 quae

2437 5040 2611 5093 super
2640 5021 2845 5080 faciem
2875 5022 3065 5096 abyssi
3098 5021 3272 5078 fuisse
3312 5021 3603 5086 dicuntur,
3628 5022 3755 5095 Jam
3786 5022 3932 5079 lucis

2438 5111 2772 5185 significant
2800 5111 3143 5175 absentiam,
3176 5115 3233 5166 et
3266 5111 3413 5166 nihil
3449 5115 3617 5178 sunt;
3640 5111 3769 5184 jam
3798 5129 3931 5168 vero

2438 5217 2633 5258 aerem
2672 5203 3008 5262 obscurum,
3042 5202 3098 5257 et
3135 5203 3275 5256 tunc
3312 5203 3450 5256 sunt
3481 5200 3677 5273 aliqua
3714 5204 3937 5258 creatu-

2440 5307 2523 5346 ra.
2572 5291 2689 5348 Nec
2741 5294 2939 5347 tamen
2989 5288 3207 5346 dictam
3256 5289 3566 5347 materiam
3619 5289 3930 5348 informem
