4334 6242
593 1374 628 1420 ll
647 1375 752 1421 Cor.
772 1389 831 1428 vt,

569 1444 634 1483 ¹5.

563 2270 598 2315 ll
615 2270 769 2316 Theca.
783 2285 824 2323 ιι,

561 2863 724 2969 ¹Attum.
737 2875 824 2915 xm,

598 3156 718 3201 laid.
738 3170 824 3209 xvi,

562 3226 628 3266 tt.

581 3354 732 3399 Exod.
749 3368 822 3404 vn,

559 3422 625 3468 tt,
647 3421 715 3471 223
737 3430 824 3467 vm,

856 484 978 553 420

1526 506 1590 558 IN
1631 505 1852 559 Limum
1893 512 1938 557 11
1980 504 2461 557 SENTENrtAnuu.
2508 528 2589 539 --
2628 508 2781 557 DIST.
2818 504 2944 574 vu3
2988 508 3213 568 QUAEs'r.
3250 506 3289 558 V

859 678 1011 741 facit
1041 679 1361 743 mirabilia
1397 681 1588 744 solus,
1621 718 1702 727 —
1728 681 2066 764 Apostolus
2100 698 2353 763 quoque
2384 681 2433 744 A
2467 690 2776 754 movetur,
2808 680 3127 757 videlicet,
3172 682 3465 754 tristitioe,
3508 681 3962 762 concupiscen-

860 776 1176 840 mirabilia
1214 799 1357 862 quae
1394 779 1554 843 fient
1592 800 1707 863 per
1733 780 2219 853 Antichristum,
2251 796 2357 841 vo-

570 889 830 942 timeum,
859 882 960 937 cat
1003 876 1182 959 signa
1228 879 1573 941 mendacia.
1610 879 1844 941 Tamen
1898 878 2006 940 illa
2049 878 2210 940 fient
2257 894 2356 939 co-

860 981 1160 1055 operante
1191 975 1482 1058 principe
1511 976 1992 1050 daemoniorum,
2027 975 2213 1055 cujus
2244 992 2355 1056 po-

859 1078 1049 1135 testas
1098 1091 1228 1153 prae
1285 1073 1471 1136 solito
1519 1084 1670 1137 tunc
1727 1075 2025 1137 solvetur.
2079 1074 2245 1154 Ergo
2300 1072 2353 1134 si

858 1170 968 1232 illa
1023 1177 1208 1257 erunt
1267 1172 1445 1253 signa
1503 1173 1832 1235 mendacia
1888 1174 2022 1235 sive
2079 1172 2351 1243 fallacia,

861 1268 1063 1330 multo
1109 1269 1310 1351 magis
1363 1269 1542 1351 signa
1589 1271 2047 1334 daemoniorum
2094 1269 2354 1332 inferio-

859 1385 1022 1429 rum.
1055 1403 1137 1413 —
1165 1368 1396 1443 Tertio,
1442 1369 1779 1452 Apostolus
1826 1370 1916 1432 ait
1958 1388 1971 1433 :
2014 1369 2161 1442 Quae
2210 1386 2356 1431 con-

859 1466 1074 1529 ventio
1117 1467 1350 1530 Christi
1391 1468 1469 1529 ad
1512 1468 1753 1530 Belial?
1784 1469 1947 1549 Ergo
1996 1487 2122 1532 non
2173 1468 2355 1529 decet

856 1582 1049 1647 opera
1091 1565 1450 1628 daemonum
1496 1565 1561 1629 in
1605 1567 1725 1629 hoc
1767 1566 2105 1630 assimilari
2147 1565 2355 1647 operi-

857 1662 978 1726 bus
1008 1663 1263 1739 Christi,
1298 1665 1464 1747 quod
1507 1672 1773 1748 utraque
1813 1666 1941 1729 sint
1980 1683 2126 1729 vera
2167 1666 2353 1727 mira-

856 1762 1018 1824 cula.
1052 1797 1134 1807 —
1165 1762 1416 1837 Quarto,
1454 1763 1618 1825 fides
1660 1764 2009 1847 praesertim
2056 1764 2355 1826 innititur

2463 779 2589 853 tiae,
2649 798 2761 841 seu
2830 780 3095 844 timoris,
3154 782 3384 843 Verum
3454 780 3605 842 huic
3672 780 3961 861 opinioni

2464 879 2919 941 contradicitur
2959 899 2997 941 a
3042 879 3438 963 philosophis
3481 886 3671 961 atque
3722 878 3963 942 theolo—

2462 977 2577 1057 gis.
2626 976 2677 1038 A
2727 978 3123 1060 philosophis
3173 978 3437 1061 quidem
3470 996 3485 1040 ε
3518 978 3819 1060 quoniam
3866 978 3961 1040 di-

2465 1083 2619 1136 cunt
2658 1093 2887 1156 corpus
2928 1076 3185 1139 coeleste
3224 1095 3363 1139 esse
3397 1076 3833 1157 intelligentiae
3872 1076 3968 1138 in-

2464 1179 2929 1253 strumentum3
2971 1181 3033 1236 et
3076 1174 3164 1236 ita
3204 1192 3332 1237 non
3382 1173 3508 1236 nisi
3556 1192 3671 1255 per
3718 1181 3965 1237 motum

2466 1270 2607 1334 coeli
2640 1279 2847 1353 potest
2879 1272 2942 1333 in
2985 1272 3397 1336 inferioribus
3435 1273 3771 1355 provenire
3811 1272 3968 1336 effe-

2464 1375 2603 1429 ctus
2651 1368 2732 1430 ah
2782 1368 3219 1451 intelligentia.
3253 1372 3304 1432 A
3348 1370 3657 1451 theologis
3706 1370 3901 1433 etiam
3948 1388 3964 1433 ε

2464 1467 2765 1547 quoniam
2822 1465 3045 1531 formae
3094 1467 3453 1550 corporales
3500 1486 3629 1531 non
3682 1477 3832 1531 sunt
3880 1468 3968 1531 ab

2464 1564 2805 1627 influentia
2846 1566 3229 1642 dae-monum,
3272 1568 3382 1629 sed
3424 1567 3560 1641 Dei,
3594 1567 3705 1649 qui
3750 1586 3855 1629 eas
3898 1568 3969 1629 in

2465 1664 2748 1744 potentia
2808 1666 3085 1728 materiae
3143 1666 3378 1747 posuit,
3436 1674 3627 1747 atque
3692 1666 3969 1727 educere

2465 1761 2531 1823 in
2570 1770 2784 1824 actum
2827 1770 3033 1845 potest
3072 1764 3313 1846 absque
3352 1764 3528 1827 omni
3572 1763 3971 1828 adminiculo

854 1879 928 1923 ac
959 1860 1264 1943 probatur
1305 1862 1629 1925 miraculis
1665 1881 1679 1925 ε
1712 1882 1862 1944 ergo
1893 1864 1945 1925 si
1979 1882 2092 1945 per
2121 1864 2351 1925 daemo-
2389 1866 2436 1929 B
2464 1860 2709 1941 agentis
2767 1862 2998 1940 creati3
3048 1863 3218 1944 quod
3270 1880 3423 1925 vero
3478 1863 3841 1925 educuntur
3899 1864 3967 1925 in

854 1978 970 2021 nes
999 1958 1144 2022 fieri
1175 1968 1418 2042 queunt
1447 1979 1596 2023 vera
1627 1961 1954 2034 miracula,
1975 1961 2170 2024 robur
2199 1962 2351 2024 fidei

853 2067 1217 2121 evacuatur.

935 2156 1004 2217 In
1035 2156 1401 2238 oppositum
1439 2165 1555 2233 est,
1590 2158 1758 2240 quod
1793 2176 1986 2239 super
2015 2157 2210 2219 verba
2243 2157 2352 2219 illa

853 2255 1160 2337 Apostoli,
1213 2256 1408 2338 Cujus
1463 2255 1740 2337 (scilicet
1793 2256 2197 2337 Antichristi)
2250 2256 2355 2318 ad-

853 2360 1083 2415 ventus
1129 2353 1251 2415 erit
1293 2354 1358 2416 in
1407 2354 1607 2436 signis
1653 2354 2089 2427 mendacibuS‚
2131 2354 2355 2415 dicunt

852 2450 1266 2532 expositoreS,
1301 2452 1469 2534 quod
1509 2442 1936 2514 Antichristus
1977 2451 2166 2515 faciet
2205 2470 2354 2513 vera

855 2547 1162 2610 miracula
1196 2566 1211 2611 t
1246 2569 1387 2631 quae
1419 2557 1628 2613 tamen
1662 2558 1968 2613 vocantur
1999 2550 2349 2624 mendacia,

855 2646 1007 2727 quia
1047 2648 1125 2709 ad
1170 2648 1610 2730 deceptionem
1661 2648 2142 2711 ordinabuntur.
2178 2649 2349 2711 Idem

851 2744 1136 2808 affirmat
1173 2745 1341 2808 Beda
1390 2765 1582 2829 super
1619 2746 2093 2829 Apocalypsim,
2127 2747 2241 2810 ubi
2289 2756 2351 2810 et

855 2842 1106 2924 legitur,
1139 2845 1307 2926 quod
1357 2844 1562 2907 bestia
1606 2846 1933 2925 (videlicet
1980 2845 2351 2909 bestialissi-

855 2960 999 3004 mus
1045 2942 1502 3025 Antichristus)
1549 2945 1808 3007 seducet
1865 2944 2224 3007 habitantes
2283 2946 2349 3007 in

2462 1967 2676 2022 actum
2725 1960 3077 2022 secundum
3130 1980 3389 2023 cursum
3440 1971 3701 2035 naturae,
3742 1969 3840 2025 est
3884 1980 3967 2023 ex

2463 2058 2861 2121 naturalibus
2909 2058 3347 2121 determinatis
3392 2059 3747 2140 agentibus.
3800 2060 3967 2122 Hinc

2463 2155 2659 2235 hujus
2687 2155 3009 2238 opinionis
3047 2157 3280 2221 falsum
3320 2165 3417 2220 est
3443 2158 3963 2221 fundamentum.

2543 2253 2785 2317 Idcirco
2832 2254 3198 2331 dicendum,
3239 2257 3411 2337 quod
3458 2257 3777 2320 daemones
3828 2258 3969 2320 sola

2462 2371 2577 2414 sua
2623 2353 2859 2417 virtute
2916 2353 3159 2416 nullam
3208 2364 3454 2436 queunt
3509 2356 3783 2419 influere
3839 2357 3971 2419 for—

2464 2470 2633 2512 mam
2665 2451 2729 2513 in
2771 2452 3123 2528 materiam,
3158 2471 3277 2516 nec
3316 2453 3801 2517 substantialem
3841 2474 3967 2518 nec

2460 2550 2949 2631 accidentalem;
2978 2570 3096 2613 nec
3121 2552 3424 2616 reducere
3454 2572 3596 2615 eam
3626 2554 3692 2615 in
3721 2562 3964 2629 actum,

2462 2648 2587 2710 nisi
2628 2648 3017 2712 adminiculo
3058 2650 3299 2733 proprii
3340 2651 3647 2714 naturalis
3688 2654 3961 2734 agentiS.

2462 2745 3003 2818 Quemadmodum
3038 2749 3211 2810 enim
3250 2749 3480 2812 artifex
3520 2768 3647 2812 non
3678 2770 3813 2825 sua,
3846 2753 3965 2814 sed

2463 2844 2627 2924 ignis
2666 2846 2923 2920 virtute,
2958 2846 3305 2909 calefacere
3341 2856 3585 2930 potest3
3617 2849 3967 2911 conformi-

2461 2949 2558 3003 ter
2596 2943 2915 3007 daemones
2954 2946 3031 3007 ad
3072 2953 3244 3007 certa
3282 2946 3533 3027 passiva
3572 2947 3967 3029 conjungere

854 3047 1021 3104 terra
1048 3048 1307 3123 propter
1337 3041 1516 3124 signa
1555 3062 1696 3125 quae
1735 3043 1880 3105 data
1917 3050 2066 3105 sunt
2099 3043 2156 3106 ei
2190 3043 2351 3107 face·
2386 3051 2431 3114 C
2462 3049 2729 3124 possunt
2786 3042 3207 3105 determinata
3260 3044 3489 3120 act-iva,
3542 3053 3611 3106 ut
3659 3052 3971 3128 sequatur

853 3157 963 3219 re3
1006 3140 1310 3223 itemque,
1341 3142 1513 3223 quod
1557 3148 1706 3203 sunt
1745 3141 2009 3224 spiritus
2052 3143 2351 3206 daemoni-

851 3255 1037 3301 orum
1089 3238 1394 3302 facientes
1450 3240 1648 3321 signa.
1701 3241 1769 3302 In
1827 3240 2042 3303 Exodo
2093 3259 2348 3323 quoque

853 3334 1151 3418 leguntur
1191 3338 1355 3418 magi
1393 3337 1735 3401 Pharaonis
1779 3338 1999 3400 eadem
2042 3339 2223 3420 signa
2259 3339 2349 3403 fe-

852 3434 1015 3498 cisse
1056 3456 1198 3518 quae
1239 3437 1480 3519 Moyses
1520 3435 1693 3499 fecit.

930 3634 1109 3699 Circa
1138 3636 1273 3699 haec
1302 3634 1526 3699 scribit
1555 3636 1824 3697 Thomas
1850 3636 2133 3717 :Duplex
2174 3655 2349 3699 error

848 3733 1017 3795 circa
1053 3734 1174 3796 hoc
1214 3732 1355 3795 fuit.
1391 3734 1563 3797 Unus
1592 3732 1952 3814 gentilium,
1984 3734 2096 3814 qui
2137 3735 2350 3796 crede-

847 3830 1002 3893 bant
1038 3833 1380 3905 daemoneS,
1413 3849 1685 3913 quorum
1725 3831 1961 3893 virtute
2003 3832 2172 3912 magi
2202 3850 2347 3915 ope-

846 3936 1088 4005 rantur,
1120 3930 1271 3993 deos
1313 3948 1474 4004 esse,
1508 3928 1728 4013 sicque
1773 3946 1880 3993 eos
1928 3948 2044 4011 per
2083 3931 2344 3993 modum

845 4028 1185 4092 creationis
1216 4047 1402 4111 posse
1435 4046 1632 4092 novos
1663 4027 1937 4091 effectus
1969 4030 2339 4110 producere.

844 4162 926 4174 —
952 4127 1130 4191 Alius
1159 4136 1256 4189 est
1283 4126 1645 4201 Avicennae,
1678 4127 1789 4209 qui
1822 4126 1984 4190 dixit
2014 4128 2343 4191 materiam

2460 3138 2734 3201 effectus
2794 3158 2872 3201 ex
2934 3140 3331 3203 naturalibus
3390 3142 3619 3217 causiS,
3678 3150 3967 3206 attamen

2461 3245 2691 3318 praeter
2720 3238 2979 3302 solitum
3010 3257 3269 3301 cursum
3301 3248 3554 3315 naturae,
3568 3260 3646 3302 ex
3676 3241 3970 3303 multitu-

2460 3335 2609 3397 dine
2646 3354 2721 3397 ac
2752 3336 3156 3399 vehementia
3184 3337 3441 3399 virtutis
3478 3338 3703 3401 activas
3744 3358 3965 3402 rerum

2460 3442 2937 3514 aggregaturum
3009 3434 3467 3518 habilitateque
3533 3436 3960 3518 passivorum.

2460 3532 2621 3593 Hinc
2668 3531 2940 3595 effectus
2990 3533 3099 3615 qui
3159 3552 3285 3597 non
3335 3542 3484 3596 sunt
3533 3534 3599 3596 in
3650 3544 3966 3617 potestate

2460 3628 2735 3711 alicujus
2794 3650 2999 3695 causae
3057 3632 3387 3706 naturalis,
3440 3633 3791 3714 producere
3851 3654 3965 3698 ne·

2461 3736 2705 3809 queunt
2732 3729 2832 3808 (ut
2860 3730 3169 3793 suscitare
3200 3738 3546 3806 mortuum,
3575 3739 3685 3794 aut
3713 3732 3965 3814 aliquid

2460 3828 2613 3907 tale)
2667 3828 2731 3889 in
2790 3828 3076 3903 veritate,
3136 3830 3247 3892 sed
3306 3830 3370 3892 in
3431 3830 3768 3912 praestigiis
3824 3840 3965 3895 tan·

2459 3934 2619 4000 tum,
2652 3933 2725 4013 ut
2770 3926 2936 3989 infra
2978 3928 3243 3991 dicetur.
3278 3964 3358 3974 —
3386 3928 3529 3993 Haec
3572 3929 3845 3992 Thomas
3892 3930 3963 3993 in

2459 4024 2727 4108 Scripto.

2536 4124 2725 4186 Porro
2750 4124 2816 4187 in
2846 4124 3055 4207 prima
3083 4134 3261 4208 parte
3291 4125 3961 4209 Summae,quaestione

845 4224 1222 4289 inferiorum
1275 4225 1478 4289 multo
1523 4224 1668 4307 plus
1717 4224 1978 4288 obedire
2027 4227 2346 4308 concepti·
2375 4228 2424 4293 D
2456 4224 2803 4286 centesima
2858 4224 3353 4306 quartadecima,
3404 4226 3651 4308 quaerit,
3699 4245 3783 4288 an
3831 4226 3961 4290 dae-

843 4324 953 4388 oni
1002 4323 1372 4387 substantiae
1421 4332 1746 4407 separatae,
1795 4343 1988 4407 quam
2035 4324 2346 4388 subdatur

842 4422 1202 4487 actionibus
1240 4423 1620 4505 qualitatum
1661 4423 2120 4486 contrariarum
2159 4442 2346 4505 agen-

840 4522 1004 4584 tium
1036 4522 1102 4583 in
1132 4528 1358 4583 natura
1391 4538 1405 4583 ε
1439 4522 1590 4603 quia
1618 4522 1868 4603 agentia
1909 4522 2222 4585 naturalia
2251 4540 2344 4586 so-

841 4619 976 4682 lum
1015 4619 1365 4703 disponunt
1403 4619 1481 4681 ad
1521 4618 1792 4682 formam
1833 4619 2339 4695 substantialem,

839 4737 984 4799 quae
1041 4719 1396 4780 secundum
1444 4717 1856 4793 Avicennam,
1900 4737 1938 4779 a
1986 4718 2341 4781 substantia

839 4824 1128 4898 separata
1168 4824 1436 4879 creatur.
1472 4816 1702 4897 Sicque
1741 4816 1819 4878 ad
1855 4817 2339 4899 conceptionem

839 4914 1212 4979 substantiae
1258 4922 1561 4997 separatae
1604 4914 1763 4977 dixit
1813 4914 1880 4977 in
1929 4914 2340 4980 inferioribus

838 5013 1148 5095 quosdam
1179 5012 1443 5095 produci
1475 5012 1764 5086 effectuS,
1779 5012 1970 5075 etiam
2003 5023 2232 5096 praeter
2251 5033 2343 5078 or·

836 5112 1054 5175 dinem
1085 5130 1159 5174 ac
1189 5130 1450 5174 cursum
1482 5118 1741 5175 naturae.
1761 5112 2100 5195 Posuitque
2129 5133 2341 5177 exem-

838 5210 1020 5291 plum
1051 5211 1128 5273 de
1158 5210 1372 5271 anima
1400 5217 1634 5284 nostra,
1658 5211 1737 5272 ad
1769 5210 1956 5291 cujus
1984 5212 2339 5293 apprehen-

837 5308 1082 5371 sionem
1130 5316 1332 5371 totum
1372 5326 1604 5392 corpus
1641 5310 1718 5371 ad
1759 5309 1964 5372 varias
2007 5311 2335 5392 passiones

2456 4340 2677 4385 mones
2707 4322 2955 4404 possint
2982 4341 3133 4384 vera
3172 4322 3481 4386 miracula
3516 4322 3724 4387 facere
3752 4325 3829 4387 ad
3860 4343 3959 4387 se-

2456 4420 2838 4483 ducendum.
2876 4420 3235 4502 Respondet
3278 4437 3292 4481 :
3334 4420 3591 4503 Proprie
3635 4420 3961 4503 loquendo

2456 4519 2533 4580 de
2586 4518 2828 4581 ratione
2877 4518 3195 4593 miraculi,
3248 4518 3567 4583 daemones
3626 4527 3959 4602 nequeunt

2456 4617 2763 4679 miracula
2792 4618 3061 4698 operari,
3094 4636 3214 4680 nec
3252 4618 3466 4700 aliqua
3504 4625 3815 4693 creatura,
3850 4638 3961 4681 na-

2456 4717 2643 4779 turali
2684 4717 2940 4790 virtute,
2974 4716 3085 4779 sed
3124 4717 3297 4781 solus
3334 4718 3503 4780 Deus
3537 4735 3551 4779 :
3588 4717 3738 4800 quia
3768 4718 3961 4781 mira-

2453 4816 2671 4878 culum
2704 4815 2960 4897 proprie
2998 4815 3377 4897 appellatur‚
3410 4816 3581 4898 quod
3616 4816 3695 4878 fit
3724 4824 3961 4899 praeter

2452 4914 2741 4977 ordinem
2802 4914 2995 4977 totius
3046 4922 3287 4977 naturas
3345 4922 3606 4994 creatae3
3654 4915 3775 4977 sub
3825 4934 3960 4997 quo

2453 5014 2674 5095 utique
2736 5013 2957 5075 ordine
3020 5014 3340 5077 daemones
3403 5014 3833 5089 continentur,
3890 5024 3959 5077 et

2450 5113 2660 5174 omnis
2691 5112 2896 5174 virtus
2937 5131 3049 5175 seu
3084 5113 3367 5193 potentia
3400 5120 3723 5176 creaturae.
3757 5113 3962 5176 Inter-

2451 5212 2603 5273 dum
2637 5220 2847 5273 tamen
2881 5212 3262 5274 miraculum
3293 5212 3461 5292 large
3486 5219 3766 5288 vocatur,
3781 5212 3953 5294 quod

2450 5310 2817 5373 facultatem
2850 5318 2914 5372 et
2944 5310 3515 5373 considerationem
3550 5310 3800 5373 excedit
3832 5310 3951 5375 hu-

4042 4255 4123 4294 ffl-
4148 4252 4185 4293 b.
