4334 6242
152 1753 290 1791 arti.

100 4307 329 4354 Adamas.

988 487 1073 533 AN
1113 485 1336 532 ANGELI
1378 459 1513 531 SINT
1554 483 1727 530 PURAE
1769 482 1843 528 ΕΤ
1886 479 2336 528 luuATBmALEs
2377 479 2703 538 nssnmlae,
2745 478 2873 526 mc.

3360 457 3478 524 187

380 657 583 720 tentia
612 657 822 740 quoad
856 656 916 718 id
947 657 1117 738 quod
1148 656 1338 720 habet
1372 655 1629 718 aliunde
1657 661 1721 716 et
1750 670 1877 716 non
1908 652 1956 716 A
1992 659 2083 716 tes
2128 652 2186 714 S.
2237 651 2520 735 Dionysii
2567 669 2640 715 ac
2684 649 3054 714 Damasceni
3103 655 3252 712 sunt
3291 666 3478 732 expo-

376 775 455 818 ex
488 776 579 830 se,
614 755 937 838 quidditas
977 763 1072 817 est
1106 755 1272 817 sicut
1306 754 1606 836 potentia,
1640 761 1703 816 et
1738 770 1877 814 esse

376 874 569 916 suum
600 861 701 917 est
729 853 893 915 sicut
922 861 1120 916 actus.
1152 853 1325 916 Unde
1356 872 1432 914 ex
1463 851 1875 933 consequenti

376 961 473 1016 est
515 953 606 1016 ibi
649 953 1029 1034 compositio
1064 972 1141 1014 ex
1180 960 1325 1014 actu
1364 961 1427 1014 et
1466 951 1766 1034 potentia.
1802 950 1878 1012 Et

376 1053 433 1113 si
483 1052 602 1114 ista
644 1051 929 1133 potentia
974 1059 1237 1113 vocetur
1286 1051 1571 1124 materia,
1615 1049 1877 1128 angelus

374 1150 627 1212 dicetur
670 1148 1061 1231 compositus
1110 1168 1185 1211 ex
1232 1148 1492 1211 materia
1538 1155 1602 1209 et
1646 1147 1872 1218 forma,

376 1247 676 1329 quamvis
706 1246 827 1309 hoc
856 1246 939 1308 sit
970 1246 1225 1308 omnino
1252 1245 1571 1327 aequivoce
1602 1245 1871 1307 dictum:

376 1346 687 1428 sapientis
731 1345 901 1407 enim
946 1352 1044 1407 est
1081 1345 1159 1407 de
1198 1344 1568 1407 nominibus
1607 1361 1731 1405 non
1773 1362 1877 1404 cu-

378 1465 533 1508 rare.
578 1481 661 1490 —
700 1445 844 1508 Haec
886 1444 1157 1507 Thomas
1200 1444 1265 1505 in
1310 1442 1576 1524 Scripto.

456 1545 533 1606 At
576 1561 731 1605 vero
781 1543 845 1604 in
893 1542 1098 1624 prima
1141 1549 1319 1623 parte
1363 1542 1660 1612 Summae,
1694 1541 1876 1621 quin-

376 1641 748 1723 quagesima
778 1640 1149 1722 quaestione,
1181 1640 1392 1721 primo
1428 1638 1649 1720 probat
1691 1657 1875 1718 ange·

377 1739 469 1801 los
510 1739 921 1820 incorporeos
959 1756 1097 1800 esse
1132 1755 1147 1799 ε
1178 1737 1447 1800 Necesse
1482 1745 1597 1810 est,
1629 1736 1869 1810 dicenS,

1990 751 2231 814 nendae.

2069 849 2541 930 Consequenter
2573 849 2796 930 probat
2827 847 3066 909 ibidem
3100 845 3355 926 angelos
3385 864 3478 908 es-

1987 967 2055 1010 se
2086 946 2572 1009 immateriales:
2598 947 2885 1020 Quidam,
2919 945 3236 1027 inquienS,
3259 944 3480 1006 dicunt
3559 959 3641 998 art.
3675 959 3718 1000 2.

1985 1045 2243 1126 angelos
2285 1065 2362 1108 ex
2414 1046 2675 1108 materia
2721 1052 2783 1108 et
2823 1045 3029 1107 forma
3071 1043 3472 1126 compositos.

1986 1144 2160 1218 Quod
2194 1145 2548 1207 Avicebron
2581 1144 2646 1206 in
2679 1144 2843 1206 libro
2876 1142 3088 1205 Fontis
3118 1143 3264 1204 vitae
3293 1160 3476 1204 cona-

1986 1250 2090 1304 tur
2134 1243 2482 1315 adstruere,
2529 1260 2895 1324 supponens
2946 1241 3112 1322 quod
3162 1258 3480 1321 quaecum-

1986 1360 2109 1422 que
2140 1340 2620 1421 distinguuntur
2646 1339 2992 1411 intellectu,
3010 1337 3480 1418 distinguantur

1985 1447 2047 1501 et
2088 1459 2172 1501 re.
2209 1440 2278 1500 In
2321 1439 2673 1501 substantia
2711 1445 2924 1500 autem
2971 1437 3342 1519 incorporea
3386 1436 3479 1498 in-

1984 1537 2276 1600 tellectus
2305 1537 2547 1619 aliquid
2577 1535 2996 1619 apprehendit
3027 1555 3140 1617 per
3168 1536 3329 1616 quod
3361 1536 3482 1598 dis-

1984 1635 2300 1716 tinguitur
2327 1655 2364 1697 a
2392 1635 2748 1697 substantia
2778 1634 3111 1716 corporali,
3145 1642 3208 1696 et
3235 1633 3477 1715 aliquid

1986 1751 2099 1815 per
2129 1733 2299 1814 quod
2331 1751 2476 1794 cum
2508 1732 2616 1794 illa
2646 1732 3093 1794 communicat.
3129 1732 3303 1794 Unde
3335 1749 3480 1794 con-

374 1837 619 1919 aliquas
669 1845 989 1899 creaturas
1040 1836 1441 1917 incorporeas
1497 1852 1749 1917 ponere.
1804 1835 1871 1895 Id
1908 1831 1956 1894 B
1986 1832 2208 1905 cludit,
2242 1833 2410 1914 quod
2452 1833 2511 1894 id
2553 1850 2681 1913 quo
2717 1833 3070 1894 substantia
3108 1833 3478 1914 incorporea

374 1955 655 2018 namque
714 1936 883 2018 quod
944 1936 1111 1998 Deus
1170 1934 1491 2017 praecipue
1554 1933 1616 1994 in
1681 1933 1870 1994 rebus

372 2035 601 2097 creatis
634 2034 928 2108 intendit,
962 2041 1057 2098 est
1087 2034 1349 2106 bonum,
1383 2033 1551 2114 quod
1584 2031 1873 2094 consistit

370 2134 436 2196 in
466 2133 929 2196 assimilatione
968 2134 1045 2195 ad
1087 2134 1307 2195 Deum.
1342 2131 1623 2194 Perfecta
1656 2137 1869 2192 autem

368 2230 748 2293 assimilatio
785 2229 1056 2292 effectus
1086 2231 1161 2292 ad
1203 2247 1459 2291 causam
1498 2228 1867 2300 attenditur,

368 2330 625 2411 quando
673 2327 947 2390 effectus
1001 2327 1286 2389 imitatur
1334 2345 1589 2389 causam
1649 2345 1871 2388 secun-

366 2426 521 2488 dum
552 2425 617 2488 id
650 2445 766 2506 per
794 2425 962 2506 quod
996 2444 1185 2486 causa
1215 2423 1507 2506 producit
1534 2423 1864 2486 effectum:

1984 1930 2205 1993 differt
2235 1951 2268 1993 a
2311 1949 2632 2012 corporea,
2667 1931 2748 1992 sit
2787 1931 2844 1993 ei
2888 1949 3002 2013 pro
3038 1931 3280 2010 forma;
3312 1939 3376 1992 et
3413 1929 3476 1992 id

1983 2049 2111 2113 quo
2141 2051 2288 2093 cum
2323 2031 2460 2113 ipsa
2500 2030 2950 2103 communicat,
2981 2030 3150 2112 quod
3180 2039 3242 2092 et
3277 2029 3476 2108 subji-

1982 2130 2148 2192 citur
2187 2130 2430 2204 t'ormae,
2464 2129 2546 2191 sit
2575 2129 2714 2210 ejus
2757 2129 3038 2190 materia.
3073 2128 3233 2190 Hinc
3274 2128 3473 2211 ponit,

1980 2229 2148 2310 quod
2201 2228 2630 2310 spiritualium
2674 2235 2735 2289 et
2781 2227 3205 2308 corporalium
3253 2227 3470 2290 eadem

1979 2327 2061 2389 sit
2093 2326 2454 2388 communis
2488 2326 2767 2400 materia,
2787 2325 2874 2387 ita
2905 2326 3070 2407 quod
3104 2324 3305 2387 forma
3335 2325 3478 2387 sub-

1980 2424 2226 2486 stantiae
2272 2424 2684 2506 incorporalis
2729 2424 3037 2506 impressa
3074 2423 3156 2486 sit
3197 2425 3474 2486 materiae

364 2523 913 2605 quemadmodum
966 2522 1245 2584 calidum
1300 2522 1507 2585 efficit
1564 2521 1861 2584 calidum.
1978 2523 2432 2605 spiritualium,
2477 2523 2640 2584 sicut
2690 2522 2892 2585 forma
2939 2522 3308 2603 quant-itatis
3358 2523 3474 2583 im-

364 2623 534 2684 Deus
563 2640 716 2684 vero
756 2629 1053 2703 operatur
1093 2641 1204 2703 per
1234 2621 1629 2684 intellectum
1671 2628 1735 2682 et
1766 2638 1869 2682 vo·
1980 2641 2196 2703 pressa
2246 2630 2340 2684 est
2397 2621 2673 2684 materiae
2729 2620 3171 2702 corporalium.
3223 2655 3303 2664 -
3352 2619 3471 2682 Sed

365 2720 698 2782 luntatem.
742 2719 900 2781 Hinc
946 2720 1023 2781 ad
1074 2718 1531 2801 perfectionem
1584 2718 1865 2780 universi
1980 2720 2187 2802 primo
2233 2720 2536 2803 adspectu
2589 2727 2850 2802 apparet
2905 2719 3024 2781 hoc
3076 2718 3473 2800 impossibile

362 2817 718 2899 requiritur
760 2817 928 2898 quod
980 2817 1105 2879 sint
1148 2817 1377 2899 aliqua>
1427 2824 1729 2878 creaturae
1774 2816 1865 2878 in·
1976 2838 2134 2882 esse.
2189 2821 2412 2881 Forma
2459 2819 2696 2881 etenim
2749 2817 3098 2900 spiritualis
3145 2825 3206 2880 et
3257 2835 3475 2899 corpo-

362 2915 777 2978 tellectualeS.
832 2915 1020 2978 Porro
1075 2915 1429 2997 intelligere
1480 2933 1605 2977 non
1659 2922 1865 2997 potest
1978 2917 2126 2980 ralis
2170 2918 2370 3000 recipi
2417 2916 2642 2998 nequit
2690 2917 2754 2978 in
2797 2916 3016 2978 eadem
3067 2923 3242 2998 parte
3283 2925 3474 2978 mate-

360 3034 503 3077 esse
552 3021 735 3076 actus
783 3013 1088 3096 corporiS,
1124 3033 1240 3076 nec
1288 3013 1561 3092 alicujus
1612 3013 1863 3075 virtutis
1902 3013 1945 3076 C
1977 3016 2087 3079 riae
2120 3033 2134 3077 :
2169 3016 2318 3098 quia
2363 3016 2454 3078 sic
2507 3033 2632 3076 una
2679 3022 2740 3076 et
2786 3013 3007 3076 eadem
3058 3033 3156 3076 res
3205 3033 3473 3078 numero

361 3131 686 3194 corporeae
732 3129 747 3173 :
794 3111 1097 3193 quoniam
1145 3129 1335 3174 omne
1383 3128 1613 3198 corpus
1662 3111 1863 3173 det-er-

362 3210 649 3272 minatur
676 3210 754 3272 ad
788 3209 892 3272 hic
921 3218 983 3272 et
1015 3227 1204 3271 nunc.
1240 3209 1333 3270 Ad
1364 3209 1484 3270 boc
1513 3226 1662 3289 ergo
1693 3209 1860 3289 quod

362 3310 739 3372 universum
770 3309 855 3371 sit
887 3308 1263 3391 perfectum,
1296 3313 1543 3388 oportet
1581 3307 1748 3388 quod
1782 3307 1865 3368 sit

359 3407 575 3490 aliqua
622 3407 997 3489 incorporea
1040 3412 1346 3468 creatura.

461 3506 727 3588 Antiqui
786 3522 957 3579 vero,
1018 3504 1379 3586 ignorantes
1436 3503 1569 3564 vim
1629 3503 1861 3565 intelli-

358 3607 576 3688 gendi,
608 3625 729 3668 nec
769 3605 1229 3685 distinguentes
1270 3605 1434 3665 inter
1465 3603 1860 3666 intellectum

357 3713 425 3769 et
469 3725 756 3778 sensum,
789 3703 1097 3785 putabant
1134 3702 1295 3764 nihil
1336 3721 1474 3764 esse
1516 3703 1578 3763 in
1624 3703 1861 3764 mundo

360 3803 490 3866 nisi
520 3803 693 3885 quod
731 3820 919 3863 sensu
952 3800 1530 3882 imaginationeque
1572 3799 1711 3882 capi
1750 3818 1857 3881 po-

358 3909 483 3964 test
529 3919 545 3962 z
592 3908 658 3963 et
706 3899 859 3981 quia
914 3898 1035 3960 sub
1084 3898 1534 3979 imaginatione
1584 3916 1713 3960 non
1760 3916 1859 3959 ca-

358 3999 455 4061 dit
504 3998 631 4060 nisi
686 4015 942 4079 corpus»,
988 3996 1389 4060 aestimabant
1439 3995 1688 4057 nullum
1746 4013 1859 4058 ens

358 4117 499 4160 esse
554 4097 680 4158 nisi
739 4111 991 4176 corpuS,
1038 4102 1105 4156 ut
1164 4101 1389 4175 quarto
1446 4093 1858 4176 Physicorum

1974 3123 2140 3177 esset
2172 3113 2517 3196 corporalis
2546 3120 2610 3175 et
2638 3111 3007 3194 spiritualis.
3041 3112 3170 3175 Nec
3211 3113 3474 3176 materia

1975 3211 2173 3273 dividi
2227 3220 2434 3293 potest
2481 3211 2603 3273 nisi
2655 3229 2770 3292 per
2817 3211 3235 3291 quantitatem
3284 3227 3299 3272 :
3347 3230 3472 3292 qua

1976 3318 2237 3382 remota,
2273 3309 2626 3372 substantia
2671 3317 2884 3370 manet
2933 3308 3366 3383 indivisibilis,
3404 3316 3470 3370 ut

1974 3407 2182 3490 primo
2213 3407 2618 3490 physicorum
2651 3406 2937 3468 habetur.
2963 3407 3292 3489 Oporteret
3319 3425 3470 3487 ergo

1974 3507 2304 3569 materiam
2337 3506 2766 3589 spiritualium
2797 3507 3134 3588 quantitati
3164 3526 3302 3570 esse
3329 3507 3470 3569 sub-

1968 3605 2203 3686 jectam
2253 3623 2266 3666 :
2309 3605 2478 3687 quod
2528 3613 2622 3667 est
2675 3605 3090 3687 impossibile.
3144 3605 3302 3667 Hinc
3353 3607 3466 3667 im-

1973 3703 2276 3785 possibile
2307 3711 2402 3764 est
2431 3723 2622 3766 unam
2662 3704 3094 3785 spiritualium
3128 3704 3466 3787 corporali-

1972 3820 2210 3882 umque
2240 3821 2378 3864 esse
2411 3802 2760 3865 materiam.
2783 3802 3182 3885 Impossibile
3211 3821 3465 3885 quoque

1971 3907 2067 3962 est
2124 3900 2293 3981 quod
2353 3901 2708 3964 substantia
2765 3901 3212 3963 intellectualis
3273 3910 3466 3964 mate-

1970 3999 2129 4060 riam
2162 3999 2390 4061 habeat
2418 3999 2964 4080 qualemcumque.
2981 3999 3273 4081 Operatio
3303 4021 3468 4063 nam·

1970 4115 2095 4176 que
2140 4096 2486 4176 cujuslibet
2531 4097 2618 4158 rei
2661 4104 2755 4158 est
2803 4098 3155 4159 secundum
3203 4099 3460 4161 modum

356 4196 450 4258 ait
486 4193 929 4276 Philosophus.
962 4191 1113 4254 Inde
1155 4191 1463 4272 processit
1498 4209 1674 4253 error
1715 4191 1860 4254 Sad-
1889 4197 1938 4258 D
1970 4193 2340 4256 substantiae
2370 4194 2530 4274 ejus.
2564 4194 2920 4275 Intelligere
2949 4202 3160 4257 autem
3192 4205 3288 4259 est
3315 4215 3462 4278 ope-

357 4295 751 4364 ducaeorum‚
793 4289 1145 4352 dicentium
1198 4307 1325 4351 non
1375 4308 1513 4352 esse
1556 4289 1855 4372 spiritum

358 4409 479 4454 nec
517 4390 840 4470 angelum.
885 4387 1003 4450 Sed
1048 4387 1167 4449 hoc
1212 4386 1423 4469 ipsum
1464 4389 1633 4469 quod
1677 4388 1858 4451 intel-

359 4489 565 4550 lectus
602 4495 701 4549 est
738 4486 925 4548 altior
962 4504 1174 4559 sensu,
1210 4484 1670 4548 rationabiliter
1709 4507 1857 4569 pan-

355 4587 453 4649 dit
508 4605 649 4649 esse
710 4603 810 4646 res
868 4584 1271 4664 incorporeas
1330 4585 1658 4663 quasdam,
1722 4585 1856 4648 solo

354 4682 823 4766 cognoscibiles
867 4681 1213 4743 intellectu.
1252 4681 1327 4742 Et
1366 4681 1501 4744 istae
1541 4691 1687 4744 sunt
1729 4702 1855 4746 me-

353 4785 478 4848 diae
528 4784 695 4845 inter
744 4783 940 4844 Deum
992 4788 1183 4861 atque
1233 4797 1551 4862 corporea.
1598 4779 1856 4863 Propter

352 4883 529 4964 quod
579 4877 1051 4960 comparatione
1110 4879 1219 4940 Dei
1277 4878 1580 4939 dicuntur
1638 4895 1856 4959 corpo-

353 4999 479 5044 reae
524 4997 540 5041 :
588 4977 893 5061 quoniam
938 4975 1215 5038 medium
1260 4984 1691 5058 comparatum
1740 4977 1853 5039 uni

350 5087 662 5150 extremo,
714 5074 969 5138 videtur
1023 5075 1197 5137 aliud
1255 5093 1393 5137 esse
1443 5082 1851 5154 extremum3

350 5176 521 5241 sicut
576 5173 863 5256 tepidum
917 5171 1123 5234 calido
1175 5180 1631 5254 comparatum,
1687 5173 1855 5236 vide-

350 5284 460 5336 tur
508 5282 576 5335 ut
622 5271 949 5352 frigidum.
1001 5269 1075 5332 Et
1118 5269 1301 5349 juxta
1348 5270 1468 5332 hoc
1515 5271 1851 5333 auctorita-

1972 4292 2129 4354 ratio
2172 4308 2428 4373 prorsus
2475 4292 2910 4356 immaterialis
2944 4312 2958 4356 ε
2993 4295 3161 4375 quod
3201 4305 3462 4378 apparet

1970 4409 2047 4452 ex
2089 4389 2230 4471 ejus
2273 4389 2544 4470 objecto,
2576 4409 2613 4452 a
2654 4410 2780 4473 quo
2821 4399 3001 4454 actus
3038 4393 3236 4456 sumit
3277 4395 3461 4457 ratio-

1970 4507 2117 4550 nem
2162 4508 2236 4550 ac
2286 4489 2585 4570 speciem.
2622 4490 2722 4552 Sic
2773 4491 3012 4573 quippe
3063 4495 3461 4574 unumquod-

1969 4605 2093 4667 que
2127 4587 2524 4667 intelligitur,
2552 4589 2902 4649 secundum
2934 4589 3102 4670 quod
3133 4609 3170 4651 a
3201 4591 3461 4652 materia

1966 4684 2373 4746 abstrahitur.
2412 4683 2569 4746 Nam
2619 4684 2838 4748 formae
2889 4685 2951 4746 in
3006 4687 3266 4749 materia
3311 4695 3460 4750 sunt

1969 4781 2392 4844 individuales
2429 4799 2442 4843 :
2477 4801 2634 4863 quas
2677 4782 3034 4846 intellectus
3074 4802 3200 4847 non
3238 4804 3460 4868 appre-

1967 4880 2190 4942 hendit.
2233 4889 2297 4941 ut
2344 4880 2498 4942 tales
2544 4880 2667 4942 nisi
2715 4899 2826 4962 per
2868 4879 3302 4958 reflexionem,
3334 4893 3452 4948 etc.

1966 4977 2091 5040 Nec
2150 4985 2400 5059 oportet
2457 4978 2757 5040 distincta
2808 4979 3158 5043 secundum
3216 4982 3458 5044 intelle-

1966 5084 2151 5150 ctum,
2168 5075 2470 5157 distingui
2503 5076 2767 5150 realiter,
2782 5076 3070 5157 quoniam
3101 5078 3458 5142 intellectus

1966 5192 2092 5236 non
2151 5174 2574 5256 apprehendit
2633 5193 2732 5235 res
2792 5175 3142 5236 secundum
3202 5177 3456 5239 modum

1968 5289 2205 5344 rerum,
2253 5270 2360 5332 sed
2415 5289 2622 5332 suum.
2673 5270 2845 5333 Unde
2899 5272 3246 5335 materialia
3296 5273 3458 5337 infra
