4334 6242
122 4202 175 4257 (Υ.
185 4207 337 4258 pasin.

790 479 1014 551 QUAEST.
1060 495 1102 539 11
1144 493 1159 539 ἶ
1203 491 1288 539 ΑΝ
1332 491 1552 538 ANGELt
1598 491 1658 536 [N
1703 487 1928 536 GRATtA
1970 489 2216 536 GRATUM
2260 489 2554 538 FAcmNTE
2597 489 2812 538 anA'rl
2855 494 2990 538 SINT

3316 473 3436 539 285

335 681 467 727 non
516 664 810 746 sequitur
858 666 937 727 de
984 683 1173 746 eausa
1220 662 1567 736 efficiente,
1618 667 1839 740 agente
1869 660 1920 722 A
1948 678 2075 723 non
2115 661 2421 742 sequitur.
2459 662 2578 724 Sed
2617 663 2762 725 dato
2801 662 2968 744 quod
3009 661 3203 744 primi
3242 662 3442 724 homi-

336 769 566 843 sponte
604 782 679 824 ac
719 762 938 826 libere.
974 763 1065 825 Ad
1110 761 1484 834 secundum,
1518 760 1686 841 quod
1728 759 1839 820 du-

339 859 521 921 bium
568 868 665 922 est
707 880 787 923 an
842 860 1077 922 fuerint
1122 861 1186 921 in
1230 859 1431 940 gratia
1472 857 1729 920 conditi.
1766 856 1842 917 Et

336 965 475 1020 esto
510 960 683 1040 quod
722 961 837 1034 sic,
870 960 1077 1022 adhuc
1112 966 1322 1020 tamen
1364 973 1490 1018 non
1529 955 1836 1037 sequitur.

338 1055 497 1118 Nam
543 1058 838 1138 quamvis
883 1057 1020 1119 sine
1063 1057 1355 1118 discursu
1402 1072 1549 1116 mox
1592 1061 1843 1114 natura-

342 1154 467 1214 lem
529 1154 867 1217 habuerint
919 1153 1401 1227 beatitudinem,
1452 1170 1580 1214 non
1632 1159 1842 1212 tamen

341 1260 594 1333 oportet
623 1254 793 1334 quod
832 1259 895 1314 et
930 1251 1494 1334 supernaturalem.
1532 1250 1641 1311 Est
1668 1249 1841 1310 enim

341 1350 634 1431 quaedam
686 1349 1019 1432 dispositio
1078 1349 1144 1410 in
1201 1349 1348 1410 fieri
1396 1355 1665 1422 tantum,
1716 1364 1843 1408 non

344 1448 409 1509 in
438 1448 612 1510 facto
642 1467 781 1511 esse
812 1453 1168 1522 remanens,
1187 1449 1263 1509 ad
1298 1444 1843 1528 supernaturalem

344 1545 807 1608 beatitudinem
851 1547 1189 1628 requisita3
1230 1553 1293 1606 et
1322 1544 1688 1624 hujusmodi
1719 1544 1844 1605 dis-

346 1646 579 1726 positio
617 1654 714 1707 est
754 1646 1116 1708 meritorius
1156 1653 1335 1706 actus
1373 1651 1664 1725 respectu
1705 1642 1847 1704 bea-

346 1744 641 1806 titudinis
692 1744 1073 1826 simpliciter
1126 1761 1139 1804 z
1195 1743 1431 1805 idcirco
1478 1759 1605 1803 non
1653 1739 1845 1802 simul

1949 777 2061 819 nes
2101 758 2253 819 facti
2295 766 2441 821 sunt
2473 759 2538 820 in
2568 761 2789 840 gratia,
2821 760 2999 841 argui
3039 768 3246 842 potest
3274 761 3443 842 quod

1950 857 2190 937 angelis
2225 856 2638 919 excellentius
2674 876 3046 920 concessum
3077 867 3174 920 est
3203 859 3341 922 hoc.
3365 894 3445 904 —

1948 955 2043 1018 Ad
2091 963 2411 1038 quartum,
2464 958 2633 1038 quod
2682 957 2954 1020 viatores
3005 957 3285 1031 fuerunt,
3338 957 3445 1018 ha-

1952 1053 2356 1136 bueruntque
2395 1055 2591 1116 fidem
2632 1063 2739 1116 aut
2768 1056 3011 1138 aliquid
3049 1055 3202 1117 fidei
3244 1074 3447 1118 corre-

1952 1152 2271 1232 spondens
2302 1160 2364 1213 et
2395 1154 2963 1235 proportionale,ut
2991 1153 3158 1216 infra
3185 1154 3442 1216 dicetur.

1954 1284 2031 1292 —
2091 1249 2184 1310 Ad
2252 1250 2572 1330 quintum,
2641 1252 2811 1332 quod
2876 1253 3267 1333 Augustinus
3333 1271 3448 1334 per

1952 1346 2412 1410 beatitudinem
2459 1349 2757 1430 intelligit
2793 1358 3158 1432 praetactam
3201 1352 3449 1432 angelo-

1955 1465 2095 1507 rum
2137 1446 2551 1509 eminentiam
2597 1448 2661 1509 in
2702 1449 3096 1511 naturalibus
3137 1450 3446 1531 donisque

1952 1543 2169 1624 gratiae
2214 1544 2306 1606 eis
2351 1546 2614 1619 collatae,
2648 1555 2837 1628 prout
2872 1546 3264 1628 Augustinus
3307 1567 3447 1610 sen·

1954 1643 2073 1705 tire
2119 1643 2391 1705 videtur.
2446 1644 2869 1708 Conformiter
2925 1654 3074 1708 sunt
3132 1647 3448 1711 solvendae

1955 1743 2199 1805 similes
2248 1743 2582 1823 Augustini
2632 1763 2745 1806 seu
2791 1745 3062 1808 aliorum
3115 1747 3450 1809 auetorita-

349 1842 569 1904 insunt
616 1842 861 1923 angelo.
899 1842 991 1904 Ad
1041 1840 1395 1903 naturalem
1444 1848 1657 1902 autem
1706 1838 1847 1900 bea·
1874 1838 1921 1899 B
1955 1847 2069 1915 tes,
2106 1847 2176 1902 ut
2213 1843 2381 1922 quod
2426 1841 2488 1903 in
2534 1842 2698 1904 libro
2737 1843 2813 1904 de
2851 1843 3248 1907 Mirabilibus
3290 1845 3453 1907 Scri-

347 1941 689 2002 titudinem
741 1959 867 2002 non
918 1939 1264 2022 requiritur
1304 1939 1639 2020 dispositio
1680 1937 1842 1999 talis.

347 2075 427 2083 —
455 2039 599 2102 Haec
644 2039 886 2101 Scottus,

428 2137 739 2199 Hannibal
786 2136 975 2198 etiam
1020 2135 1243 2198 scribit
1280 2155 1293 2198 :
1337 2134 1668 2197 Beatitudo
1706 2153 1847 2216 per-

355 2234 694 2298 fectionem
759 2235 1074 2317 importat.
1128 2233 1437 2297 Perfectio
1487 2241 1700 2295 autem
1754 2239 1850 2295 est

354 2333 589 2415 duplex
624 2351 639 2394 :
676 2353 801 2394 una
842 2333 1195 2394 secundum
1235 2351 1434 2412 genus
1474 2331 1853 2393 determina-

354 2441 521 2509 tum;
564 2431 688 2492 alia
727 2431 1123 2512 simpliciter.
1160 2431 1263 2492 Sic
1302 2439 1363 2491 et
1394 2429 1719 2491 beatitudo
1756 2436 1853 2491 est

354 2531 587 2612 duplex
636 2549 650 2592 ε
704 2549 829 2590 una
878 2549 993 2611 per
1041 2547 1234 2610 quam
1283 2529 1427 2610 quis
1476 2528 1666 2590 habet
1716 2547 1853 2610 per-

355 2628 697 2690 fectionem
742 2646 853 2689 seu
894 2627 1327 2710 operationem
1371 2626 1719 2708 perfectam
1760 2644 1852 2687 se-

354 2727 635 2789 cundum
686 2726 945 2788 modum
1000 2725 1272 2808 propriae
1322 2724 1591 2806 speciei3
1632 2725 1851 2805 sicque

354 2825 545 2886 homo
588 2831 653 2885 et
692 2822 901 2903 angeli
945 2830 1094 2885 sunt
1132 2822 1299 2884 beati
1346 2822 1562 2897 creati,
1595 2823 1747 2904 quia
1786 2823 1851 2883 in

354 2942 481 2984 suae
532 2921 871 2984 creationis
931 2919 1249 3002 principio
1298 2919 1659 2982 habuerunt
1714 2939 1853 3002 per-

1956 1946 2157 2020 pturae
2189 1938 2578 2019 Augustinus
2607 1941 3003 2023 deprompsit
3030 1961 3044 2004 :
3077 1942 3353 2022 Angelus
3384 1943 3450 2006 in

1956 2055 2209 2099 summo
2239 2038 2338 2098 sui
2370 2038 2610 2100 ordinis
2641 2039 2880 2101 honore
2910 2041 3454 2115 constitutuS‚col·

1960 2135 2173 2216 lapsus
2221 2144 2334 2197 est.
2390 2136 2459 2197 In
2520 2136 2683 2199 libro
2732 2156 2985 2220 quoque
3044 2140 3121 2200 de
3167 2139 3316 2202 Fide
3372 2141 3450 2201 ad

1956 2235 2210 2296 Petrum
2264 2255 2277 2298 :
2329 2234 2614 2315 Angelici
2673 2237 2937 2318 spiritus
2997 2255 3112 2320 pro
3157 2256 3233 2300 eo
3281 2240 3452 2321 quod

1958 2332 2294 2394 rationales
2339 2331 2489 2394 facti
2535 2341 2702 2407 sunt,
2745 2334 3112 2397 &eternitatis
3154 2343 3218 2397 et
3255 2336 3452 2398 beati-

1958 2430 2200 2492 tudinis
2240 2430 2478 2492 donum
2524 2430 2587 2492 in
2635 2431 2773 2512 ipsa
2817 2440 3058 2496 naturae
3095 2452 3226 2496 suae
3269 2434 3453 2516 spiri-

1959 2527 2148 2589 tualis
2193 2529 2508 2590 creatione
2550 2530 2857 2592 divinitus
2899 2541 3300 2614 acceperunt.

2398 2801 2872 2874 QUAESTIO
2941 2804 3016 2866 ΙΙ

356 3021 584 3083 sectam
630 3019 1057 3100 cognitionem
1108 3019 1185 3080 de
1236 3019 1384 3093 Dee,
1426 3019 1503 3080 ad
1549 3038 1740 3100 quam
1785 3037 1851 3080 se
1886 3021 1929 3084 C
2083 3019 2344 3082 Ecundo
2373 3018 2844 3100 quaeritur‚A.n
2873 3022 3141 3101 ang-eli
3170 3023 3258 3089 in
3284 3037 3455 3103 gra·

356 3137 573 3180 eorum
634 3116 1013 3179 extendebat
1071 3124 1295 3178 natura
1350 3137 1365 3179 z
1421 3116 1573 3197 quia
1629 3124 1855 3179 natura

360 3237 393 3277 a
424 3214 724 3297 perfectis
765 3215 961 3276 sumit
990 3214 1345 3287 exordium,
1380 3222 1449 3276 ut
1484 3214 1549 3275 in
1589 3215 1667 3276 de
1699 3215 1855 3278 Con-

324 3363 333 3374 .
360 3315 663 3376 solatione
694 3312 917 3375 scribit
945 3312 1217 3375 Boetius.
1237 3312 1377 3374 Alia
1404 3321 1500 3374 est
1530 3312 1852 3376 beatitudo

358 3411 879 3494 supernaturaliS,
939 3430 1067 3491 qua
1122 3417 1409 3473 creatura
1465 3411 1855 3473 intellectua-

360 3511 433 3572 lis
464 3509 657 3572 habet
686 3507 1119 3590 operationem
1161 3507 1506 3590 perfectam
1549 3509 1855 3591 simplici-

358 3617 471 3682 ter,
523 3607 799 3670 videndo
848 3608 1050 3669 Deum
1098 3625 1211 3688 per
1259 3607 1541 3689 speciem
1594 3625 1607 3669 :
1659 3628 1851 3690 quam

358 3706 573 3768 nullus
605 3703 1021 3786 reproborum
1053 3704 1276 3766 habuit
1304 3705 1691 3785 angelorum.
1709 3707 1851 3770 Haec

358 3802 691 3866 Hannibal.

440 4001 535 4064 Ad
578 4000 863 4083 primum
909 4017 1059 4080 ergo
1098 3999 1462 4073 dicendum,
1504 4000 1674 4082 quod
1718 4019 1857 4083 per-

365 4101 551 4163 fectio
612 4098 951 4180 multiplex
1010 4104 1126 4171 est,
1190 4098 1725 4179 quemadmodum
1789 4099 1855 4161 in

2100 3117 2217 3183 tia
2247 3109 2570 3196 gratum
2609 3117 2948 3186 faciente
2979 3123 3231 3187 creati
3261 3124 3451 3190 sint.

2040 3214 2304 3276 Videtur
2333 3215 2502 3296 quod
2534 3215 2648 3288 sic,
2682 3235 2796 3297 per
2827 3217 3250 3298 Augustinum
3292 3218 3454 3281 libro

1959 3313 2037 3374 de
2068 3313 2334 3375 Civitate
2373 3313 2692 3375 dicentem
2729 3332 2741 3375 :
2775 3314 3046 3396 Angelos
3081 3316 3245 3378 Deus
3285 3335 3454 3379 crea-

1959 3411 2073 3486 vit,
2106 3410 2300 3471 simul
2345 3410 2411 3471 in
2449 3410 2541 3472 eis
2582 3411 2860 3473 condens
2903 3420 3192 3475 naturam
3237 3421 3298 3476 et
3339 3415 3456 3476 lar-

1959 3508 2138 3589 giens
2195 3506 2481 3589 gratiam.
2534 3543 2615 3552 —
2663 3509 2973 3583 Secundo,
3035 3510 3458 3574 sanctificatio

1961 3625 2087 3669 non
2120 3605 2198 3667 fit
2229 3606 2294 3666 in
2326 3605 2742 3668 intellectuali
2774 3615 3062 3669 creatura
3092 3608 3230 3670 sine
3258 3610 3461 3690 gratia

1959 3704 2379 3788 gratificante.
2416 3703 2534 3766 Sed
2569 3704 2993 3768 Damascenus
3038 3706 3201 3769 libro
3235 3725 3459 3770 secun-

1960 3808 2041 3868 do
2089 3804 2325 3866 effatur
2367 3819 2381 3864 ε
2425 3803 2539 3864 Per
2577 3803 2855 3864 Verbum
2906 3804 3016 3866 Dei
3068 3806 3261 3867 creati
3312 3815 3461 3868 sunt

1960 3903 2168 3985 angeli
2204 3918 2446 3974 omneS,
2481 3909 2544 3962 et
2572 3919 2609 3961 a
2637 3901 2878 3982 Spiritu
2916 3901 3144 3965 Sancto
3175 3921 3289 3985 per
3323 3924 3462 3967 san-

1963 4001 2418 4065 ctificationem
2461 3999 2748 4081 perfecti.
2781 4035 2860 4047 —
2891 4000 3122 4076 Tertio,
3156 4021 3348 4084 super
3387 4003 3459 4065 il-

1965 4101 2074 4162 lud
2117 4099 2294 4172 Osee,
2333 4096 2703 4159 Dilexerunt
2745 4098 2996 4161 vinacia
3040 4119 3330 4174 uvarum,
3373 4101 3462 4163 ait
3491 4122 3730 4179 oseem.

366 4206 537 4262 textu
587 4196 879 4270 habetur,
925 4196 1245 4272 videlicet,
1298 4198 1649 4259 secundum
1698 4205 1854 4260 tem·
1885 4203 1935 4266 D
1964 4199 2172 4280 glossa
2219 4195 2580 4278 Hieronymi
2636 4215 2651 4259 ε
2702 4196 2816 4258 Per
2861 4196 3110 4259 vinacia
3167 4217 3458 4274 uvarum,

364 4318 503 4380 pus,
535 4296 891 4359 secundum
922 4302 1233 4369 naturam,
1254 4303 1315 4357 et
1344 4296 1697 4357 secundum
1726 4314 1857 4358 om-

362 4414 505 4458 nem
557 4393 821 4456 modum
870 4411 983 4454 seu
1033 4392 1494 4454 universaliter.
1548 4393 1655 4454 Dei
1708 4412 1856 4475 ergo

358 4511 549 4575 opera
589 4497 739 4554 sunt
770 4489 1051 4573 perfecta
1090 4491 1441 4552 secundum
1473 4491 1855 4572 exigentiam

356 4600 416 4654 et
462 4589 950 4674 dispositionem
1009 4595 1249 4651 naturae
1296 4606 1540 4663 eorum,
1586 4598 1649 4651 et
1698 4598 1854 4652 tem-

358 4709 507 4773 pore
556 4707 698 4762 su0,
748 4689 901 4770 quia
946 4689 1025 4750 ad
1077 4706 1423 4768 congruam
1476 4687 1599 4749 sibi
1651 4689 1855 4771 perfe-

358 4790 635 4851 ctionem
665 4787 1039 4849 ordinantur
1067 4805 1138 4848 ac
1171 4787 1456 4848 tendunt.
1480 4786 1681 4868 Opera
1712 4807 1861 4868 quo·

356 4906 481 4969 que
538 4886 649 4948 Dei
710 4885 901 4947 simul
963 4894 1238 4966 sumpta,
1299 4892 1447 4946 sunt
1503 4886 1859 4947 eminenter

362 4984 664 5066 perfecta,
717 4983 883 5046 sieut
931 4992 994 5046 et
1041 4985 1225 5047 valde
1276 4983 1459 5046 bona.
1502 5018 1583 5028 —
1622 4983 1715 5046 Ad
1764 5003 1857 5047 se-

365 5081 856 5162 cundum,quod
890 5101 1002 5163 per
1031 5082 1291 5144 delicias
1324 5082 1463 5144 illas
1496 5081 1858 5163 intelligun-

365 5187 467 5243 tur
494 5179 805 5242 naturalis
834 5179 1127 5253 felicitas,
1162 5181 1499 5262 omnisque
1531 5189 1861 5244 concreata

370 5277 744 5343 excellentia
770 5278 1159 5358 angelorum.
1176 5279 1365 5341 -Ad
1396 5279 1860 5361 tertium,quod

1966 4298 2283 4360 daemones
2328 4295 2759 4375 designantur,
2793 4289 2903 4376 qui
2949 4295 3012 4357 in
3059 4314 3284 4378 magna
3325 4298 3465 4380 pin-

1963 4394 2237 4476 guedine
2275 4393 2538 4474 spiritus
2583 4400 2731 4454 sunt
2771 4395 2986 4468 creati,
3021 4396 3129 4457 sed
3169 4415 3205 4458 a
3244 4415 3462 4479 super-

1966 4491 2355 4556 abundantia
2383 4490 2665 4564 arefacti,
2684 4499 3059 4554 corruerunt
3088 4494 3165 4555 de
3197 4494 3464 4557 coelo.--

1963 4593 2215 4666 QuartO,
2248 4590 2437 4673 primi
2471 4598 2764 4671 parentes
2797 4591 2862 4652 in
2893 4592 3183 4672 originali
3212 4593 3462 4674 justitia

1963 4697 2027 4752 et
2074 4687 2664 4771 supernaturalibus
2723 4688 2906 4751 donis
2954 4697 3100 4751 sunt
3149 4691 3386 4753 condit-i
3441 4709 3457 4754 ε

1964 4805 2114 4868 ergo
2163 4786 2308 4869 plus
2365 4786 2592 4866 angeli.
2647 4787 2942 4849 Salomon
2989 4787 3229 4870 quippe
3275 4797 3461 4851 testa-

1966 4893 2107 4948 tur:
2134 4885 2305 4946 Fecit
2335 4885 2499 4947 Deus
2531 4884 2855 4947 hominem
2887 4894 3151 4948 rectum.
3170 4923 3251 4932 —
3271 4888 3460 4961 Quin-
3509 4909 3664 4956 21:012.
3677 4924 3752 4966 vu,

1967 4991 2051 5057 to,
2087 4982 2409 5045 infinitam
2451 4983 2984 5058 munificentiam,
3017 4984 3365 5048 bonitatem
3395 4994 3460 5049 et
3487 4979 3553 5019 ³⁰·

1968 5081 2470 5144 misericordiam
2505 5081 2814 5144 Creatoris
2845 5084 3256 5148 condecuisse
3285 5085 3458 5148 vide-

1968 5187 2091 5254 tur,
2128 5187 2197 5241 ut
2227 5179 2792 5242 excellentissimas
2826 5181 2967 5243 illas
3008 5191 3325 5246 creaturas
3356 5184 3460 5246 de-

1968 5278 2202 5343 corarit
2240 5278 2320 5340 ab
2365 5277 2622 5340 exordio
2666 5279 2848 5342 donis
2889 5281 3125 5361 gratiae.
