4334 6242
1252 511 1338 563 ΑΝ
1381 515 1443 563 m
1480 499 1742 564 Axenus
1784 517 1877 562 sn·
1918 511 2287 562 ransoNAms
2327 510 2639 562 mscmrno
3388 489 3510 561 209

382 684 596 746 movit
629 684 785 748 istos
826 685 959 749 haec
998 686 1233 761 dicere,
1269 688 1391 752 fuit
1428 689 1596 771 quod
1634 705 1894 769 accepe-
1924 685 1973 748 A

378 791 545 846 runt
590 784 879 846 ordinem
942 785 1007 848 in
1067 785 1289 850 formis
1344 805 1483 849 esse
1541 787 1892 848 secundum

380 882 871 960 generationem
902 891 965 946 et
996 891 1309 958 naturam,
1334 885 1686 948 secundum
1717 903 1895 946 eum-

380 979 542 1041 dem
593 981 855 1043 modum
898 1000 1024 1063 quo
1069 983 1440 1045 ordinantur
1490 983 1554 1045 in
1602 1002 1833 1063 genere
1877 1001 1891 1044 :

382 1077 482 1139 ita
521 1079 691 1160 quod
730 1079 938 1142 forma
972 1081 1223 1160 generis
1265 1080 1727 1162 generalissimi
1770 1081 1896 1161 pri-

384 1194 501 1239 mo
550 1177 807 1239 advenit
858 1179 1157 1252 materiae,
1204 1187 1267 1241 et
1314 1179 1407 1240 sic
1455 1179 1595 1241 aliae
1640 1179 1898 1240 descen-

381 1276 607 1338 dendo
648 1295 851 1357 usque
888 1277 966 1339 ad
1012 1279 1292 1359 speciem
1329 1296 1343 1340 :
1378 1296 1497 1340 nec
1543 1278 1647 1339 illa
1693 1277 1898 1340 forma

382 1374 729 1436 constituit
777 1375 1205 1448 individuum,
1256 1377 1557 1457 quoniam
1617 1394 1743 1438 non
1802 1382 1899 1437 est

384 1472 661 1534 omnino
711 1473 774 1534 in
832 1480 1015 1551 actu3
1066 1474 1177 1535 sed
1236 1473 1647 1556 subsequitur
1695 1474 1899 1537 forma

386 1570 833 1645 individualis,
854 1591 995 1653 quae
1026 1581 1121 1634 est
1152 1591 1412 1654 prorsus
1444 1573 1509 1636 in
1539 1580 1707 1646 actu,
1731 1573 1899 1634 sicut

386 1668 662 1730 materia
701 1668 827 1731 fuit
865 1670 1126 1733 omnino
1166 1670 1232 1732 in
1278 1672 1577 1752 potentia.
1610 1707 1691 1716 —
1718 1670 1901 1733 Deni-

387 1785 523 1849 que
582 1768 884 1848 quaelibet
941 1768 1168 1831 harum
1227 1770 1603 1851 opinionum
1656 1769 1898 1851 aliquid

2110 687 2418 750 Praeterea
2479 687 2647 750 circa
2711 687 2844 750 haec
2907 685 3133 748 scribit
3194 686 3501 748 Henricus

2004 785 2380 858 Quodlibeto
2411 787 2689 848 secundo
2716 803 2729 847 :
2756 785 3027 858 Quaestio
3058 785 3178 847 ista
3209 784 3498 863 [scilicet,

2006 890 2222 944 utrum
2265 884 2511 964 possint
2538 883 2683 945 fieri
2714 904 2750 945 a
2779 884 2905 946 Deo
2936 885 3061 946 duo
3100 883 3307 965 angeli
3352 883 3504 945 solis

2006 979 2534 1044 substantialibus
2577 982 2883 1060 distincti]
2925 982 3126 1063 tangit
3163 981 3509 1043 difficulta-

2006 1085 2135 1140 tem
2165 1079 2243 1141 de
2276 1098 2463 1141 causa
2495 1080 3366 1161 individuationiS‚quomodo
3397 1079 3508 1140 sci·

2010 1176 2157 1238 licet
2195 1177 2259 1240 id
2303 1177 2473 1259 quod
2516 1179 2594 1240 de
2637 1197 2704 1240 se
2747 1185 2843 1239 est
2885 1197 3086 1239 unum
3130 1185 3192 1239 et
3234 1177 3506 1258 simplex

2006 1293 2079 1336 ac
2124 1274 2518 1337 indivisibile
2561 1277 2914 1338 secundum
2957 1276 3319 1349 essentiam,
3364 1274 3509 1336 fieri

2009 1380 2199 1454 queat
2239 1373 2422 1455 plura
2462 1374 2815 1435 secundum
2856 1393 3217 1436 numerum.
3255 1375 3340 1436 De
3383 1392 3510 1454 qua

2009 1471 2434 1533 diversimode
2467 1472 2816 1553 loquuntur
2852 1471 3236 1554 philosophi.
3272 1471 3511 1533 Aristo-

2012 1568 2164 1630 teles
2209 1587 2485 1650 namque
2515 1569 2892 1632 duodecimo
2923 1569 3364 1652 Metaphysicae
3400 1586 3508 1651 po-

2008 1667 2103 1729 nit
2135 1686 2388 1729 causam
2421 1667 2615 1747 hujus
2645 1687 2782 1730 esse
2817 1667 3146 1730 materiam
3173 1686 3188 1746 3
3227 1666 3337 1728 ubi
3370 1667 3456 1729 ait
3490 1684 3504 1729 :

2009 1765 2436 1848 Quaecumque
2465 1773 2615 1827 sunt
2646 1766 2846 1828 multa
2876 1784 3162 1841 numer0,
3179 1765 3509 1828 materiam

386 1864 589 1926 habet
636 1866 804 1947 quod
856 1866 1103 1929 homini
1162 1884 1285 1929 non
1338 1866 1613 1929 multum
1666 1867 1899 1929 intelli-
1936 1867 1981 1929 B
2010 1864 2380 1927 sortiuntur.
2415 1865 2484 1925 ln
2530 1883 2656 1945 quo
2702 1865 2898 1928 verbo
2941 1864 3129 1939 sistit,
3163 1872 3226 1927 et
3267 1865 3346 1926 de
3388 1864 3510 1926 hoc

384 1961 570 2042 genti
602 1963 1064 2025 rationabiliter
1095 1963 1295 2025 videri
1334 1964 1757 2045 improbabile
1791 1983 1898 2045 po-

388 2059 563 2121 terit.
614 2060 809 2121 Valde
857 2079 1133 2142 namque
1188 2059 1460 2122 difficile
1514 2068 1610 2123 est
1659 2061 1895 2133 videre,

384 2158 714 2238 quomodo
773 2158 1059 2230 materia,
1120 2177 1261 2240 quae
1322 2157 1386 2219 in
1445 2158 1747 2221 omnibus
1804 2166 1901 2221 est

386 2255 780 2328 eommuniS‚
824 2255 907 2316 sit
956 2256 1311 2338 principale
1361 2256 1753 2338 principium
1806 2258 1900 2320 in-

386 2352 870 2415 dividuationiS.
895 2354 1134 2415 Rursus
1165 2353 1347 2416 valde
1378 2353 1648 2416 difficile
1682 2363 1777 2416 est
1808 2374 1903 2417 ca-

388 2470 573 2534 pere,
606 2452 927 2533 quomodo
966 2450 1171 2514 forma
1215 2452 1299 2514 sit
1343 2459 1469 2515 tota
1511 2461 1699 2534 atque
1748 2473 1902 2535 prae-

389 2551 589 2632 cipua
618 2568 809 2611 causa
838 2550 1185 2613 numeralis
1219 2550 1415 2630 hujus
1444 2550 1897 2626 distinctioniS,

390 2667 603 2730 quum
632 2648 843 2711 omnis
873 2648 1079 2711 forma
1108 2656 1338 2724 creata,
1358 2657 1668 2731 quantum
1697 2657 1794 2711 est
1823 2669 1901 2712 ex

392 2747 500 2809 sui
544 2755 785 2820 natura,
821 2755 967 2809 nata
1004 2746 1089 2809 sit
1118 2747 1352 2810 habere
1391 2747 1582 2809 aliam
1624 2747 1901 2810 similem

392 2844 527 2906 sibi
558 2863 574 2924 3
633 2846 735 2907 vel
794 2845 1113 2927 quomodo
1171 2845 1447 2908 dicimus
1505 2847 1663 2915 duos
1723 2846 1901 2927 ignes

391 2941 663 3005 differre
696 2942 1068 3018 formaliter,
1084 2962 1195 3005 seu
1226 2944 1419 3005 etiam
1450 2943 1573 3006 alia
1601 2963 1743 3026 quae
1770 2944 1903 3025 plu-

2010 1962 2169 2024 nihil
2218 1963 2362 2044 plus
2406 1963 2580 2024 dicit.
2614 1964 2728 2026 Per
2766 1964 2936 2045 quod
2980 1963 3084 2024 dat
3129 1963 3506 2044 intelligere,

2008 2061 2173 2142 quod
2201 2061 2265 2123 in
2291 2060 2442 2123 solis
2476 2061 2908 2124 materialibus
2941 2061 3243 2143 possibile
3267 2069 3364 2122 est
3389 2061 3510 2122 sub

2007 2159 2228 2220 eadem
2256 2160 2468 2242 specie
2496 2167 2846 2240 naturaque
2874 2159 3148 2241 simplici
3182 2159 3512 2221 individua

2010 2275 2146 2319 esse
2183 2258 2367 2340 plura
2401 2277 2416 2321 :
2450 2258 2602 2339 quia
2642 2256 2904 2319 materia
2940 2277 3139 2339 quum
3181 2257 3263 2320 sit
3292 2258 3515 2339 (quan-

2012 2364 2146 2416 tum
2179 2364 2274 2418 cst
2306 2356 2369 2418 in
2405 2357 2502 2436 se)
2535 2356 2598 2418 in
2639 2357 2920 2437 potentia
2957 2356 3036 2417 ad
3070 2356 3308 2430 omnia,
3341 2363 3404 2417 et
3434 2356 3512 2417 de

2010 2473 2123 2515 sua
2180 2462 2404 2516 natura
2461 2455 2544 2516 sit
2592 2472 2730 2516 esse
2783 2453 2903 2515 sub
2959 2453 3162 2517 forma
3213 2471 3514 2537 corporea

2011 2552 2446 2633 quantitativa‚
2464 2560 2532 2614 ut
2562 2551 2789 2633 probat
2816 2552 3160 2626 Avicenna,
3178 2551 3380 2614 forma
3408 2570 3515 2613 au·

2013 2657 2139 2712 tem
2186 2667 2488 2732 corporea
2527 2649 2946 2731 quantitativa
2989 2649 3332 2712 divisibilis
3377 2657 3510 2729 est3

2012 2756 2252 2812 naturae
2293 2748 2486 2829 igitur
2527 2749 2804 2811 materiae
2837 2755 2934 2810 est
2965 2757 3032 2810 ut
3065 2768 3178 2830 per
3207 2749 3516 2831 quantita-

2012 2854 2139 2909 tem
2172 2846 2293 2908 sub
2325 2866 2450 2928 qua
2479 2855 2596 2920 est,
2615 2846 2958 2908 divisibilis
2988 2847 3088 2909 sit.
3111 2848 3335 2910 Forma
3363 2866 3514 2928 ergo

2014 2945 2356 3007 materialis
2398 2963 2599 3027 quum
2641 2945 2997 3008 necessario
3041 2946 3328 3027 sequitur
3371 2965 3516 3008 con-

392 3039 737 3103 rificantur
772 3059 845 3103 ac
886 3058 1151 3104 numero
1191 3041 1897 3122 distinguuntur-etiam
1938 3040 1983 3104 C
2011 3043 2286 3106 ditiones
2325 3062 2455 3106 suae
2500 3043 2798 3116 materiae,
2831 3062 2908 3104 ex
2952 3062 3019 3105 se
3062 3043 3514 3127 multiplicabi-

392 3157 479 3200 ex
518 3138 651 3201 sola
690 3139 1001 3202 divisione
1039 3139 1348 3212 continui,
1386 3140 1495 3202 ubi
1537 3140 1776 3203 nullius
1806 3149 1905 3203 est

394 3255 582 3300 novae
624 3236 845 3300 formae
888 3238 1191 3301 inductio.

482 3335 725 3399 Idcirco
766 3344 862 3399 est
905 3337 1088 3399 tertia
1138 3336 1369 3418 positio
1420 3336 1688 3418 planior,
1732 3338 1901 3419 quod

396 3433 823 3496 individuatio
873 3435 1196 3516 consurgit
1240 3453 1317 3496 ex
1359 3435 1589 3496 actuali
1642 3435 1903 3516 conjun-

394 3533 615 3594 ctione
662 3532 884 3596 formae
934 3551 1081 3594 cum
1132 3532 1415 3606 materia,
1458 3551 1535 3594 ex
1582 3552 1710 3615 qua
1755 3551 1902 3596 con-

392 3629 734 3710 junctione
774 3649 976 3691 unum
1015 3629 1139 3691 sibi
1174 3631 1543 3712 appropriat
1580 3631 1851 3693 alterum
1884 3651 1899 3695 t

396 3727 958 3808 quemadmodum,
1007 3733 1175 3809 patet
1224 3728 1379 3789 dum
1436 3726 1513 3789 fit
1568 3729 1905 3809 impressio

400 3825 753 3887 multorum
797 3825 1154 3906 sigillorum
1204 3825 1269 3886 in
1320 3843 1484 3900 cera,
1530 3844 1649 3888 nec
1698 3827 1905 3908 sigilla

398 3923 762 4006 plurificari
794 3931 1059 4005 possunt
1095 3923 1233 3986 sine
1265 3941 1431 3998 cera,
1462 3943 1582 3986 nec
1614 3943 1759 3986 cera
1790 3946 1905 3988 nu-

398 4030 688 4085 meratur
743 4023 869 4085 nisi
925 4021 1121 4085 fuerit
1170 4022 1438 4084 diversis
1500 4022 1565 4084 in
1618 4024 1905 4105 partibus

396 4121 698 4203 sigillata.
732 4122 910 4196 Quod
948 4122 1000 4186 si
1045 4140 1311 4204 quierem,
1345 4140 1383 4182 a
1422 4138 1551 4203 quo
1592 4122 1909 4204 principa-

2015 3142 2091 3204 lis
2130 3150 2228 3204 est
2269 3160 2383 3223 per
2426 3141 2775 3202 materiam.
2812 3142 3036 3204 Forma
3071 3142 3244 3204 enim
3283 3161 3360 3204 ex
3401 3162 3517 3204 sua

2014 3239 2340 3302 communi
2402 3239 2642 3300 ratione
2691 3238 3244 3302 communicabilis
3305 3240 3516 3303 multi-

2014 3336 2461 3420 plicabilisque
2493 3337 3014 3419 consistit,quum
3047 3337 3128 3399 sit
3157 3336 3517 3418 subjectum

2014 3435 2524 3499 universalitatis.
2536 3436 2744 3498 Potest
2766 3444 2978 3498 tamen
3007 3436 3358 3500 secundum
3385 3436 3516 3498 Phi-

2015 3535 2374 3617 losophum,
2399 3553 2539 3596 esse
2568 3533 2823 3595 aliunde
2857 3534 3409 3615 impedimentum,
3444 3541 3516 3596 ut

2014 3633 2167 3694 dum
2200 3640 2327 3695 tota
2370 3631 2633 3694 materia
2667 3630 2786 3700 sub
2819 3650 2945 3692 una
2980 3630 3184 3694 forma
3214 3631 3516 3694 conclusa

2014 3739 2129 3804 est,
2176 3732 2340 3793 sicut
2391 3732 2456 3793 in
2506 3730 2636 3794 sole
2677 3737 2740 3791 et
2787 3729 2955 3792 luna.
2992 3729 3082 3791 Ex
3131 3749 3259 3812 quo
3307 3733 3513 3814 primo

2016 3829 2172 3892 Coeli
2217 3829 2544 3891 concludit
2581 3828 3025 3909 Philosophus,
3069 3830 3238 3910 quod
3283 3848 3516 3910 neque-

2016 3934 2132 3988 unt
2159 3944 2298 3987 esse
2343 3925 2557 4007 plures
2598 3925 2742 3986 coeli
2783 3943 2896 3986 seu
2934 3925 3178 3998 mundi,
3213 3926 3514 4007 quoniam

2016 4023 2251 4086 coelum
2300 4030 2363 4084 et
2411 4022 2686 4084 mundus
2740 4041 2816 4084 ex
2866 4029 2996 4085 tota
3055 4041 3168 4084 sua
3226 4030 3517 4085 constant

2019 4121 2300 4183 materia.
2335 4120 2496 4181 Hinc
2532 4120 2596 4181 in
2638 4118 2860 4180 formis
2897 4120 3332 4183 materialibus
3372 4138 3517 4183 con-

400 4221 557 4283 liter
602 4221 813 4282 veniat
862 4220 1284 4283 individuatio
1334 4221 1491 4299 ista3
1537 4220 1903 4294 dicendum,
1939 4225 1987 4287 D
2017 4218 2372 4280 tinentibus
2433 4218 2496 4278 in
2561 4236 2627 4279 se
2685 4225 2881 4279 totam
2941 4218 3271 4280 materiam
3332 4237 3514 4281 suam

397 4317 579 4400 quod
610 4317 1011 4380 individuum
1042 4326 1139 4380 est
1167 4319 1286 4381 hoc
1316 4319 1558 4401 aliquid
1596 4338 1611 4383 z
1644 4326 1707 4380 et
1737 4320 1907 4400 quod

400 4417 487 4477 sit
539 4415 687 4488 hoc,
730 4415 1148 4497 principalius
1210 4416 1397 4478 habet
1446 4435 1483 4478 a
1534 4416 1818 4490 materia,
1872 4434 1909 4477 a

401 4531 537 4594 qua
590 4512 783 4574 habet
830 4511 1035 4574 forma
1090 4513 1471 4594 positionem
1533 4514 1597 4575 in
1659 4514 1797 4576 loco
1844 4522 1908 4598 et

404 4621 735 4694 tempore;
764 4610 937 4692 quod
968 4628 1119 4672 vero
1148 4610 1231 4670 sit
1259 4610 1523 4691 aliquid,
1556 4610 1748 4673 habet
1778 4631 1908 4674 ma-

404 4710 507 4790 gis
551 4729 589 4770 a
629 4708 851 4771 forma.
896 4707 1320 4770 individuatio
1362 4727 1510 4788 ergo
1555 4709 1621 4770 in
1666 4717 1908 4771 creatu-

407 4810 499 4870 ris
534 4826 613 4868 ex
649 4807 891 4889 duplici
934 4806 1257 4888 consurgit
1297 4805 1632 4888 principio.
1658 4843 1738 4852 —
1765 4809 1909 4871 Haec

408 4908 867 4969 Bonaventura.
890 4905 1084 4990 Cujus
1116 4904 1347 4987 positio
1378 4906 1661 4987 procedit
1690 4926 1911 4970 secun-

407 5005 569 5067 dum
609 5005 821 5086 ipsum
851 5013 914 5067 et
943 5023 1049 5067 eos
1096 5004 1207 5085 qui
1252 5003 1579 5066 materiam
1619 5005 1912 5086 spiritua-

410 5105 541 5166 lem
582 5110 829 5186 ponunt
859 5103 925 5164 in
962 5102 1206 5183 angelis
1236 5110 1300 5164 et
1329 5121 1667 5164 numerum
1698 5104 1777 5166 de
1806 5124 1909 5186 ge-

410 5221 567 5264 nere
614 5200 986 5283 quantitatis
1042 5221 1056 5264 :
1109 5217 1383 5283 quorum
1432 5201 1681 5264 nullum
1732 5203 1913 5284 ponit

412 5299 648 5382 positio
686 5299 832 5362 alia.

664 5433 731 5499 Τ.
768 5433 848 5483 21.

2018 4315 2392 4400 possibilem
2422 4316 2499 4377 ad
2531 4314 2824 4388 formam,
2847 4323 2910 4376 et
2944 4315 3006 4377 in
3038 4314 3259 4378 formis
3291 4316 3514 4378 imma-

2019 4415 2369 4489 terialibuS,
2419 4431 2548 4475 non
2607 4413 2819 4495 posuit
2862 4413 3282 4496 Philosophus
3332 4414 3517 4497 plura

2020 4513 2351 4575 individua
2391 4511 2513 4573 sub
2556 4511 2768 4592 specie
2813 4529 2957 4574 una.

2098 4611 2548 4674 Verumtamen
2596 4610 2909 4692 quidquid
2959 4610 3128 4672 circa
3176 4611 3296 4673 hoc
3344 4611 3513 4674 dicat

2020 4717 2083 4770 et
2112 4708 2362 4783 sentiat,
2394 4707 2613 4789 opinio
2643 4727 2756 4771 sua
2794 4707 3033 4768 nullam
3076 4707 3266 4770 habet
3299 4727 3514 4772 neces-

2020 4807 2293 4880 sitatem,
2331 4825 2449 4868 nec
2493 4805 2559 4867 in
2606 4804 2830 4867 formis
2879 4804 3336 4880 materialibus,
3369 4826 3512 4888 quae

2020 4905 2265 4968 scilicet
2308 4905 2372 4966 in
2411 4903 2674 4966 materia
2711 4912 2859 4965 sunt
2897 4913 3006 4966 aut
3043 4923 3182 4967 esse
3221 4913 3508 4986 possunt,

2020 5023 2229 5086 neque
2267 5004 2334 5066 in
2375 5002 2597 5066 formis
2641 5002 3185 5064 immaterialibus
3220 5004 3393 5076 Quod
3433 5004 3510 5066 de

2019 5103 2245 5167 formis
2276 5098 2709 5163 materialibus
2740 5099 3106 5161 declaratur.
3122 5101 3279 5163 Nam
3305 5120 3516 5183 quam-

2021 5202 2117 5264 vis
2148 5200 2436 5283 quaedam
2467 5217 2686 5260 carum
2727 5205 2894 5260 stent
2925 5197 3045 5259 sub
3078 5206 3205 5260 tota
3239 5219 3351 5261 sua
3380 5219 3510 5262 ma-

2020 5301 2180 5362 teria
2209 5319 2345 5382 quae
2370 5294 2694 5381 possibilis
2724 5303 2819 5357 est
2846 5296 2924 5357 ad
2955 5314 3059 5357 eas
3091 5296 3511 5377 possibilitate

3203 5432 3262 5481 14

3557 807 3708 856 quest.
3727 806 3770 848 8.
