4334 6242
895 455 1014 523 106

893 667 967 710 ac
996 667 1126 712 suae
1164 649 1469 727 actionis;
1503 668 1627 712 non
1669 656 1877 711 tamen
1917 648 2206 712 absolute
2246 666 2390 711 con·
2417 647 2468 710 A
2499 648 2737 711 utilitas
2801 651 3092 731 provenit
3151 669 3164 713 ε

894 747 1161 821 ceditur,
1215 749 1381 830 quod
1440 748 1682 831 aliquid
1741 749 1824 811 sit
1882 748 2034 809 finis
2094 748 2228 821 Dei,
2279 755 2388 809 aut

893 846 1063 927 quod
1110 845 1359 908 bonitas
1409 847 1517 908 Dei
1578 847 1660 908 sit
1717 846 1870 909 finis
1927 846 2068 927 ejus
2129 853 2388 927 propter

892 943 1369 1007 distinctionem
1423 945 1774 1007 secundum
1837 944 2166 1006 rationem.
2222 945 2386 1006 Deus

892 1061 1166 1124 namque
1198 1050 1293 1105 est
1330 1042 1617 1105 omnium
1655 1062 1845 1105 causa
1883 1042 2121 1117 finaliS,
2155 1060 2281 1105 non
2314 1042 2387 1103 fi-

890 1141 1045 1214 nita,
1098 1141 1265 1203 sicut
1320 1148 1415 1203 est
1474 1141 1761 1205 omnium
1820 1160 2009 1204 causa
2064 1140 2381 1215 efficienS,

890 1256 1015 1303 non
1061 1239 1309 1303 effecta.

968 1439 1273 1501 Praeterea
1316 1438 1623 1520 quaeritur
1662 1439 1789 1512 hic,
1822 1440 1913 1501 An
1960 1440 2177 1501 omnia
2219 1438 2384 1501 facta

887 1537 1017 1599 sint
1055 1545 1314 1619 propter
1352 1538 1702 1612 hominem,
1737 1538 1821 1600 ita
1861 1538 2028 1619 quod
2070 1538 2262 1601 homo
2300 1538 2382 1600 sit

886 1634 1175 1698 omnium
1220 1634 1392 1697 finis.

967 1735 1059 1797 Ad
1109 1735 1277 1816 quod
1327 1734 1596 1796 Thomas
1646 1734 1711 1796 in
1762 1734 2009 1816 Scripto
2048 1752 2062 1795 ε
2098 1735 2378 1817 Aliquid,

1559 478 1623 525 IN
1662 479 1885 525 Lunum
1925 480 1970 526 11
2012 478 2492 526 SENTENTIARUM.
2537 496 2618 507 —
2657 479 2810 526 DIST.
2857 480 2918 543 13
2959 481 3184 537 QUAEST.
3228 483 3336 529 vul

3226 671 3368 734 quae
3425 660 3488 715 et
3548 652 3696 714 talia
3752 658 3986 727 essent,

2495 748 2788 829 quamvis
2848 749 2911 810 id
2971 749 3070 811 cui
3123 769 3199 812 ex
3246 752 3339 813 eis
3398 751 3686 833 provenit
3747 752 3989 815 utilitas

2495 863 2622 908 non
2671 856 2854 910 esset.
2899 848 3129 930 Sicque
3175 849 3384 930 angeli
3435 858 3499 911 et
3547 858 3770 913 ceterae
3820 870 3990 912 crea·

2495 953 2653 1008 turae
2711 953 2860 1008 sunt
2920 955 3178 1028 propter
3233 948 3560 1010 hominem
3624 947 3825 1012 sactae.
3885 950 3991 1011 Sic

2495 1060 2750 1125 quoque
2797 1045 2989 1107 homo
3036 1045 3243 1107 factus
3291 1054 3389 1107 est
3432 1054 3692 1129 propter
3742 1066 3990 1129 repara-

2493 1140 2732 1203 tionem
2767 1142 2966 1205 ruinae
2995 1143 3297 1224 angelicae
3332 1162 3346 1206 ε
3381 1145 3683 1226 quoniam
3720 1145 3840 1207 ista
3867 1145 3990 1207 uti-

2493 1239 2636 1301 litas
2690 1241 3076 1303 creationem
3136 1242 3414 1305 hominis
3472 1252 3568 1305 est
3625 1252 3987 1317 consecuta,

2491 1347 2682 1421 atque
2713 1358 2749 1401 a
2780 1340 2908 1403 Deo
2948 1340 3218 1421 praevisa
3247 1350 3309 1403 et
3339 1341 3645 1405 ordinata.
3682 1342 3991 1405 Similiter

2491 1456 2568 1499 cx
2609 1445 2786 1518 parte
2825 1440 3037 1520 operis
3077 1440 3231 1521 ipsae
3271 1448 3574 1503 creaturae
3612 1440 3883 1503 tendunt
3922 1441 3989 1504 in

2490 1534 2838 1597 bonitatem
2882 1536 3163 1599 divinam
3203 1538 3368 1600 sicut
3409 1538 3473 1599 in
3517 1538 3580 1599 id
3620 1537 3726 1600 cui
3769 1558 3884 1619 per
3921 1558 3989 1601 se

2490 1634 2830 1696 assimilari
2864 1634 3220 1697 intendunt.
3257 1636 3376 1698 Sed
3409 1636 3712 1718 quoniam
3742 1636 3989 1718 optimo

2488 1731 2879 1794 assimilatur
2925 1732 3169 1815 aliquid
3224 1752 3338 1815 per
3385 1734 3506 1796 hoc
3560 1735 3727 1816 quod
3779 1734 3857 1796 fit
3909 1736 3989 1797 si-

885 1832 1117 1914 inquit,
1162 1832 1397 1894 dicitur
1443 1832 1595 1894 finis
1644 1833 1918 1915 alicujus
1969 1834 2058 1896 rei
2110 1834 2380 1916 duplici·
2411 1831 2458 1892 B
2493 1830 2644 1891 mile
2686 1829 2932 1893 meliori
2974 1851 3062 1905 se,
3099 1831 3240 1894 ideo
3279 1832 3488 1894 omnis
3529 1842 3817 1895 creatura
3851 1852 3986 1897 cor-

884 1939 997 1993 ter.
1021 1932 1249 2005 Primo,
1268 1932 1419 2013 quia
1452 1932 1515 1995 in
1547 1931 1706 1994 illud
1737 1933 2109 1995 naturaliter
2138 1934 2374 1995 tendit:

884 2030 1049 2092 sicut
1110 2030 1326 2092 omnia
1383 2030 1683 2093 dicuntur
1742 2039 2041 2112 appetere
2107 2030 2379 2093 beatitu—

882 2127 1117 2191 dinem.
1172 2129 1483 2201 Secund0,
1538 2128 1688 2211 quia
1738 2149 1815 2191 ex
1868 2146 1943 2190 eo
1994 2129 2163 2211 quod
2214 2129 2378 2191 ordi-

882 2234 1069 2289 natur
1119 2228 1183 2289 in
1234 2227 1445 2308 ipsum
1496 2227 1661 2288 sicut
1712 2227 1777 2289 in
1826 2226 2048 2301 finem,
2097 2226 2377 2309 aliquam

882 2325 1293 2406 consequitur
1327 2325 1664 2387 utilitatem
1697 2325 2047 2387 secundum
2083 2324 2378 2387 intentio-

880 2442 1028 2485 nem
1078 2424 1496 2504 ordinemque
1538 2424 1801 2504 agentiS.
1844 2424 2120 2504 Utroque
2164 2431 2378 2485 autem

884 2522 1071 2585 modo
1129 2521 1319 2584 homo
1376 2522 1610 2584 dicitur
1670 2522 1820 2584 finis
1874 2529 2306 2584 creaturarum
2361 2539 2374 2583 :

885 2620 1092 2702 primo
1125 2621 1312 2683 modo
1340 2640 1417 2682 ex
1452 2629 1627 2702 parte
1667 2620 1900 2701 operis,
1935 2621 2216 2682 secundo
2251 2638 2380 2682 mo-

884 2720 965 2781 do
994 2739 1070 2781 ex
1106 2726 1278 2800 parte
1316 2719 1581 2800 agentis.
1616 2718 1999 2793 Differenter
2028 2726 2240 2780 tamen
2273 2719 2380 2780 ho-

884 2835 990 2879 mo
1036 2816 1271 2879 dicitur
1319 2817 1473 2879 sinis
1528 2836 1762 2890 rerum,
1815 2825 1877 2878 et
1936 2816 2185 2879 bonitas
2241 2817 2371 2878 Dei.

882 2914 1108 2977 Divina
1149 2914 1322 2977 enim
1365 2915 1613 2977 bonitas
1655 2934 1732 2977 ex
1778 2922 1953 2996 parte
1996 2915 2240 2996 agentis
2283 2923 2378 2977 est

2492 1928 2724 2009 poralis
2771 1930 2970 1991 tendit
3010 1930 3076 1992 in
3118 1930 3642 1992 assimilationem
3681 1940 3986 1996 creaturae

2491 2026 2938 2090 intellectualis
2989 2036 3298 2110 quantum
3352 2036 3582 2110 potest,
3629 2049 3768 2111 quae
3809 2031 3987 2093 altio-

2490 2125 2541 2185 ri
2593 2126 2781 2188 modo
2829 2126 3112 2189 divinam
3157 2126 3506 2190 bonitatem
3549 2129 3980 2211 consequitur.

2488 2223 2646 2284 Hinc
2687 2231 2756 2285 et·
2793 2224 2998 2286 forma
3041 2225 3343 2299 hominiS,
3376 2232 3596 2307 utpote
3636 2227 3853 2290 anima
3895 2247 3987 2289 ra-

2489 2320 2762 2395 tionaliS,
2783 2322 3018 2384 dicitur
3047 2342 3186 2385 csse
3217 2323 3368 2385 finis
3401 2324 3665 2386 ultimus
3697 2344 3732 2387 a
3763 2334 3986 2387 natura

2488 2418 2775 2482 inferiori
2824 2422 3126 2495 intentuS,
3162 2430 3350 2504 prout
3393 2424 3673 2485 secundo
3719 2424 3798 2486 de
3837 2424 3984 2487 Ani-

2490 2537 2592 2580 ma
2620 2518 2872 2582 dicitur.
2907 2521 3123 2602 ltaque
3154 2538 3279 2583 non
3313 2529 3408 2583 est
3438 2521 3630 2584 homo
3666 2521 3822 2585 sinis
3853 2542 3982 2585 cre-

2487 2624 2810 2679 aturarum
2844 2618 3218 2701 principalis
3251 2626 3314 2681 et
3354 2619 3644 2682 ultimate
3675 2621 3980 2697 intentus,

2487 2716 2595 2777 sed
2629 2716 2793 2777 sicut
2834 2716 2898 2778 id
2930 2718 3007 2779 ad
3049 2717 3216 2799 quod
3256 2718 3471 2799 aliquo
3512 2720 3699 2782 modo
3737 2720 3985 2783 ordina-

2487 2821 2591 2874 tur
2637 2832 2797 2895 opus
2847 2834 2958 2877 seu
3011 2815 3280 2878 effectus
3329 2817 3440 2878 Dei
3489 2817 3754 2898 agentis.
3810 2819 3984 2882 Unde

2488 2912 2768 2973 secundo
2823 2913 3058 2975 dicitur
3107 2914 3517 2996 Physicorum
3573 2932 3588 2976 τ
3639 2916 3874 2979 Sumus
3921 2925 3985 2979 et

878 3012 1033 3076 sinis
1062 3032 1275 3077 rerum
1308 3013 1473 3076 sicut
1504 3014 1801 3076 ultimum
1836 3013 2150 3075 intentum
2181 3034 2217 3075 a
2252 3015 2376 3076 Deo
2412 3015 2455 3078 C
2487 3028 2600 3072 nos
2632 3012 3099 3091 quodammodo
3127 3012 3281 3074 finis
3310 3013 3801 3077 omnium—Si
3835 3034 3984 3079 vero

878 3121 1121 3195 agente.
1156 3112 1389 3175 Natura
1436 3131 1585 3175 vero
1633 3113 1913 3175 humana
1959 3129 2085 3173 non
2136 3120 2232 3174 est
2281 3114 2374 3174 in-

880 3220 1052 3275 tenta
1114 3231 1150 3274 a
1212 3211 1339 3273 Deo
1405 3211 1585 3293 quasi
1656 3229 1917 3273 movens
1982 3211 2373 3272 voluntatem

880 3311 1042 3393 ejuS,
1090 3311 1199 3373 sed
1248 3309 1414 3371 sicut
1462 3310 1539 3370 ad
1590 3309 1774 3389 cujus
1826 3309 2165 3371 utilitatem
2211 3309 2376 3370 ordi-

880 3417 1065 3471 natus
1098 3418 1195 3471 est
1230 3407 1501 3470 effect-us
1543 3408 1745 3489 ipsius
1786 3407 1917 3469 Dei.
1954 3408 2093 3490 Ipse
2135 3407 2373 3489 quippe

880 3508 1204 3589 duplicem
1261 3507 1325 3567 in
1382 3507 1681 3569 universo
1734 3505 2009 3568 instituit
2055 3506 2368 3580 ordinem,

880 3607 1122 3670 scilicet
1160 3623 1173 3667 :
1210 3604 1652 3687 principalem,
1690 3622 1819 3685 quo
1856 3623 1953 3665 res
1998 3604 2374 3667 ordinantur

881 3707 946 3768 in
988 3706 1225 3783 Deum3
1258 3713 1319 3767 et
1359 3703 1829 3775 secundarium,
1865 3720 1991 3784 quo
2033 3722 2156 3764 una
2192 3703 2373 3784 juvat

877 3804 1068 3866 aliam
1112 3804 1190 3864 ad
1229 3802 1647 3865 obtinendum
1689 3800 2176 3863 similitudinem
2217 3801 2374 3863 divi-

878 3922 1045 3965 nam.
1082 3903 1339 3983 Propter
1368 3900 1537 3982 quod
1576 3900 1955 3961 duodecimo
1995 3900 2371 3981 'metaphysi-

877 4020 967 4064 cae
1016 4000 1271 4073 dicitur,
1322 3999 1490 4080 quod
1542 3997 1695 4060 ordo
1755 3997 2031 4079 partium
2089 3997 2367 4060 universi

876 4107 971 4161 est
1017 4105 1273 4181 propter
1317 4097 1603 4159 ordinem
1648 4096 1830 4158 illum
1865 4096 1981 4176 qui
2022 4104 2117 4157 est
2157 4096 2219 4157 in
2263 4095 2371 4158 bo-

2484 3108 2847 3189 objiciatur,
2883 3111 3050 3192 quod
3092 3111 3309 3175 multae
3350 3120 3498 3174 sunt
3538 3121 3842 3177 creatura}
3876 3134 3984 3177 no—

2484 3207 2584 3269 bis
2633 3207 2876 3271 nocivae
2925 3210 3025 3270 vel
3077 3227 3200 3271 non
3255 3210 3464 3284 utiles,
3500 3219 3568 3272 ut
3616 3210 3977 3286 basiliscus,

2484 3306 2705 3386 spinae,
2741 3306 3024 3387 pulices3
3057 3308 3594 3389 respondendum,
3628 3310 3800 3390 quod
3832 3310 3982 3372 talia

2483 3422 2609 3466 non
2642 3403 2895 3465 fuerunt
2921 3424 2957 3466 a
2989 3405 3308 3487 principio
3339 3406 3564 3469 nociva
3593 3407 3976 3483 hominibus,

2482 3503 2591 3564 sed
2636 3510 2774 3585 post
2808 3504 3083 3584 culpam.
3119 3504 3209 3565 Ex
3245 3504 3480 3585 quibus
3522 3505 3726 3569 nihilo
3765 3507 3980 3571 minus

2480 3601 2709 3683 aliquae
2759 3602 3063 3663 utilitates
3113 3603 3494 3684 proveniunt
3543 3604 3730 3668 nobis
3773 3624 3786 3667 ε
3829 3608 3980 3689 quia

2480 3718 2556 3760 ex
2607 3700 2699 3761 eis
2749 3700 3186 3774 humiliamur,
3237 3708 3426 3783 atque
3476 3702 3540 3764 in
3589 3703 3682 3765 eis
3731 3705 3980 3787 sapien-

2480 3797 2634 3859 tiam
2674 3807 2736 3860 et
2774 3798 3042 3879 gloriam
3085 3800 3194 3861 Dei
3234 3800 3733 3875 consideramus,
3767 3822 3844 3865 ex
3883 3805 3976 3867 eis

2481 3914 2734 3979 quoque
2781 3896 2843 3957 in
2888 3898 3248 3977 cognitione
3292 3908 3354 3960 et
3395 3900 3739 3981 multiplici
3785 3902 3979 3965 inl'or-

2482 3996 2757 4057 matione
2817 3995 3212 4077 proficimus.
3266 3996 3718 4062 Verumtamen
3767 4008 3980 4063 aucto-

2481 4092 2632 4155 ritas
2691 4093 3053 4175 Philosophi
3104 4114 3181 4156 ex
3229 4096 3509 4159 secundo
3565 4097 3976 4180 Physicorum

875 4217 1032 4260 num
1084 4196 1382 4259 ultimum
1432 4214 1505 4256 ac
1554 4194 1865 4256 divinum.
1903 4194 2132 4276 Sicque
2182 4213 2370 4257 omne
2402 4200 2450 4262 D
2483 4190 2762 4266 inducta,
2823 4192 2900 4253 de
2967 4192 3414 4255 artificialibus
3477 4196 3771 4258 sumitur.
3833 4197 3979 4260 Haec

876 4295 1035 4358 illud
1094 4293 1330 4355 dicitur
1378 4299 1637 4374 propter
1683 4292 1855 4353 aliud
1904 4310 2064 4365 esse,
2116 4310 2194 4353 ex
2245 4310 2370 4373 quo

878 4394 1169 4476 provenit
1208 4392 1266 4453 ei
1301 4391 1559 4452 utilitaS.
1598 4390 1772 4463 Quod
1814 4390 2122 4470 contingit
2162 4390 2369 4471 dupli-

878 4491 1055 4553 citer.
1098 4489 1308 4553 Primo
1356 4489 1469 4562 sic,
1504 4489 1673 4570 quod
1726 4488 1883 4550 illud
1930 4506 2006 4549 ex
2058 4506 2186 4569 quo
2234 4505 2373 4568 pro-

876 4590 1053 4651 venit
1097 4588 1287 4651 alicui
1341 4587 1603 4659 utilitas,
1659 4603 1782 4647 non
1841 4586 2065 4647 habeat
2125 4586 2376 4667 partici-

879 4688 1198 4771 pationem
1244 4686 1543 4749 bonitatis
1582 4684 1814 4747 divinae
1852 4684 1974 4745 nisi
2020 4685 2372 4746 secundum

875 4787 1165 4850 ordinem
1215 4786 1355 4867 ejus
1398 4785 1473 4845 ad
1520 4786 1639 4846 hoc
1684 4784 1786 4845 cui
1830 4790 1927 4844 est
1970 4782 2123 4844 utile
2160 4800 2174 4843 ε
2209 4783 2375 4844 sicut

877 4893 1025 4947 sunt
1066 4891 1275 4966 partes
1313 4884 1392 4944 ad
1424 4889 1649 4955 totum,
1682 4888 1744 4943 et
1773 4881 2067 4943 accidens
2106 4882 2185 4942 ad
2226 4882 2372 4943 sub·

873 4984 1139 5065 jectum,
1182 5001 1323 5063 quae
1372 4998 1499 5042 non
1549 4987 1782 5053 essent,
1828 4979 1948 5041 nisi
2002 4979 2159 5041 illud
2207 4988 2375 5041 esset

878 5081 980 5143 cui
1022 5100 1101 5141 ex
1130 5080 1221 5141 eis
1265 5077 1553 5159 provenit
1595 5076 1857 5139 utilitas.
1892 5078 2187 5150 Quaedam
2224 5096 2374 5140 vero

879 5186 1027 5241 sunt
1071 5198 1211 5259 quae
1255 5175 1490 5239 habent
1533 5174 2085 5257 participationem
2130 5176 2375 5239 bonita-

881 5278 960 5340 tis
1018 5274 1251 5339 divinae
1304 5274 1681 5349 absolutam,
1734 5294 1810 5337 ex
1858 5294 1985 5357 qua
2036 5276 2227 5338 alicui
2283 5276 2372 5337 rei

2481 4291 2752 4353 Thomas
2797 4291 2861 4352 in
2907 4291 3173 4373 ScriptO.

2559 4390 2668 4451 llis
2707 4409 2823 4472 per
2859 4390 3072 4451 omnia
3109 4390 3327 4452 Petrus
3363 4393 3738 4471 concordat;
3770 4401 3834 4454 et.
3870 4394 3977 4455 ad-

2481 4488 2573 4548 dit
2619 4506 2632 4549 :
2677 4488 2920 4569 Duplex
2970 4495 3066 4549 est
3113 4488 3266 4550 finis
3317 4490 3406 4551 rei
3461 4498 3754 4572 operatae,
3800 4491 3981 4554 vide-

2484 4585 2630 4647 licet
2663 4604 2677 4648 :
2711 4586 2863 4648 sinis
2894 4587 3223 4668 proximus
3253 4606 3361 4649 seu
3397 4588 3714 4670 propriuS,
3735 4590 3847 4671 qui
3878 4600 3978 4652 est

2482 4685 2764 4767 operatio
2817 4684 3004 4766 ejus3
3055 4692 3116 4747 et
3171 4686 3322 4748 item
3380 4685 3532 4749 finis
3583 4686 3846 4750 ultimus
3899 4708 3976 4751 ac

2483 4783 2865 4855 communiS‚
2899 4792 3050 4864 puta
3081 4783 3329 4847 bonitas
3360 4784 3593 4847 divina.
3629 4786 3972 4849 Sciendum

2482 4900 2654 4956 vero,
2687 4883 2856 4964 quod
2905 4882 3072 4943 sicut
3113 4883 3347 4964 duplex
3391 4891 3487 4945 est
3529 4903 3743 4965 agenS,
3785 4886 3872 4948 ita
3912 4894 3977 4948 et

2483 4980 2718 5062 duplex
2760 4987 2856 5041 est
2899 4980 3052 5042 finis
3096 4998 3109 5042 :
3155 4980 3307 5042 sinis
3359 5001 3636 5063 namque
3679 4990 3744 5045 et
3782 5003 3978 5066 agens

2484 5078 3044 5161 proportionantur
3074 5080 3149 5140 ad
3184 5078 3481 5154 invicem,
3509 5080 3674 5143 sicut
3713 5083 3980 5145 materia

2482 5185 2544 5239 et
2575 5176 2798 5239 forma.
2837 5177 2944 5238 Est
2974 5178 3146 5239 enim
3178 5179 3495 5260 quoddam
3525 5198 3720 5261 agens
3749 5180 3980 5262 impro-

2484 5274 2915 5357 portionatum
2979 5274 3264 5349 effectui,
3327 5284 3395 5338 ut
3448 5295 3640 5357 agens
3701 5278 3978 5360 aequivo-
