4334 6242
888 478 1010 546 262

1564 497 1891 546 mutuum
1932 501 1974 548 11
2018 502 2499 548 SENTENUARUM.
2545 521 2626 530 —
2667 503 2818 548 msT.
2865 503 2971 565 1113
3016 502 3239 557 QUAEST.
3283 502 3324 546 V

889 668 1285 750 plementum
1317 670 1819 752 pulcherrimum
1860 673 2097 753 glorioe,
2132 672 2379 753 qualem
2414 670 2464 733 Α
2492 673 2792 745 secund0‚
2845 672 3220 734 necessitate
3278 671 3380 733 vel
3440 671 3712 732 utilitate
3773 687 3993 730 rerum

887 767 985 828 vis
1031 767 1415 830 intellectiva
1463 770 1833 831 naturaliter
1874 780 2079 852 potest
2122 770 2377 842 habere,

887 865 1175 946 impletio
1214 867 1653 948 possibilitatis
1685 870 1989 931 naturalis
2020 869 2260 951 absque
2293 869 2382 930 di-

888 964 1262 1038 minutione,
1296 973 1359 1027 et
1408 967 1734 1029 evacuatio
1786 968 2028 1048 integra
2078 968 2382 1049 potentia-

886 1061 1080 1123 litatis
1118 1072 1177 1124 et
1224 1063 1745 1145 imperfectionis
1780 1065 1935 1126 Nam
1977 1074 2039 1127 et
2083 1065 2382 1146 imperfe—

887 1169 1026 1222 ctus
1056 1170 1152 1223 est
1184 1162 1345 1224 liber
1374 1163 1483 1244 qui
1515 1181 1641 1225 non
1682 1172 1776 1225 est
1808 1171 1973 1226 totus
2010 1163 2378 1244 inscriptuS,

887 1257 1385 1341 indecorumque
1427 1268 1617 1342 caput
1661 1263 1827 1343 quod
1873 1279 1999 1324 non
2042 1270 2137 1324 est
2181 1269 2380 1324 totum

884 1356 1034 1439 pilis
1078 1365 1390 1419 ornatum.

963 1456 1169 1528 Quum
1211 1456 1403 1536 igitur
1443 1457 1561 1518 ista
1599 1457 1681 1518 sit
1720 1465 1943 1519 natura
1984 1457 2376 1538 angelorum,

884 1563 955 1616 ut
985 1555 1356 1617 naturaliter
1395 1556 1591 1616 creari
1634 1551 2040 1618 non'valeant
2080 1557 2204 1618 nisi
2242 1575 2380 1638 per-

884 1650 1035 1712 fecti
1077 1653 1345 1713 naturali
1386 1651 1775 1734 perfectione
1819 1661 2127 1734 quantum
2168 1654 2247 1714 ad
2289 1655 2380 1715 in-

884 1749 1231 1822 tellectum,
1294 1750 1478 1830 cujus
1541 1751 1844 1812 naturalis
1912 1750 2219 1832 perfectio
2286 1760 2377 1813 est.

2491 789 2761 851 quarum
2801 771 3075 832 solarum
3119 770 3395 850 cognitio
3435 769 3592 851 ipsis
3631 765 3996 830 necessaria

2492 867 2748 929 utilisve
2791 868 3097 930 consistit..
3141 905 3221 914 -
3263 869 3406 930 Haec
3449 866 3850 930 Guillelmus.

2570 966 2638 1026 ln
2689 965 2874 1045 cujus
2923 965 3134 1028 verbis
3189 966 3476 1047 quaedam
3531 963 3846 1026 contineri
3904 963 3994 1025 vi-

2491 1063 2721 1125 dentur
2765 1063 3054 1136 obscura,
3088 1073 3150 1125 et
3196 1083 3232 1126 a
3281 1063 3604 1126 communi
3656 1063 3995 1124 doctorum

2491 1163 2781 1242 dogmate
2824 1162 3077 1224 aliena:
3111 1169 3180 1224 ut
3224 1163 3392 1243 quod
3439 1168 3703 1223 testatur
3745 1169 3810 1222 et
3854 1180 3996 1242 per-

2491 1261 2755 1323 suadere
2788 1268 3071 1334 conatur,
3091 1260 3332 1342 angelis
3364 1259 3734 1322 naturaliter
3767 1267 3996 1320 notum

2491 1378 2630 1420 esse
2688 1378 3026 1420 numerum
3076 1378 3282 1421 arenae
3332 1359 3522 1420 maris
3581 1358 3995 1440 pluvialium-

2493 1475 2616 1537 que
2655 1463 3000 1534 guttarum,
3037 1475 3422 1528 muscarum,
3456 1465 3518 1516 et
3553 1455 3994 1517 consimilium

2493 1572 2728 1627 rerum,
2763 1553 2977 1615 omnia
3006 1572 3260 1635 quoque
3291 1553 3630 1635 praeterita,
3655 1553 3998 1634 praesentia

2492 1659 2554 1712 et
2598 1651 2812 1712 futura
2846 1669 2860 1712 ε
2895 1651 2971 1713 de
3013 1653 3246 1734 quibus
3293 1653 3356 1713 in
3399 1651 3844 1714 Ecclesiastico
3885 1651 3995 1712 ha-

2494 1749 2700 1822 betur,
2733 1751 3000 1811 Arenam
3055 1750 3247 1811 maris
3289 1757 3351 1811 et
3395 1750 3628 1831 pluviae
3673 1757 3886 1829 guttas
3931 1757 3995 1809 et
4038 1763 4250 1806 eatam.

884 1848 1200 1929 completa
1242 1849 1505 1910 scientia
1544 1849 1849 1910 naturalis
1880 1849 2027 1929 (hoc
2072 1857 2162 1911 est
2208 1857 2381 1912 natu·
2419 1848 2464 1909 B
2494 1848 2628 1909 dies
2676 1847 2888 1908 saeculi
2941 1847 3085 1928 quis
3142 1847 3610 1909 dinumeravit?
3657 1848 3773 1909 Per
3820 1847 3994 1928 quod

885 1945 1099 2008 raliter
1140 1945 1339 2007 indita
1386 1965 1497 2007 seu
1545 1946 1785 2024 innata)
1827 1965 2045 2009 eorum
2094 1967 2235 2028 quae
2279 1967 2383 2009 na-

884 2043 1172 2105 turaliter
1206 2052 1354 2104 sunt
1391 2043 1680 2120 scibilia3
1713 2045 2249 2124 quemadmodum
2291 2046 2382 2127 pi-

883 2159 1019 2202 sces
1082 2141 1265 2202 multi
1322 2150 1646 2223 nequeunt
1701 2141 1874 2203 nasci
1929 2142 2050 2203 nisi
2115 2143 2379 2223 perfecti

884 2237 1245 2318 integritate
1304 2239 1737 2301 membrorum
1789 2258 2073 2313 suorum,
2126 2241 2381 2302 virtuti·

882 2334 1001 2398 bus
1041 2352 1294 2417 quoque
1334 2336 1717 2398 animalibus
1764 2336 2017 2398 motivis
2056 2347 2117 2400 et
2158 2357 2383 2419 appre-

880 2433 1186 2505 hensivis‚
1241 2441 1499 2515 propter
1545 2436 1712 2515 quod
1764 2435 1917 2507 nati,
1970 2454 2117 2497 mox
2165 2444 2383 2498 natant

880 2531 960 2592 ad
1010 2540 1283 2612 pastum,
1320 2534 1486 2612 quod
1532 2540 1596 2592 ct
1640 2533 1703 2593 in
1748 2532 2112 2594 volatilibus
2162 2533 2384 2594 multis

882 2628 971 2689 ita
1010 2647 1077 2690 se
1116 2627 1306 2690 habet
1339 2647 1352 2689 :
1386 2636 1622 2709 quanto
1664 2629 1862 2710 magis
1906 2630 1966 2690 in
2011 2629 2381 2692 substantiis

882 2725 1187 2806 separatis
1221 2726 1305 2786 ita
1335 2745 1401 2787 se
1444 2726 1674 2788 habere
1706 2731 1996 2807 oportet?
2032 2729 2379 2809 praesertim

883 2843 1083 2904 quum
1143 2842 1359 2885 earum
1422 2825 1729 2904 perfectio
1783 2845 1898 2886 nec
1955 2834 2208 2907 tempus
2264 2847 2382 2888 nec

886 2939 1128 2982 moram
1170 2920 1367 2982 ullam
1410 2922 1709 3002 requirat,
1743 2925 2280 3003 quemadmodum
2315 2925 2380 2986 in

2493 1944 2802 2006 insinuari
2838 1944 3108 2016 videtur,
3142 1945 3310 2026 quod
3342 1944 3618 2007 Creatori
3659 1946 3996 2026 proprium

2493 2043 2576 2103 sit
2618 2042 2723 2103 illa
2763 2059 3159 2122 cognoscere.
3194 2078 3272 2087 —
3303 2043 3563 2114 RursuS,
3599 2043 3764 2124 quod
3805 2043 3894 2104 ait
3933 2049 4000 2103 et

2495 2140 2740 2222 probat,
2780 2141 3036 2220 angelos
3083 2141 3146 2202 in
3187 2160 3300 2202 sua
3345 2141 3662 2202 creatione
3708 2141 3772 2202 in
3817 2141 3996 2202 omni

2495 2238 2762 2298 naturali
2796 2236 3063 2299 scientia
3099 2245 3288 2318 atque
3319 2237 3666 2299 virtutibus
3707 2238 3998 2299 conditos

2493 2334 2692 2397 fuisse
2743 2335 3077 2416 perfectOS,
3128 2335 3586 2417 actualiterque
3635 2336 3998 2416 suscepisse

2494 2440 2556 2494 et
2605 2433 2904 2494 habuisse
2956 2433 3122 2513 quod
3171 2450 3395 2513 capere
3446 2441 3756 2513 poterant,
3791 2443 3855 2495 et
3908 2442 3996 2494 ta-

2495 2550 2642 2592 men
2685 2538 2902 2611 postea
2946 2530 3228 2611 loquitur
3267 2531 3434 2611 quod
3476 2531 3640 2592 dona
3683 2531 4000 2592 naturalia

2493 2637 2782 2711 poterant
2831 2629 2892 2690 in
2939 2629 3031 2691 eis
3075 2629 3315 2709 augeri,
3349 2648 3474 2692 non
3519 2639 3781 2712 apparet
3835 2631 3998 2692 invi-

2494 2747 2629 2788 cem
2675 2745 3038 2788 consonare.
3073 2763 3153 2772 -
3183 2728 3468 2808 Insuper,
3503 2728 3672 2808 quod
3717 2728 3828 2800 ait,
3864 2727 3994 2790 vim

2496 2825 2946 2886 intellectivam
2991 2842 3212 2886 eorum
3265 2825 3422 2888 nihil
3473 2843 3586 2906 per
3631 2834 3840 2906 partes
3887 2833 3998 2887 aut

2493 2923 2895 2984 successione
2928 2941 3112 3003 posse
3143 2923 3488 3004 suscipere,
3513 2923 3764 2984 videtur
3792 2943 3828 2984 a
3861 2924 3998 3004 phi—

883 3019 1253 3080 hominibus
1284 3020 1421 3100 (qui
1463 3027 1523 3081 et.
1566 3019 1703 3081 sine
1742 3021 2038 3083 dentibus
2078 3041 2380 3101 generan-
2415 3019 2458 3082 C
2497 3021 2778 3101 losopbis
2819 3021 3201 3093 discordare,
3235 3021 3586 3082 secundum
3633 3039 3793 3102 quos
3842 3022 3997 3082 infe-

882 3118 1013 3198 tur)
1042 3126 1105 3178 et
1142 3117 1526 3179 animalibus
1568 3118 1786 3180 multis
1822 3119 2133 3181 videmus.
2168 3120 2381 3182 Virtus

882 3216 1053 3276 enim
1088 3215 1473 3277 intellectiva
1505 3215 1663 3277 nihil
1707 3236 1819 3296 per
1852 3224 2059 3296 partes
2100 3226 2207 3278 aut
2243 3238 2380 3279 suc-

882 3313 1124 3374 cessive
1164 3313 1447 3393 recipere
1491 3320 1714 3392 potest,
1748 3314 1857 3375 sed
1888 3333 1963 3375 ex
2008 3316 2382 3378 necessitate

881 3417 1011 3472 tota
1042 3411 1232 3472 simul
1262 3428 1336 3472 ac
1368 3411 1579 3472 subito
1621 3410 2053 3490 illuminatum
2086 3413 2384 3475 similiter

884 3508 981 3570 vis
1032 3507 1265 3569 motiva
1318 3527 1429 3569 seu
1477 3507 1773 3570 affectiva
1823 3510 2218 3590 angelorum,
2261 3511 2382 3572 vir-

886 3612 1018 3666 tute
1066 3613 1193 3666 tota
1242 3604 1431 3666 simul
1482 3613 1543 3666 ct.
1594 3614 1851 3686 repente.
1899 3607 2252 3687 perficitur.
2291 3610 2382 3670 ld-

888 3703 1059 3764 circo
1093 3703 1155 3763 in
1189 3721 1410 3764 eorum
1442 3704 1758 3765 creatione
1790 3706 2070 3785 oportuit
2105 3724 2212 3767 eos
2246 3707 2385 3768 illu-

888 3801 1115 3863 minari
1151 3800 1423 3863 totaliter
1453 3821 1526 3863 ac
1566 3801 1776 3863 subito
1808 3803 2073 3864 scientia
2110 3806 2382 3866 naturali

887 3898 1223 3979 completa,
1257 3907 1562 3980 quantum
1606 3901 1683 3961 ad
1717 3901 1845 3962 vim
1884 3901 2381 3978 intellectivan13

884 3995 1111 4076 perfici
1146 4015 1397 4078 quoque
1441 3997 1715 4059 totaliter
1743 4018 1816 4059 ac
1856 3999 2067 4061 subito
2102 3999 2384 4063 bonitate

888 4093 1151 4173 integra,
1203 4113 1343 4175 quae
1390 4103 1486 4156 est
1536 4103 1705 4156 totus
1760 4096 1950 4156 decor
1997 4097 2382 4159 naturalium

2495 3119 2691 3181 riores
2727 3119 3159 3198 intelligentiae
3189 3139 3225 3180 a
3256 3119 3689 3200 superioribus
3719 3119 4000 3200 dirigun-

2500 3225 2600 3278 tur
2629 3225 2690 3277 et
2723 3217 3137 3278 illustrantur.
3167 3216 3340 3277 [inde
3373 3216 3438 3277 iu
3472 3215 3634 3279 libro
3665 3217 3742 3278 de
3775 3218 3996 3280 Causis

2493 3315 2998 3395 asseritur-,quod
3031 3315 3465 3394 intelligentiae
3497 3314 3830 3377 inferiores
3863 3336 3999 3397 pro-

2493 3415 2724 3495 jiciunt
2769 3414 2983 3475 vultus
3034 3433 3181 3476 suos
3231 3434 3424 3495 super
3475 3414 3718 3476 lumina
3768 3414 3998 3477 intelli-

2495 3512 2852 3593 gentiarum
2893 3513 3318 3593 superiorum,
3355 3519 3421 3573 ut
3463 3512 3880 3594 perficiantur
3915 3515 3994 3576 ab

2497 3611 2674 3692 ipsis.

2575 3709 2678 3770 Ait
2718 3709 2920 3770 etiam'
2958 3709 3121 3769 inter
3165 3708 3297 3770 haec
3333 3726 3346 3770 :
3383 3709 3735 3790 prophetici
3787 3712 3996 3792 splen-

2496 3808 2678 3868 dores
2729 3815 2791 3868 ct
2839 3806 2980 3868 atiae
3039 3806 3536 3868 illuminationes
3588 3827 3730 3887 quae.
3781 3809 3996 3870 desur-

2497 3924 2639 3966 sum
2671 3911 2840 3974 sunt,
2878 3903 3151 3965 totaliter
3191 3904 3384 3966 simul
3425 3923 3498 3966 ac
3537 3904 3750 3967 subito
3788 3906 3994 3968 infun-

2498 4005 2752 4064 duntur.
2803 4003 3031 4064 Contra
3080 4003 3248 4082 quod
3300 4002 3495 4082 objici
3547 4011 3774 4084 potest,
3827 4006 3989 4086 quod

2497 4101 2884 4181 prophetica»
2944 4099 3360 4161 revelationes
3420 4102 3848 4163 communiter
3907 4102 3989 4164 fa-

886 4191 1219 4264 virtutum,
1254 4199 1561 4272 quantum
1601 4192 1679 4252 ad
1710 4193 1839 4254 vim
1884 4194 2206 4255 motivam.
2243 4196 2386 4256 Am-
2415 4195 2465 4257 D
2498 4207 2613 4260 ctae
2661 4217 2806 4259 cum
2859 4196 3230 4277 imaginaria
3281 4197 3544 4271 visione,
3592 4199 3832 4281 diuque
3881 4221 3988 4262 sae·

888 4288 1079 4369 pliuS,
1112 4297 1239 4350 tota
1278 4306 1497 4349 eorum
1542 4289 1848 4369 perfectio
1881 4292 2155 4371 desuper
2185 4293 2380 4365 venit,

887 4402 1004 4444 nec
1053 4383 1133 4444 ab
1181 4383 1590 4445 inferioribus
1640 4385 1986 4466 quidquam
2040 4388 2378 4468 recipiunt.

886 4515 967 4525 ——
989 4480 1115 4542 Nec
1148 4481 1233 4542 ita
1265 4481 1563 4562 praedicta
1596 4483 1901 4563 intellige,
1923 4485 2075 4566 quin
2108 4486 2317 4549 adbuc
2347 4506 2384 4547 a

888 4579 1177 4641 Creatore
1207 4580 1447 4661 possint
1472 4581 1753 4661 recipere
1781 4583 1945 4644 dona
1979 4583 2179 4664 ipsius
2205 4602 2218 4646 ε
2247 4586 2382 4667 ipse

886 4676 1057 4737 enim
1105 4677 1165 4738 in
1212 4677 1303 4738 eis
1346 4685 1550 4758 potest
1593 4697 1823 4758 augere
1870 4681 2180 4742 naturalia
2217 4683 2382 4744 dona

891 4791 1039 4851 sua;
1072 4775 1147 4836 de
1180 4775 1771 4855 supernaturalibus
1804 4777 1992 4838 etiam
2028 4786 2087 4839 et
2119 4782 2380 4843 secretis

888 4873 1206 4953 mysteriis
1251 4879 1456 4953 potest
1498 4891 1606 4935 eos
1650 4875 1893 4936 docere.
1930 4876 2162 4937 Verum
2207 4887 2382 4939 natu-

888 4971 1037 5030 ralis
1086 4971 1584 5032 substantiarum
1634 4980 2065 5052 separatarum
2115 4975 2382 5039 scicntia

885 5067 1134 5130 duobus
1188 5068 1390 5129 modis
1441 5076 1537 5130 est
1582 5069 1848 5131 limitata
1896 5089 1909 5130 :
1956 5071 2259 5151 primuni,
2311 5074 2378 5134 li-

888 5165 1041 5226 mite
1082 5184 1193 5226 seu
1232 5166 1503 5228 termino
1538 5167 1923 5228 naturalium
1960 5187 2194 5236 rerum,
2229 5191 2379 5251 qua-

886 5283 1027 5324 rum
1070 5263 1231 5326 fines
1270 5263 1535 5326 scientia
1578 5265 1683 5327 illa
1718 5265 1891 5328 exire
1934 5283 2059 5328 non
2103 5267 2371 5348 sinitur3

2497 4295 2641 4376 pius
2672 4294 2999 4367 durarunt,
3028 4303 3089 4356 et
3120 4295 3478 4356 successive
3511 4296 3865 4376 completae,
3885 4317 3988 4358 an-

2493 4393 2652 4473 gelis
2683 4393 2915 4454 sanctis
2948 4393 3355 4474 loquentibus
3387 4413 3534 4454 cum
3565 4394 3908 4475 Prophetis,
3927 4403 3986 4456 et

2494 4490 2957 4571 exponentibus
2991 4491 3145 4572 ipsis
3179 4510 3291 4573 per
3319 4491 3768 4554 allocutionem
3802 4492 3986 4554 inter-

2493 4607 2662 4656 nam,
2695 4595 2802 4648 aut
2842 4588 3032 4649 etiam
3082 4596 3429 4661 externam,
3463 4607 3574 4650 seu
3614 4589 3740 4652 alio
3777 4591 3981 4658 modo,

2492 4684 2990 4766 significationes
3043 4686 3558 4766 imaginariarum
3608 4695 3669 4749 et
3721 4689 3986 4768 prophe-

2492 4785 2713 4845 talium
2757 4784 3072 4846 visionum
3114 4801 3128 4845 ε
3167 4785 3332 4846 sicut
3376 4785 3440 4845 in
3481 4785 3660 4858 lsaia,
3689 4785 3982 4858 sei-emta,

2491 4881 2840 4952 Ezechiele,
2875 4882 3132 4943 Daniele
3181 4889 3244 4944 et
3283 4883 3658 4964 Apocalypsi
3706 4883 3765 4945 S.
3801 4883 3984 4945 Joan-

2489 4977 2591 5038 nis
2621 4978 2994 5039 ostenditur.
3031 4980 3163 5040 Iino
3202 4988 3260 5041 et
3295 4980 3524 5042 Paulus
3562 4981 3886 5060 apostolus
3917 4981 3982 5042 in

2489 5085 2672 5156 raptu
2715 5094 2828 5137 suo
2871 5077 2979 5137 diu
3021 5079 3312 5139 detentus
3357 5078 3500 5149 fuit,
3536 5086 3600 5139 et
3639 5077 3832 5139 verba
3877 5097 3982 5140 au·
4038 5101 4238 5144 uanus,

2487 5173 2642 5234 divit
2685 5193 2933 5244 arcana,
2977 5183 3166 5256 atque
3209 5183 3450 5238 secreta
3495 5176 3713 5237 didicit
3759 5176 3980 5256 plura;
4014 5169 4048 5206 *-

2487 5290 2603 5332 nec
2649 5280 2846 5334 totum
2895 5272 3012 5334 hoc
3056 5273 3293 5336 factum
3339 5281 3430 5336 est
3480 5273 3543 5336 in
3587 5274 3867 5336 instanti.
3903 5310 3982 5319 —
