4334 6242
841 448 959 514 140

1520 467 1587 513 m
1624 467 1849 515 Lmntm
1886 467 1933 514 11
1974 466 2456 515 SENTENTIARUH.
2497 485 2578 497 --
2617 467 2770 514 msr.
2817 466 2902 530 113
2945 467 3169 523 QUAEST.
3216 466 3259 512 11

842 638 1028 715 cavit,
1074 658 1273 722 quum
1318 637 1611 700 credatur
1656 636 1945 700 diabolus
1987 635 2190 699 fuisse
2237 654 2339 698 ex·
2367 634 2420 697 A
2447 638 2660 699 native
2711 638 2910 719 magis
2959 658 3148 721 quam
3198 638 3500 702 assertive
3550 638 3956 721 loquendum

842 736 1337 801 callentissimus
1375 735 1765 817 angelorum.
1798 771 1879 780 —
1908 734 2068 797 Hinc
2096 734 2207 797 alii
2245 754 2338 797 as-

841 837 1251 918 signaverunt
1280 835 1587 897 unitatem
1624 833 1743 896 aevi
1784 834 2025 896 ratione
2062 832 2337 913 subjecti

841 934 907 996 in
955 952 1083 1016 quo
1133 934 1339 1015 primo
1380 940 1642 1013 apparet
1684 951 1699 995 :
1743 931 1911 1013 quod
1962 938 2057 993 est
2101 930 2335 993 coelum

842 1051 1239 1115 empyreum,
1273 1032 1339 1094 in
1372 1048 1500 1112 quo
1530 1047 1656 1092 non
1689 1030 1857 1092 cadit
1886 1029 2173 1102 variatio,
2206 1029 2336 1091 imo

842 1130 1105 1193 omnino
1153 1130 1441 1211 quietum
1489 1137 1604 1191 est.
1653 1129 1774 1191 Sed
1823 1146 1941 1191 nec
1989 1128 2108 1191 hoc
2157 1126 2340 1189 suffi-

842 1230 927 1293 eit
970 1248 985 1292 ε
1029 1228 1333 1311 quoniam
1384 1227 1827 1290 immortalitas
1870 1234 1932 1288 et
1976 1225 2337 1308 impassibi-

842 1329 985 1392 litas
1044 1347 1158 1409 per
1215 1326 1393 1408 prius
1450 1332 1546 1387 est
1597 1326 1661 1387 in
1720 1324 2092 1388 substantiis
2152 1325 2338 1406 spiri-

841 1427 1123 1490 tualibus
1182 1444 1372 1508 quam
1431 1424 1889 1507 corporalibuS‚
1950 1443 2148 1506 quum
2211 1423 2340 1485 sint

841 1525 1185 1607 dignioreS,
1236 1530 1299 1585 et
1346 1523 1602 1605 dignius
1654 1523 2003 1585 mensurari
2053 1540 2183 1585 non
2232 1522 2338 1584 ha-

842 1626 988 1689 beat
1016 1644 1131 1707 per
1170 1630 1530 1705 respectum
1570 1622 1647 1683 ad
1688 1622 1901 1683 minus
1939 1622 2225 1702 dignum.
2260 1656 2341 1666 -

841 1725 1176 1805 Propterea
1212 1721 1321 1784 alii
1365 1721 1487 1783 nisi
1532 1728 1681 1783 sunt
1727 1737 1981 1782 sumere
2027 1718 2338 1781 unitatem

2447 742 2545 798 est
2585 735 2710 797 hic.

2526 835 2830 897 Praeterea
2862 836 2940 897 de
2971 834 3070 896 his
3111 835 3262 898 satis
3304 835 3668 898 notabiliter
3703 836 3790 899 ait
3819 837 3960 899 Du-

2449 932 2682 994 randus
2717 953 2730 997 :
2769 934 3124 996 Videndum
3165 941 3260 996 est
3299 935 3527 1016 primo,
3561 934 3714 1017 quid
3751 936 3838 997 sit
3867 934 3958 996 de

2449 1033 2689 1095 ratione
2730 1052 3063 1095 mensurae.
3097 1032 3186 1095 De
3227 1033 3413 1113 cujus
3461 1035 3700 1097 ratione
3737 1042 3838 1096 est
3879 1040 3958 1095 ut

2450 1149 2564 1213 per
2610 1150 2748 1193 eam
2811 1131 3117 1194 habeatur
3165 1133 3478 1195 certitudo
3526 1134 3603 1195 de
3650 1152 3719 1196 re
3767 1152 3956 1195 men-

2450 1236 2681 1302 surata,
2714 1230 2814 1291 vel
2850 1238 3157 1312 quantum
3200 1231 3278 1293 ad
3319 1230 3383 1293 id
3415 1233 3583 1313 quod
3617 1239 3732 1305 est,
3765 1231 3820 1293 si
3863 1232 3958 1293 sit

2452 1346 2747 1389 mensura
2787 1328 3157 1409 quidditatis
3197 1336 3259 1391 et
3297 1336 3574 1408 naturae3
3614 1330 3717 1391 vel
3747 1349 3958 1411 quan-

2449 1434 2587 1488 tum
2618 1426 2695 1487 ad
2726 1427 3226 1507 permanentiam
3263 1428 3360 1489 sui
3393 1447 3555 1502 esse,
3579 1428 3634 1490 si
3665 1428 3748 1490 sit
3777 1447 3960 1490 men-

2451 1544 2598 1587 sura
2639 1526 3009 1588 durationis,
3055 1527 3406 1608 Utrumque
3455 1533 3666 1589 autem
3714 1527 3954 1590 horum

2452 1624 2762 1705 contingit
2808 1624 3149 1707 dupliciter
3195 1643 3208 1686 :
3258 1626 3559 1708 quoniam
3606 1625 3956 1688 certificari

2452 1739 2793 1804 possumus
2837 1723 2915 1784 de
2955 1741 3022 1785 re
3060 1721 3163 1785 vel
3201 1731 3511 1805 quantum
3555 1724 3631 1785 ad
3675 1723 3738 1785 id
3778 1724 3958 1806 quod

844 1822 962 1885 aevi
993 1841 1071 1884 ex
1099 1828 1275 1903 parte
1308 1838 1532 1893 causae,
1566 1819 1847 1881 dicentes
1882 1819 2051 1899 quod
2090 1818 2339 1880 duratio
2375 1819 2425 1882 B
2453 1828 2549 1883 est
2587 1840 2697 1883 seu
2739 1829 3049 1902 quantum
3092 1823 3170 1884 ad
3209 1822 3308 1883 sui
3347 1840 3484 1884 esse
3522 1821 3952 1896 durationem,

846 1928 908 1983 et
957 1918 1350 1983 conservatio
1402 1916 1966 1998 intelligentiarum
2015 1917 2340 1979 continua-

847 2026 950 2081 tur
995 2036 1108 2100 per
1149 2017 1430 2080 divinam
1482 2015 1909 2089 influentiam,
1954 2035 2096 2097 quae
2139 2034 2338 2096 quum

845 2116 926 2179 sit
972 2130 1118 2190 una,
1152 2134 1359 2179 aevum
1398 2123 1493 2177 est
1530 2134 1751 2177 unum.
1787 2114 2019 2176 Verum
2065 2132 2183 2175 nec
2222 2113 2342 2176 hoc

846 2223 1010 2278 stare
1040 2221 1268 2296 potest,
1300 2213 1598 2295 quoniam
1634 2212 1973 2275 influentia
2002 2212 2111 2275 illa
2137 2211 2342 2274 active

834 2313 1177 2397 accipitur,
1218 2321 1329 2374 aut
1369 2312 1619 2393 passive
1654 2331 1667 2375 :
1704 2312 1757 2373 si
1802 2312 2027 2385 active,
2070 2328 2197 2373 non
2249 2317 2343 2371 est

846 2412 1019 2475 aliud
1049 2429 1243 2493 quam
1271 2410 1439 2472 Deus
1471 2409 1850 2482 influenS,et
1882 2410 1967 2471 ita
1996 2427 2123 2471 non
2154 2408 2347 2469 habet

847 2530 1055 2575 aevum
1103 2525 1503 2586 mensuram3
1536 2508 1590 2569 si
1628 2508 1899 2589 passive,
1933 2514 2023 2569 tot
2063 2513 2213 2569 sunt
2251 2506 2343 2567 in-

847 2608 1131 2672 fluentiae
1179 2615 1333 2690 quot
1382 2606 1493 2689 qui
1543 2607 1903 2689 suscipiunt
1951 2626 2074 2668 eaS.
2124 2642 2206 2651 —
2254 2607 2346 2668 ld-

848 2709 1019 2771 circo
1048 2724 1175 2769 non
1216 2713 1407 2768 restat
1436 2704 1599 2767 alius
1639 2705 1864 2767 modus
1899 2704 2022 2767 nisi
2062 2723 2178 2787 per
2206 2704 2345 2766 uni·

850 2813 1041 2869 tatem
1084 2803 1384 2877 materiae,
1419 2810 1488 2864 ut
1518 2780 1785 2864 dictum*
1800 2810 1893 2865 est
1925 2803 2003 2865 de
2033 2810 2339 2883 tempore.

850 2904 971 2967 Sed
1040 2901 1227 2965 multi
1293 2909 1526 2983 negant
1591 2900 2043 2982 intelligentias
2110 2900 2344 2962 habere

2453 1920 2663 2001 primo
2706 1938 2822 2001 per
2864 1939 2930 1982 se
2973 1928 3163 2001 atque
3211 1920 3471 1995 directe,
3513 1920 3684 2001 quod
3729 1920 3807 1982 fit
3853 1938 3957 1984 so-

2453 2017 2588 2079 lum
2619 2037 2733 2099 per
2762 2036 3018 2080 causam
3047 2018 3140 2080 rei
3177 2037 3190 2082 ε
3225 2018 3390 2081 sicut
3419 2019 3496 2080 de
3526 2018 3750 2100 eclipsi
3780 2018 3956 2083 lunae

2453 2135 2568 2198 per
2613 2116 3160 2199 interpositionem
3208 2125 3389 2180 terrae
3432 2118 3598 2180 inter
3645 2118 3844 2180 solem
3887 2126 3957 2180 et

2456 2214 2691 2277 lunam.
2727 2215 2842 2277 Per
2881 2232 3136 2277 causam
3183 2233 3458 2296 namque
3497 2234 3597 2277 res
3636 2234 3752 2297 per
3789 2235 3858 2277 se
3889 2223 3957 2278 et

2454 2313 2692 2375 directe
2733 2314 3152 2393 cognoscitur.
3189 2313 3479 2376 Secundo
3517 2311 3958 2376 certificamur

2455 2411 2532 2473 de
2565 2429 2630 2472 re
2663 2411 2968 2473 indirecte
2999 2418 3063 2472 et
3092 2410 3540 2493 comparative.
3566 2411 3796 2493 Sicque
3825 2430 3961 2473 cer-

2455 2507 2782 2570 tificamur
2811 2509 2888 2571 de
2923 2506 3227 2572 'omnibus
3265 2528 3407 2591 quae
3446 2516 3596 2571 sunt
3633 2508 3699 2570 in
3736 2508 3958 2589 aliquo

2455 2624 2685 2688 genere
2727 2626 2841 2688 per
2880 2606 2942 2669 id
2975 2607 3144 2688 quod
3185 2606 3252 2669 in
3289 2625 3518 2687 genere
3558 2606 3669 2669 illo
3705 2606 3958 2669 exsistit

2456 2704 2823 2788 perfectius,
2858 2706 3040 2787 quasi
3080 2704 3321 2767 habens
3355 2705 3421 2766 in
3452 2724 3520 2767 se
3548 2722 3807 2768 omnem
3847 2722 3955 2785 ge-

2456 2804 2628 2866 neris
2687 2804 2859 2866 illius
2917 2804 3344 2866 actualitatem
3399 2820 3412 2865 τ
3465 2810 3535 2865 ut
3581 2812 3678 2865 est
3725 2802 3958 2865 albedo

2457 2902 2525 2964 in
2586 2921 2816 2983 genere
2877 2902 3125 2966 coloris.
3193 2902 3350 2965 Nam
3414 2920 3527 2983 per
3587 2901 3954 2964 albedinem

850 3001 1201 3064 materiam.
1246 3000 1535 3063 Attamen
1587 2998 1896 3081 quidquid
1948 2999 2030 3061 sit
2073 2998 2151 3060 de
2199 2998 2340 3072 hoc,
2382 2996 2426 3061 C
2458 3008 2907 3063 mensurantur
2949 3001 3191 3063 colores
3241 3000 3549 3063 indirecte
3595 3007 3658 3062 et
3701 3017 3961 3081 compa-

848 3120 1055 3165 oevum
1088 3098 1350 3181 respicit
1377 3116 1515 3160 esse
1544 3097 1789 3159 actuale
1820 3104 1881 3158 et
1913 3096 2161 3170 stabile,
2188 3104 2344 3157 tem-

847 3218 969 3283 pus
1000 3215 1151 3261 vero
1182 3196 1509 3259 materiam
1537 3202 1606 3257 ut
1636 3203 1730 3257 est
1763 3194 1827 3255 in
1858 3194 2178 3275 potentia:
2205 3193 2346 3257 ideo

847 3297 1013 3361 sicut
1058 3296 1267 3359 unitas
1310 3293 1621 3376 temporis
1671 3292 2107 3355 conformatur
2154 3300 2349 3354 mate-

847 3395 978 3467 riae,
1020 3393 1115 3456 sic
1158 3392 1367 3455 unitas
1410 3392 1528 3454 aevi
1580 3391 1820 3464 formae,
1862 3408 1990 3453 non
2039 3390 2105 3452 in
2148 3410 2346 3472 quan-

848 3502 985 3556 tum
1025 3500 1121 3555 cst
1159 3491 1280 3553 ista
1318 3498 1425 3552 aut
1460 3490 1589 3564 illa,
1624 3490 1733 3553 sed
1776 3489 1838 3551 in
1880 3496 2192 3571 quantum
2235 3490 2349 3550 im—

849 3590 1197 3655 mutabilis.
1231 3589 1391 3651 Hinc
1434 3589 1601 3651 sicut
1651 3588 1818 3650 linea
1866 3587 1931 3649 in
1973 3586 2347 3669 corporibus

850 3689 1143 3772 quamvis
1190 3688 1481 3761 diversiS,
1534 3692 1629 3749 est
1676 3687 1897 3748 eadem
1956 3686 2206 3767 specie3
2255 3685 2347 3747 sic

849 3808 1057 3851 aevum
1089 3786 1280 3849 habet
1312 3785 1619 3847 unitatem
1653 3782 2044 3856 universalis,
2064 3801 2190 3846 non
2218 3783 2350 3845 uni-

849 3894 1042 3949 tatem
1094 3902 1286 3967 quam
1347 3881 1538 3944 habet
1584 3890 1859 3963 tempus.
1913 3881 2155 3944 Idcirco
2205 3899 2349 3943 con-

851 3983 1145 4046 cedendae
1177 3989 1325 4044 sunt
1356 3980 1631 4043 rationes
1673 3979 2012 4061 probantes
2052 3997 2177 4042 non
2209 3998 2348 4042 esse

850 4101 1053 4145 unum
1097 4100 1305 4144 aevum
1349 4078 1824 4152 aeviternorum,
1861 4078 1973 4141 sed
2018 4078 2234 4141 multa.
2269 4114 2350 4123 —

849 4181 994 4244 Haec
1036 4180 1494 4242 Bonaventura.
1794 4230 1798 4235 .

933 4279 1129 4358 Cujus
1168 4276 1387 4359 opinio
1428 4276 1491 4337 in
1536 4275 1755 4337 multis
1796 4274 2013 4337 differt
2048 4294 2125 4337 ex
2162 4274 2350 4338 dictis

853 4376 1205 4439 secundum
1264 4375 1591 4445 Thomam‚
1653 4372 2007 4446 Albertum,
2068 4375 2346 4449 Petrum,

852 4473 1259 4547 Richardum,
1292 4471 1680 4545 Udalricum,
1722 4471 2089 4547 Henricum,
2131 4491 2204 4535 ac
2242 4473 2351 4535 ali-

853 4593 923 4638 os
958 4592 972 4636 :
1004 4591 1081 4634 ex
1118 4588 1388 4653 quorum
1430 4569 1621 4631 etiam
1660 4569 1847 4631 dictis
1887 4576 2059 4651 patet
2096 4572 2174 4632 ad
2215 4590 2352 4652 per-

854 4670 1180 4735 suasiones
1239 4671 1350 4732 has
1408 4669 1865 4733 Bonaventurae
1923 4670 2177 4743 solutio,
2232 4689 2350 4732 nec

853 4778 1033 4834 vacat
1062 4767 1313 4849 singula
1350 4767 1491 4847 ejus
1520 4766 1715 4829 verba
1744 4766 2081 4830 discutere.
2114 4767 2350 4830 Princi-

856 4870 1017 4953 palis
1057 4886 1310 4951 quoque
1353 4866 1495 4946 ejus
1538 4866 1757 4947 opinio
1796 4866 1875 4929 de
1917 4866 2155 4929 unitate
2194 4874 2350 4928 tem-

857 4967 1030 5051 poris
1060 4986 1138 5029 ex
1170 4964 1411 5027 unitate
1443 4963 1746 5039 materiae,
1778 4984 1815 5027 a
1845 4965 1903 5027 S.
1933 4964 2173 5027 Thoma
2201 4964 2354 5027 satis

584 5084 629 5125 ι).
656 5082 801 5128 1³an
860 5063 1217 5148 improbata
1266 5070 1581 5125 censetur.
1633 5063 1805 5126 Patet
1855 5063 2007 5125 item
2056 5082 2133 5125 ex
2183 5070 2356 5126 tanta

859 5163 1255 5227 dissensione
1321 5162 1680 5237 doctorum,
1750 5160 2099 5224 difficultas
2165 5170 2355 5245 atque

862 5262 1245 5325 incertitudo
1291 5260 1487 5343 hujus
1538 5260 1836 5325 materiae.
1890 5260 2065 5325 Unde
2113 5268 2176 5323 et
2224 5260 2357 5344 opi-

2458 3099 2656 3162 rative
2691 3117 2704 3160 :
2739 3099 3042 3181 quoniam
3091 3106 3266 3161 tanto
3309 3098 3654 3181 perfectius
3697 3098 3961 3180 partici-

2456 3206 2610 3280 pant
2641 3206 2928 3259 naturam
2973 3196 3224 3271 coloris,
3259 3204 3495 3278 quanto
3529 3196 3962 3279 propinquius

2456 3297 2764 3359 accedunt
2794 3295 2872 3357 ad
2903 3302 3190 3357 naturam
3224 3295 3556 3357 albedinis.
3575 3295 3754 3358 Ratio
3788 3314 3963 3357 men·

2458 3394 2798 3457 surationis
2829 3394 3012 3455 istius
3043 3393 3322 3476 est,quia
3353 3412 3466 3474 per
3495 3393 3708 3455 notius
3739 3401 3960 3457 natum

2458 3501 2553 3555 est
2597 3491 2937 3555 certificari
2987 3492 3200 3554 minus
3248 3498 3494 3559 notum,
3534 3492 3788 3573 quando
3833 3512 3966 3554 ma—

2455 3591 2561 3671 jus
2593 3600 2654 3653 et
2685 3592 2899 3653 minus
2939 3598 3162 3653 notum
3205 3592 3371 3653 inter
3409 3609 3476 3652 se
3513 3590 3964 3653 habitudinem

2459 3690 2833 3762 sortiuntur,
2868 3697 2937 3751 ut
2974 3710 3118 3771 quae
3161 3690 3449 3770 ejusdem
3495 3696 3644 3751 sunt
3682 3690 3962 3770 generis.

2459 3789 2649 3851 Porro
2687 3788 2855 3870 quod
2899 3788 3210 3850 actualius
3247 3795 3439 3870 atque
3480 3787 3827 3869 perfectius
3868 3797 3970 3850 est

2461 3888 2525 3949 in
2569 3904 2821 3967 genere,
2855 3887 2974 3949 hoc
3015 3905 3092 3949 ex
3136 3905 3251 3947 sua
3297 3893 3522 3948 natura
3560 3895 3656 3947 est
3695 3885 3913 3949 notius
3949 3904 3964 3949 :

2462 3984 2700 4046 idcirco
2730 4002 2845 4065 per
2876 3983 3034 4045 illud
3075 3990 3221 4045 nata
3261 3990 3408 4045 sunt
3439 3990 3646 4046 cetera
3681 3982 3747 4045 in
3776 4002 3970 4065 gene-

2461 4102 2529 4145 re
2580 4081 2689 4144 illo
2739 4081 3113 4143 mensurari.
3166 4081 3309 4144 Haec
3359 4098 3613 4163 quoque
3663 4099 3968 4143 mensura

2379 4181 2430 4243 D
2462 4181 2696 4243 dicitur
2738 4180 3048 4242 indirecta
3089 4186 3153 4241 et
3193 4178 3624 4261 comparativa
3667 4188 3966 4260 respectu

2463 4279 2686 4362 primae
2717 4297 3032 4341 mensurae
3065 4295 3079 4338 ε
3113 4277 3418 4359 quoniam
3461 4294 3586 4339 non
3625 4284 3721 4337 est
3753 4276 3842 4338 ita
3873 4277 3966 4338 di-

2462 4384 2632 4439 recta
2660 4384 2722 4437 et
2750 4395 2863 4457 per
2893 4394 2960 4438 se
2986 4373 3291 4437 habitudo
3320 4375 3399 4436 ad
3430 4373 3706 4436 invicem
3737 4391 3962 4436 eorum

2463 4496 2603 4558 quae
2650 4481 2799 4537 sunt
2843 4474 2910 4534 in
2952 4472 3176 4536 eodem
3226 4491 3478 4553 genere,
3522 4478 3833 4553 quantum
3884 4472 3962 4534 ad

2461 4593 2599 4637 esse
2657 4582 2720 4637 et
2778 4571 3227 4653 cognitionem,
3281 4571 3445 4633 sicut
3501 4577 3597 4632 est
3655 4569 3964 4633 habitudo

2461 4673 2732 4735 effectus
2780 4672 2857 4733 ad
2909 4689 3183 4731 causam.
3217 4704 3298 4714 —-
3336 4668 3496 4730 Hinc
3545 4675 3738 4750 patet,
3792 4669 3959 4750 quod

2461 4769 2538 4831 de
2578 4769 2822 4831 ratione
2862 4784 3176 4829 mensurae
3216 4764 3660 4829 universaliter
3700 4782 3829 4827 non
3865 4772 3962 4827 est

2463 4866 2632 4948 quod
2691 4884 2879 4927 causa
2926 4864 3008 4926 sit
3059 4862 3426 4926 mensurati.
3477 4862 3633 4925 Nam
3693 4862 3748 4924 si
3801 4861 3959 4944 lapis

2465 4971 2826 5027 moveretur
2873 4981 3128 5025 sursum
3177 4961 3259 5024 ab
3305 4960 3549 5043 ange10,
3593 4967 3804 5023 motus
3855 4959 3959 5023 ille

2466 5070 2940 5125 mensuraretur
2973 5079 3088 5144 per
3121 5068 3365 5123 motum
3410 5058 3715 5141 primum,
3747 5067 3959 5121 tamen

2465 5162 2546 5225 ab
2589 5178 2665 5223 eo
2709 5179 2836 5224 non
2880 5166 3264 5221 causaretur.

2536 5261 2661 5324 Aut
2689 5276 2839 5341 ergo
2868 5258 3170 5341 quaeritur
3192 5277 3335 5340 quae
3364 5256 3446 5320 sit
3470 5274 3766 5319 mensura
3793 5254 3963 5339 quid-
