4334 6242
813 484 936 551 380

1495 504 1559 553 IN
1599 504 1822 553 LIBRUM
1861 505 1906 551 11
1947 504 2429 551 SENTENTIARUM.
2474 522 2556 535 -·-·
2596 506 2749 552 DIST.
2785 506 2910 571 v113
2956 506 3179 563 QUAEST.
3224 509 3245 554 1

815 675 1223 751 obstinatam,
1257 678 1360 740 vel
1407 678 1527 740 hoc
1576 685 1674 740 est
1720 677 1872 739 dum
1923 684 2019 739 est
2068 678 2132 739 in
2184 694 2317 739 cor·
2344 673 2397 737 A
2425 677 2652 740 caritas
2684 698 2796 741 seu
2826 680 3047 760 gratia,
3081 680 3216 742 sive
3256 680 3611 742 secundum
3643 680 3931 743 caritatis

817 792 993 857 pore,
1026 775 1127 837 vel
1168 776 1320 838 dum
1363 784 1460 838 est
1503 783 1679 839 extra
1719 794 1970 858 corpus.
2010 776 2146 839 Non
2192 776 2317 858 pri-

819 892 1019 947 mum,
1055 873 1203 955 quia
1251 881 1404 936 tunc
1451 893 1578 937 non
1632 873 1820 937 habet
1862 874 2315 957 apprehensio-

817 990 965 1033 nem
1025 972 1443 1045 immobilem,
1496 992 1696 1054 quum
1755 974 1836 1035 sit
1884 974 2132 1035 viatrix.
2185 973 2315 1036 Nec

817 1071 1193 1143 secundum,
1227 1072 1529 1153 quoniam
1572 1072 1636 1133 in
1674 1071 1933 1134 instanti
1974 1073 2314 1154 separatio-

815 1168 917 1231 nis
946 1170 1158 1231 anima
1187 1168 1544 1232 obstinatur
1571 1178 1761 1252 atque
1792 1171 2162 1249 damna'tur3
2196 1190 2315 1233 nec

814 1274 970 1328 tunc
1031 1265 1222 1329 habet
1276 1268 1877 1350 apprehensionem,
1939 1268 2090 1350 quia
2154 1268 2313 1329 illud

813 1372 911 1427 est
967 1366 1211 1429 instans
1269 1366 1715 1447 corruptionis.
1773 1367 2077 1429 Praeterea
2133 1384 2315 1449 opor-

815 1470 905 1527 tet
956 1464 1278 1545 assignare
1331 1484 1524 1526 unam
1577 1482 1982 1527 communem
2035 1464 2312 1527 obstina-

812 1562 1006 1625 tionis
1062 1566 1323 1625 causam'
1377 1563 1442 1624 in
1497 1562 1724 1644 angelo
1778 1570 1839 1625 et
1894 1564 2108 1626 anima
2163 1581 2311 1626 con-

812 1661 1124 1723 demnata.

893 1759 1110 1839 Itaque
1151 1759 1230 1821 ad
1272 1759 1502 1821 horum
1553 1759 1932 1822 solutionem
1985 1767 2132 1822 sunt
2184 1761 2310 1823 duo

2423 784 2484 838 et
2532 777 2749 857 gra'tioe
2797 777 3297 841 inclinationem.
3348 814 3431 824 —
3476 778 3638 841 Huic
3683 779 3931 862 triplici

2423 874 2691 937 bonitati
2736 877 3083 958 opponitur
3129 877 3362 960 triplex
3406 876 3649 939 malitia
3691 896 3767 939 ex
3819 895 3933 959 op-

2424 973 2629 1054 posita
2673 973 2915 1037 ratione
2960 982 3240 1056 accepta,
3274 982 3346 1037 ut
3393 962 3581 1037 facile
3630 981 3728 1038 e'st
3773 993 3935 1057 pen-

2423 1090 2579 1133 sare.
2616 1072 2922 1145 Quaelibet
2952 1091 3206 1155 quoque
3237 1073 3624 1136 malitiarum
3656 1074 3933 1137 istarum

2421 1170 2627 1251 accipi
2676 1179 2884 1253 potest
2930 1171 3243 1253 privative
3292 1180 3355 1235 et
3406 1172 3561 1234 item
3610 1172 3935 1234 contrarie

2422 1276 2716 1351 respectu
2766 1289 2897 1332 suae
2945 1268 3267 1333 bonitatis.
3306 1271 3559 1333 Etenim
3611 1271 3935 1354 privative

2420 1374 2701 1448 accepta,
2739 1368 2946 1430 solum
2998 1368 3206 1450 privat
3256 1387 3369 1431 seu
3419 1368 3629 1431 aufert
3677 1368 3933 1431 bonita-

2421 1473 2548 1527 tem
2592 1465 2713 1527 sibi
2760 1466 3159 1548 oppositam3
3194 1467 3507 1529 contrarie
3551 1486 3723 1541 vero,
3758 1468 3937 1530 ultra

2420 1564 2757 1626 carentiam
2788 1566 2962 1646 ponit
2986 1565 3224 1647 aliquid
3254 1564 3515 1628 bonitati
3549 1585 3930 1648 repugnans,

2501 1662 2811 1743 Angelum
2844 1672 3056 1725 autem
3089 1664 3329 1726 malum
3362 1682 3487 1727 non
3521 1671 3617 1727 est
3650 1665 3937 1727 dubium

2420 1778 2607 1842 posse
2660 1760 2914 1837 habere,
2968 1762 3098 1825 imo
3156 1770 3218 1824 et
3277 1762 3533 1836 habere,
3582 1763 3939 1826 volitiones

811 1856 1086 1918 videnda
1127 1874 1140 1919 :
1185 1857 1488 1939 primum,
1529 1859 1607 1921 de
1654 1858 1955 1939 gradibus
2003 1858 2307 1921 bonitatis
2345 1856 2392 1919 B
2423 1859 2654 1922 multas
2712 1859 2910 1922 bonas
2962 1879 3039 1923 ex
3088 1879 3341 1942 genere,
3392 1881 3534 1944 quae
3591 1869 3939 1925 transeunt

811 1962 876 2016 et
907 1953 1199 2033 malitiae3
1231 1956 1607 2030 secundum,
1641 1976 1782 2038 quae
1822 1955 2071 2019 bonitas
2112 1957 2311 2039 possit

812 2054 1020 2115 inesse
1050 2054 1340 2116 volitioni
1371 2055 1698 2130 daemoniS,
1722 2054 1822 2117 vel
1855 2055 1906 2117 si
1940 2056 2154 2137 aliqua
2184 2074 2313 2117 ma-

812 2153 950 2215 litia
993 2153 1349 2216 necessario
1392 2153 1563 2215 insit.
2218 2156 2223 2161 ’

892 2251 980 2313 De
1032 2252 1242 2333 primo
1291 2249 1454 2325 dioc,
1508 2252 1676 2333 quod
1737 2252 1903 2314 ultra
1960 2251 2309 2314 bonitatem

813 2349 1167 2413 naturalem
1217 2350 1540 2413 volitionis
1590 2369 1731 2431 quae
1785 2348 2194 2413 convenit'ei
2244 2352 2309 2413 in

813 2455 1122 2529 quantum
1174 2456 1268 2510 est
1317 2466 1429 2509 ens
1479 2448 1850 2529 positivum,
1903 2456 1966 2510 et
2014 2448 2313 2510 convenit

813 2545 1080 2607 cuilibet
1137 2543 1267 2607 enti
1318 2545 1590 2626 positivo
1637 2546 1989 2607 secundum
2043 2546 2309 2626 gradum

815 2644 1088 2727 propriae
1136 2644 1440 2717 entitatiS,
1473 2644 1680 2706 adhuc
1724 2650 1818 2706 est
1859 2644 2091 2725 triplex
2137 2643 2313 2705 boni-

814 2750 908 2803 tas
939 2741 1586 2815 moraliS,secundum
1617 2741 1905 2813 ordinem
1939 2760 2005 2804 se
2035 2741 2307 2803 habens:

813 2857 1084 2921 quarum
1126 2839 1339 2922 prima·
1365 2838 1600 2900 dicitur
1640 2837 1888 2900 bonitas
1927 2858 2004 2901 ex
2037 2824 2311 2920 genere3

813 2937 1093 3000 secunda
1141 2944 1349 3019 potest
1393 2936 1516 2998 dici
1570 2935 1818 2999 bonitas
1863 2937 2165 3011 virtuosa,
2199 2957 2313 3000 seu

2420 1978 2613 2041 super
2639 1957 2963 2040 objectum
3006 1960 3392 2023 conveniens
3425 1960 3595 2022 actui
3636 1979 3772 2035 suo,
3808 1981 3939 2043 pu-

2418 2064 2502 2129 ta,
2536 2057 2807 2120 amando
2850 2076 2939 2128 se,
2981 2065 3045 2119 et
3087 2073 3340 2139 poenam
3385 2058 3677 2122 odiendo.

2497 2156 2686 2218 Porro
2717 2155 3088 2218 volitionem
3130 2156 3360 2219 bonam
3394 2176 3472 2219 ex
3510 2158 3769 2221 caritate
3808 2176 3935 2220 seu

2418 2254 2639 2333 gratia,
2674 2271 2800 2316 non
2852 2260 3060 2335 potest
3098 2254 3353 2329 habere,
3394 2254 3807 2335 intelligendo
3858 2256 3937 2317 in

2419 2370 2610 2413 sensu
2660 2352 3011 2434 composito
3055 2369 3068 2413 :
3112 2352 3264 2433 quia
3312 2370 3437 2415 non
3488 2352 3683 2414 simul
3728 2360 3934 2428 stant,

2419 2448 2589 2529 quod
2638 2448 2721 2511 sit
2773 2450 3000 2523 maluS,
3053 2457 3116 2512 et
3167 2449 3353 2511 talem
3404 2449 3633 2513 habeat
3681 2450 3941 2514 bonita-

2420 2554 2569 2608 tem.
2605 2547 2725 2609 Sed
2759 2548 2823 2609 in
2864 2566 3056 2609 sensu
3098 2547 3305 2610 diviso
3337 2556 3543 2630 potest
3575 2548 3664 2610 ibi
3704 2550 3937 2629 negari

2420 2645 2519 2707 vel
2573 2645 2855 2727 potentia
2904 2646 3127 2727 logica,
3180 2647 3282 2708 vel
3333 2646 3520 2709 realis
3556 2647 3654 2709 :si
3706 2648 3933 2721 realis,

2420 2751 2529 2805 aut
2570 2743 2678 2805 illa
2717 2764 2859 2825 quae
2902 2744 3056 2806 dicit
3099 2745 3408 2807 rationem
3456 2744 3778 2828 principii,
3813 2754 3941 2809 aut

2420 2840 2531 2903 illa
2580 2862 2720 2923 quae
2770 2849 2865 2904 est
2913 2842 3279 2905 differentia
3326 2844 3513 2919 entiS,
3566 2864 3709 2926 quae
3758 2844 3941 2906 ordi-

2422 2958 2569 3002 nem
2600 2940 2757 3002 dicit
2786 2942 2861 3003 ad
2894 2948 3127 3003 actum.
3154 2942 3241 3003 De
3274 2942 3559 3024 potentia
3589 2960 3739 3023 ergo
3767 2943 3943 3005 reali

814 3035 1063 3099 bonitas
1107 3054 1184 3098 ex
1229 3035 1742 3113 circumstantia3
1775 3035 1960 3098 tertia
2000 3044 2094 3098 est
2136 3036 2314 3098 boni·
2343 3037 2386 3101 C
2422 3036 2769 3099 videndum
2810 3045 2903 3099 est
2946 3038 3263 3119 quomodo
3305 3056 3434 3100 non
3478 3038 3669 3100 habet
3709 3047 3945 3120 poten-

812 3144 907 3197 tas
939 3134 1264 3197 meritoria
1307 3154 1418 3196 seu
1459 3134 1751 3215 gratuita,
1786 3135 1921 3196 sive
1955 3134 2204 3197 bonitas
2234 3155 2311 3197 ex

811 3232 1245 3315 acceptatione
1290 3232 1506 3295 divina
1557 3231 1622 3292 in
1670 3232 1892 3294 ordine
1940 3232 2015 3293 ad
2065 3232 2315 3313 praemi-

815 3351 945 3393 um.
982 3330 1190 3393 Prima
1231 3330 1526 3392 convenit
1562 3328 1850 3392 volitioni
1883 3348 1959 3391 ex
1991 3330 2111 3392 hoc
2141 3330 2311 3411 quod

815 3429 952 3511 ipsa
1011 3428 1238 3491 transit
1295 3446 1487 3509 super
1542 3426 1866 3508 objectum
1926 3428 2311 3490 conveniens

813 3528 983 3590 actui
1015 3527 1123 3589 tali
1164 3528 1518 3589 secundum
1549 3526 1868 3588 dictamen
1909 3532 2094 3589 rectae
2125 3526 2311 3589 ratio-

815 3626 937 3699 niS,
971 3631 1032 3687 et
1063 3642 1188 3687 non
1230 3625 1436 3686 solum
1468 3624 1621 3706 quia
1657 3632 1754 3686 est
1793 3624 2178 3686 conveniens
2212 3644 2311 3686 ac-

813 3724 907 3786 tui
939 3722 1332 3796 naturaliter,
1359 3730 1430 3784 ut
1460 3722 1552 3785 sol
1586 3722 1836 3784 visioni.
1861 3722 2005 3785 Haec
2035 3721 2308 3797 bonitaS,

814 3841 955 3904 quae
1008 3830 1104 3884 est
1157 3820 1365 3902 prima
1415 3820 1666 3894 bonjtas
1719 3820 1998 3892 moraliS,
2049 3827 2313 3883 vocatur

814 3919 1063 3981 bonitas
1093 3938 1170 3993 ex
1209 3936 1461 3999 genere,
1497 3918 1645 3999 quia
1685 3926 1781 3981 est
1811 3918 1992 3999 quasi
2025 3918 2313 3980 materia-

814 4018 890 4080 lis
921 4025 1214 4100 respectu
1255 4016 1404 4079 boni
1448 4016 1766 4079 ulterioris
1807 4016 1872 4078 in
1912 4034 2142 4097 genere
2180 4035 2311 4079 mo-

810 4118 917 4180 ris.
973 4117 1129 4179 Nam
1179 4123 1358 4178 actus
1417 4115 1523 4178 ille
1573 4123 1665 4177 est
1716 4115 1899 4197 quasi
1951 4113 2309 4177 formabilis

2421 3135 2574 3197 tiam
2608 3155 2749 3217 quae
2778 3144 2874 3198 est
2908 3136 3294 3218 principium
3324 3137 3401 3198 ad
3434 3136 3527 3198 sic
3556 3136 3937 3199 volendum.

2422 3232 2540 3296 Ubi
2572 3231 2737 3307 dice,
2772 3236 2939 3315 quod
2971 3234 3092 3295 hoc
3123 3233 3515 3316 principium
3554 3241 3662 3296 aut
3695 3234 3945 3297 intelli-

2421 3332 2593 3412 gitur
2640 3351 2780 3393 esse
2823 3332 3172 3413 passivum,
3222 3339 3331 3393 aut
3378 3332 3679 3394 activum.
3726 3332 3947 3397 Habet

2421 3437 2635 3492 autem
2686 3430 3010 3512 passivum
3062 3429 3475 3512 principium,
3510 3431 3661 3512 quia
3705 3430 3945 3494 volun·-

2421 3536 2516 3589 tas
2546 3546 2661 3589 sua
2690 3534 2786 3589 est
2816 3528 3133 3609 quoddam
3168 3527 3561 3609 receptivum
3604 3535 3788 3593 rectae
3816 3545 3940 3593 vo-

2423 3625 2683 3688 litionis,
2727 3626 2903 3699 Quod
2942 3626 3113 3687 enim
3155 3626 3233 3688 de
3278 3644 3345 3687 se
3386 3635 3482 3689 est
3524 3627 3931 3709 receptivum

2421 3732 2608 3786 rectae
2637 3724 2977 3797 volitionis,
2991 3724 3330 3806 quamdiu*
3352 3724 3417 3786 in
3449 3743 3517 3787 se
3548 3732 3773 3797 manet,
3790 3744 3932 3789 non

2420 3830 2516 3884 est
2556 3840 2680 3885 non
2722 3822 3117 3904 receptivum
3159 3822 3332 3883 illius
3366 3839 3380 3884 ε
3415 3822 3525 3885 illa
3560 3830 3771 3885 autem
3812 3842 3934 3887 vo-

2421 3920 2629 3982 luntas
2658 3920 2865 4001 angeli
2898 3920 3047 3981 mali
3078 3920 3419 4002 aliquando
3448 3919 3573 3983 fuit
3600 3921 3937 4002 receptiva

2420 4017 2601 4081 bonae
2632 4019 2979 4093 volitioniS,
3014 4018 3313 4081 videlicet
3351 4028 3497 4081 ante
3537 4019 3806 4101 lapsum.
3846 4019 3934 4083 At

2419 4134 2569 4179 vero
2620 4117 2696 4178 de
2747 4116 3067 4199 principio
3124 4116 3331 4178 activo
3389 4125 3681 4199 respectu
3732 4127 3935 4182 rectae

811 4237 925 4301 per
983 4234 1455 4299 quamcumque
1513 4215 1702 4277 aliam
1763 4214 2388 4279 circumstantiamD
2420 4216 2763 4289 volitioniS,
2798 4234 3139 4297 possumus
3192 4208 3365 4298 loqui
3416 4217 3516 4278 vel
3567 4218 3644 4279 de
3688 4216 3935 4299 princi-

811 4316 1138 4379 moralem.
1175 4314 1462 4377 Secunda
1511 4312 1761 4375 bonitas
1811 4314 2108 4375 convenit
2158 4312 2312 4375 voli-

811 4416 968 4479 tioni
1003 4434 1079 4477 ex
1108 4414 1229 4475 hoc
1259 4412 1428 4495 quod
1461 4412 1598 4495 ipsa
1637 4412 1891 4474 elicitur
1917 4431 1954 4473 a
1984 4411 2310 4474 voluntate

813 4534 960 4577 cum
1015 4512 1316 4587 omnibus
1369 4510 1864 4572 circumstantiis
1912 4529 1945 4571 a
1997 4518 2168 4571 recta
2216 4530 2311 4572 ra-

812 4614 984 4676 tione
1015 4611 1266 4674 dictatis
1298 4610 1418 4672 sibi
1452 4627 1798 4689 congruere
1833 4626 1847 4669 :
1876 4608 2178 4691 quoniam
2210 4608 2314 4671 bo-

814 4732 970 4775 num
1010 4718 1105 4773 est
1146 4728 1223 4771 ex
1265 4710 1510 4789 integra
1550 4725 1757 4769 causa.
1795 4707 1966 4769 Unde
2009 4707 2177 4769 istud
2218 4714 2314 4769 est

815 4812 1054 4874 bonum
1105 4810 1170 4872 in
1221 4807 1434 4891 specie
1486 4806 1702 4881 moriS,
1743 4806 1894 4887 quia
1941 4806 2071 4888 jam
2121 4805 2314 4869 habet

809 4928 1032 4974 omnes
1086 4906 1483 4971 differentias
1544 4905 1812 4967 morales
1869 4906 2313 4968 contrahentes

812 5010 1052 5073 bonum
1085 5028 1162 5071 ex
1201 5024 1452 5089 genere.
1486 5004 1695 5068 Tertia
1726 5003 1974 5067 bonitas
2016 5004 2315 5066 convenit

813 5110 983 5172 actui
1033 5128 1110 5171 ex
1161 5109 1280 5169 hoc
1329 5105 1500 5188 quod
1561 5104 2020 5186 praesupposita
2068 5103 2312 5185 duplici

814 5208 1096 5272 bonitate
1125 5206 1257 5289 jam
1289 5204 1478 5279 dicta,
1511 5210 1690 5265 actus
1723 5204 1858 5284 ipse
1889 5202 2143 5264 elicitur
2176 5220 2317 5263 con-

816 5306 1109 5373 formiter
1157 5303 1475 5390 principio
1525 5301 1953 5388 promerendi,
2001 5301 2168 5385 quod
2222 5309 2316 5362 est

2420 4314 2525 4397 pio
2557 4314 2735 4376 totali
2767 4313 3115 4388 volitioniS,
3148 4313 3248 4375 vel
3292 4314 3611 4396 principio
3645 4314 3925 4396 partiali.

2418 4412 2811 4494 Principium
2860 4414 3140 4475 activum
3191 4413 3455 4495 partiale
3486 4422 3580 4477 est
3628 4413 3931 4478 voluntas

2420 4512 2626 4592 angeli
2662 4511 2835 4582 mali,
2869 4531 3011 4593 quae
3047 4511 3293 4592 integra
3333 4519 3546 4574 manet
3578 4512 3643 4574 in
3675 4530 3771 4585 ec,
3804 4512 3933 4575 sic-

2422 4617 2492 4671 ut
2522 4617 2585 4671 et
2614 4610 2926 4671 naturalia
2954 4609 3096 4683 alia,
3116 4617 3180 4671 et
3207 4610 3497 4672 eamdem
3528 4629 3700 4672 nunc
3731 4610 3935 4674 habet.

2421 4727 2612 4790 quam
2658 4708 2722 4769 in
2767 4714 2933 4769 statu
2978 4707 3357 4771 innocentiae
3406 4707 3646 4770 habuit.
3681 4708 3935 4773 idcirco

2421 4824 2549 4867 non
2594 4813 2802 4888 potest
2840 4804 2919 4867 ab
2965 4823 3039 4867 eo
3083 4824 3231 4867 vere
3273 4806 3488 4885 negari
3529 4806 3931 4889 principium

2420 4904 2700 4967 activum
2752 4904 3017 4987 partiale
3056 4904 3379 4967 volitionis
3421 4904 3780 4980 meritoriae,
3812 4908 3935 4970 sed

2423 5002 2815 5085 principium
2845 5002 3037 5066 totale
3066 5004 3348 5065 activum
3380 5003 3670 5084 ejusdem
3706 5021 3719 5066 :
3753 5007 3931 5086 quod

2422 5101 2816 5184 principium
2848 5111 2943 5164 est
2972 5103 3265 5164 voluntas
3294 5102 3489 5164 simul
3522 5122 3666 5164 cum
3700 5104 3928 5184 gratia.

2421 5236 2503 5248 --
2533 5201 2595 5264 Si
2638 5219 2787 5263 vero
2828 5200 3218 5283 intelligatur
3257 5202 3335 5263 de
3376 5202 3661 5284 potentia
3699 5203 3929 5283 logica,

2426 5320 2567 5382 quae
2616 5300 2771 5361 dicit
2815 5300 3074 5363 modum
3118 5299 3599 5383 compositionis
3638 5300 3933 5368 formatae

4022 3748 4047 3768 ·
4074 3749 4283 3803 quandiu

3970 3810 4121 3854 idem
