4334 6242
832 487 953 559 210

1505 511 1569 560 IN
1610 511 1832 560 Limum
1874 515 1915 560 11
1958 507 2440 560 SENTENTMRUM.
2487 531 2566 542 -—
2609 512 2760 560 msT.
2808 497 2915 576 11'13
2961 512 3183 569 QUAEST.
3229 510 3274 559 11

832 691 1095 758 naturae,
1140 702 1265 747 non
1316 692 1526 748 tamen
1577 684 1955 767 simpliciter
2003 685 2330 747 continent
2359 684 2410 745 A
2441 684 2599 747 ferat
2649 692 2712 746 et
2761 685 3118 759 concludat,
3170 684 3340 766 quod
3389 682 3596 746 solum
3655 681 3946 764 primum

832 800 1089 845 omnem
1122 783 1451 845 materiam
1481 783 1852 865 possibilem
1884 785 1960 846 ad
1992 802 2097 846 eas
2131 801 2145 844 ε
2180 801 2330 864 quo-

832 880 1003 943 niam
1054 883 1217 943 Deus
1268 889 1483 963 posset
1531 882 1685 943 alias
1742 882 2037 943 materias
2087 881 2329 942 similes

832 997 1069 1052 creare,
1122 980 1417 1060 quamvis
1466 981 1586 1042 hoc
1638 980 1911 1041 multum
1960 978 2331 1041 abhorreret

831 1076 1273 1159 PhilosophuS,
1327 1079 1439 1159 qui
1488 1078 1727 1140 diceret
1777 1079 1974 1140 Deum
2029 1095 2155 1141 non
2205 1078 2330 1140 alia

832 1193 1017 1257 posse
1056 1174 1266 1238 facere
1309 1176 1371 1238 in
1412 1194 1627 1238 rerum
1665 1176 1929 1250 naturiS,
1964 1196 2153 1258 quam
2188 1195 2329 1257 quae

831 1272 1003 1334 fecit.
1054 1309 1135 1319 —
1181 1275 1355 1336 Patet
1402 1275 1594 1337 etiam
1648 1275 1815 1336 idem
1861 1293 1938 1336 ex
1990 1283 2165 1356 parte
2216 1275 2331 1334 im-

834 1372 1258 1434 materialium
1291 1372 1641 1434 formarum
1676 1393 1689 1436 :
1725 1373 2027 1454 quoniam
2057 1372 2332 1434 essentia

832 1478 1135 1533 creaturae
1174 1477 1764 1551 quantumcumque
1798 1470 2238 1532 immaterialis
2268 1477 2331 1530 et

832 1569 1167 1650 simpliciS,
1212 1587 1336 1633 non
1388 1578 1483 1631 est
1529 1578 1675 1631 actu
1724 1570 2035 1632 exsistens
2082 1589 2160 1630 ex
2211 1569 2330 1631 hoc

831 1666 1001 1748 quod
1044 1675 1140 1729 est
1183 1667 1473 1729 absoluta
1514 1669 1809 1742 essentia,
1843 1668 2145 1749 quoniam
2193 1686 2330 1728 esse

830 1772 927 1826 est
966 1773 1141 1827 extra
1182 1766 1489 1828 rationem
1529 1767 1841 1837 essentiae,
1875 1785 1992 1828 nec
2034 1766 2332 1828 convenit

2439 803 2550 845 ens
2593 791 2688 844 est-
2731 803 2926 864 purus
2971 790 3150 846 actus
3191 790 3253 846 et
3281 782 3570 845 omnium
3613 781 3942 862 princepe,

2437 881 2514 942 ad
2547 899 2739 962 quem
2772 888 2973 943 totum
3016 881 3385 943 universum
3429 881 3596 942 sicut
3623 879 3948 940 exercitus

2439 980 2517 1041 ad
2563 979 2922 1061 principem
2967 979 3315 1042 ordinatur.
3350 980 3420 1041 In
3463 979 3691 1040 ceteris
3733 977 3946 1039 omni-

2441 1077 2560 1140 bus
2594 1078 2772 1159 ponit
2800 1085 3012 1139 actum
3045 1085 3107 1139 et
3138 1077 3486 1158 potentiam
3518 1095 3678 1149 esse,
3701 1077 3946 1138 solum·

2440 1195 2564 1258 que
2613 1176 2812 1238 Deum
2861 1176 3084 1237 asserit
3133 1175 3511 1257 simpliciter
3551 1183 3612 1236 et
3650 1174 3946 1237 absolute

2441 1274 2819 1356 perfectum,
2871 1281 2934 1335 et
2982 1293 3097 1354 per
3142 1291 3538 1354 consequens
3595 1272 3944 1334 intrinsece

2441 1370 2794 1433 formaliter
2854 1379 2916 1433 et
2979 1370 3518 1452 perfectionaliter
3582 1369 3938 1432 infinitum.

2441 1471 2529 1532 De
2574 1489 2698 1552 quo
2741 1478 2804 1531 et
2846 1470 2999 1531 alibi
3044 1477 3448 1552 protestatur,
3483 1470 3649 1551 quod
3693 1468 3773 1530 ab
3815 1469 3944 1530 hoc

2441 1577 2585 1630 ente
2624 1569 2924 1632 omnibus
2963 1569 3316 1631 derivatum
3358 1576 3454 1630 est
3494 1588 3632 1630 esse
3673 1575 3734 1629 et
3769 1568 3946 1630 vive-

2443 1685 2545 1746 re3
2590 1667 2895 1749 itemque,
2930 1668 3097 1748 quod
3141 1667 3277 1748 ipse
3317 1667 3399 1728 sit
3429 1666 3654 1728 ceteris
3690 1666 3944 1727 cunct-is

2443 1783 2631 1826 causa
2660 1767 2940 1827 entitatis
2971 1773 3032 1827 et
3064 1765 3463 1828 veritatis.—
3483 1763 3715 1827 Scribit
3745 1765 3943 1826 etiam

831 1865 1120 1926 essentiae
1164 1883 1241 1926 ex
1290 1883 1378 1938 se,
1422 1865 1532 1927 sed
1579 1884 1657 1927 ex
1702 1884 1891 1927 causa
1940 1865 2144 1946 prima
2188 1863 2330 1926 effi-
2367 1858 2414 1921 B
2443 1863 2547 1925 hie
2591 1863 2920 1934 Henricus‚
2956 1864 3123 1946 quod
3163 1864 3470 1926 Averroes
3513 1863 3578 1925 in
3620 1862 3946 1944 praedictis

834 1962 1041 2024 ciente
1090 1982 1202 2024 seu
1254 1963 1562 2025 Creatore.
1608 1964 1781 2037 Quod
1828 1982 1977 2027 vero
2023 1964 2109 2024 ita
2153 1964 2217 2025 in
2264 1983 2331 2025 se

833 2061 1121 2142 quaedam
1153 2061 1429 2123 essentia
1456 2069 1574 2134 est,
1606 2061 2104 2123 indifferentiam
2140 2061 2333 2123 habet

831 2158 909 2220 ad
940 2177 1078 2220 esse
1109 2159 1175 2220 in
1209 2177 1335 2220 uno
1363 2167 1473 2221 aut
1504 2159 1569 2221 in
1605 2159 1913 2240 pluribus.
1934 2159 2109 2233 Quod
2139 2160 2332 2222 etiam

820 2257 997 2319 'bene
1044 2257 1321 2319 declarat
1366 2257 1691 2319 Avicenna
1739 2258 1962 2339 quinto
2013 2258 2332 2342 Metaphy-

832 2355 979 2418 sicae
1023 2373 1171 2418 suae.
1208 2355 1326 2416 Sed
1369 2374 1481 2436 per
1518 2355 1955 2417 exsistentiam
1995 2374 2188 2436 quam
2229 2357 2333 2418 ha-

832 2453 941 2514 bet
988 2472 1025 2514 a
1074 2453 1222 2526 Dec,
1274 2453 1549 2515 essentia
1595 2453 2054 2515 determinatur
2101 2455 2179 2515 ad
2231 2473 2332 2516 ex-

832 2550 1187 2613 sistendum
1237 2551 1300 2613 in
1351 2551 1473 2614 isto
1516 2559 1623 2613 aut
1670 2552 1781 2613 illo
1824 2571 1837 2614 :
1881 2560 1944 2614 et
1987 2553 2078 2613 sic
2124 2559 2332 2634 potest

834 2649 1269 2730 multiplicari,
1339 2649 1637 2712 effective
1710 2649 1971 2731 quidem
2038 2669 2075 2712 a
2142 2669 2332 2712 causa

833 2753 1077 2828 agente,
1140 2747 1521 2828 completive
1579 2765 1729 2809 vero
1785 2747 1920 2808 sive
1978 2747 2333 2810 formaliter

834 2861 949 2925 per
977 2842 1223 2904 actuale
1253 2861 1391 2906 esse
1423 2863 1535 2905 seu
1576 2843 1945 2918 subsistere,
1979 2847 2148 2927 quod
2190 2864 2333 2928 sup-

834 2940 1186 3022 positorum
1226 2947 1342 3015 est,
1375 2941 1541 3002 sicut
1568 2948 1631 3002 et
1662 2942 1931 3022 operari.
1968 2943 2126 3005 Hinc
2169 2943 2331 3004 mul-

2441 1962 2762 2024 Aristoteli
2804 1961 3144 2034 consensit,
3178 1980 3379 2042 quum
3415 1967 3626 2023 tamen
3669 1961 3736 2022 in
3776 1959 3948 2022 libro

2442 2061 2520 2121 de
2563 2060 2926 2122 Substantia
2968 2058 3140 2121 orbis
3182 2059 3490 2122 Averroes
3538 2058 3946 2140 apertissime

2442 2157 2712 2220 fateatur
2751 2177 3078 2239 nunquam
3122 2157 3321 2220 fuisse
3351 2158 3430 2219 de
3462 2165 3672 2219 mente
3700 2157 3945 2219 Aristo-

2441 2257 2608 2331 telis,
2662 2258 2828 2338 quod
2880 2257 3114 2318 coelum
3173 2257 3253 2318 sit
3303 2276 3340 2318 a
3389 2257 3515 2320 Deo
3562 2255 3771 2318 solum
3829 2274 3948 2337 per

2443 2357 2988 2418 conservationem
3059 2361 3169 2416 aut
3236 2354 3752 2436 dependentiam‚
3827 2355 3944 2416 sed

2442 2454 2609 2535 quod
2651 2454 2734 2514 sit
2772 2454 2852 2515 ab
2893 2455 3031 2535 ipso
3071 2473 3185 2536 per
3214 2472 3430 2515 veram
3471 2453 3942 2514 emanationem

2441 2571 2552 2613 seu
2602 2552 3082 2634 productionem
3129 2553 3386 2624 realem,
3422 2550 3552 2613 imo
3591 2550 3759 2633 quod
3805 2567 3945 2612 om-

2442 2649 2622 2711 nium
2657 2658 3010 2712 ceterorum
3043 2668 3181 2711 esse
3211 2669 3248 2711 a
3277 2650 3404 2712 Deo
3439 2648 3785 2711 effluxerit.
3811 2649 3943 2711 Nec

2441 2748 2571 2810 ulla
2611 2749 2770 2811 ratio
2809 2748 2928 2810 hoc
2970 2748 3280 2830 permittit
3317 2755 3385 2809 ut
3423 2747 3716 2810 dicantur
3753 2747 3944 2830 plura

2443 2846 2720 2909 increata
2767 2847 2843 2908 ad
2897 2866 3097 2909 unum
3158 2846 3551 2929 principium
3605 2863 3732 2908 non
3783 2845 3942 2908 rela-

2442 2952 2505 3005 ta
2537 2964 2550 3007 :
2591 2952 2827 3025 quanto
2872 2944 3084 3006 minus
3129 2944 3484 3025 putandum
3523 2951 3620 3005 est
3658 2944 3943 3024 ingenio-

834 3046 971 3100 tum
1029 3047 1241 3102 errant
1288 3039 1400 3121 qui
1460 3039 1523 3101 in
1586 3040 2026 3121 intelligentiis
2086 3050 2332 3124 ponunt
2367 3039 2412 3103 C
2442 3043 2770 3104 sissimum
2819 3043 3002 3104 illum
3047 3041 3499 3124 philosophum
3544 3042 3664 3104 hoc
3707 3043 3941 3104 sensis-

833 3136 1233 3219 spiritualem
1294 3138 1623 3200 materiam
1672 3138 1751 3200 ad
1805 3139 2178 3202 salvandum
2231 3159 2330 3202 ea-

835 3255 975 3298 rum
1010 3236 1579 3298 individuationem
1612 3245 1674 3299 et
1706 3237 2327 3319 multiplicationem,

832 3335 1015 3415 quasi
1042 3335 1228 3396 aliter
1257 3334 1638 3397 individuari
1671 3343 1735 3396 et
1765 3336 2172 3418 multiplicari
2205 3355 2329 3398 non

832 3431 1084 3494 valeant
1117 3450 1131 3494 :
1166 3451 1307 3514 quae
1349 3432 1568 3514 utique
1609 3432 1753 3495 fieri
1794 3442 2039 3514 queunt
2077 3453 2191 3516 per
2228 3453 2328 3497 ac-

831 3531 1070 3592 tualem
1117 3531 1549 3593 exsistentiam
1602 3531 1776 3593 illam
1826 3551 2018 3613 quam
2061 3552 2097 3594 a
2140 3552 2330 3594 causa

832 3627 1159 3690 efficiente
1188 3628 1665 3709 suscipiunt.—
1684 3631 1825 3693 Haec
1857 3630 2184 3692 Henricus.
2210 3631 2326 3705 Qui

833 3725 899 3787 in
948 3725 1475 3788 determinatione
1524 3728 1892 3808 quaestionis
1943 3727 2125 3791 istius
2175 3728 2327 3791 fate-

830 3831 955 3898 tur,
990 3824 1158 3905 quod
1201 3824 1464 3886 materia
1500 3832 1563 3886 et
1592 3826 1911 3906 quantitas
1953 3835 2102 3888 sunt
2140 3847 2329 3890 causa

828 3931 893 3985 et
924 3922 1082 3984 ratio
1122 3922 1646 3989 individuationis
1688 3925 1753 3986 in
1793 3925 2231 4007 corporalibus
2266 3935 2329 3988 et

828 4022 895 4084 in
938 4020 1349 4083 inferioribus
1393 4020 1601 4082 rebus,

908 4119 1358 4180 Verumtamen
1416 4119 1481 4180 in
1541 4119 1661 4180 ista
1706 4120 2055 4201 quaestione
2107 4121 2330 4184 inserit

2443 3159 2530 3212 se,
2579 3140 2689 3221 qui
2739 3147 2802 3202 et
2851 3161 2887 3201 a
2935 3141 3235 3221 magistro
3285 3157 3400 3202 suo
3449 3140 3701 3203 Platone
3752 3139 3941 3202 toties

2441 3237 2665 3299 didicit
2723 3238 2892 3320 quod
2962 3239 3170 3301 omnis
3240 3237 3584 3301 multitudo
3651 3238 3940 3320 procedit.

2442 3334 2522 3396 ab
2570 3353 2696 3397 uno
2727 3339 2752 3397 ’ὅ

2521 3533 2805 3616 Denique
2849 3534 2926 3596 de
2972 3534 3070 3595 his
3115 3533 3394 3595 secunda
3441 3540 3618 3615 parte
3669 3533 3816 3596 libri
3858 3534 3942 3596 de

2440 3633 2766 3706 Univers0,
2812 3632 3011 3694 multa
3057 3630 3712 3705 scribit-Parisiensis,
3755 3633 3939 3714 quasi

2440 3730 2838 3813 Peripatetici
2871 3729 3178 3811 praecipui
3213 3728 3457 3805 nullam
3489 3729 3940 3792 discretionem

2440 3828 2833 3890 numeralem
2892 3833 3001 3889 aut
3050 3827 3445 3908 personalem
3505 3827 3940 3891 diversitatem

2439 3928 2505 3989 in
2556 3926 2860 4008 separatis
2921 3925 3282 4007 posuissent
3328 3922 3704 3987 substantiis
3757 3945 3771 3989 :
3825 3927 3942 3988 Re-

2439 4033 2581 4099 stat,
2625 4024 2944 4106 inquienS,
2989 4022 3408 4105 perscrutatio
3449 4023 3526 4085 de
3567 4023 3940 4105 hujusmodi

2439 4122 2834 4195 substantiis,
2867 4141 2947 4182 an
2991 4121 3074 4182 sit
3122 4120 3458 4182 diversitas
3507 4122 3676 4203 apud
3725 4141 3832 4184 eas
3873 4131 3942 4184 et

830 4217 1054 4290 multa,
1088 4236 1229 4298 quae
1265 4225 1328 4278 et
1368 4217 1521 4278 alibi
1568 4235 1733 4298 saepe
1772 4217 2075 4292 affirmat,
2109 4220 2330 4282 videli-
2359 4225 2410 4286 D
2442 4220 2786 4282 multitudo
2811 4239 2824 4282 :
2849 4227 2912 4280 et
2941 4218 3250 4299 intellig0,
3282 4237 3362 4280 an
3393 4219 3796 4281 diversentur
3825 4239 3942 4282 nu-

830 4323 951 4388 eet,
981 4315 1150 4397 quod
1182 4315 1449 4376 intentio
1480 4322 1541 4376 et
1574 4335 1754 4377 mens
1786 4316 2141 4378 Aristotelis
2181 4317 2325 4393 fuit,

830 4412 1283 4493 intelligentias
1341 4429 1468 4473 non
1519 4431 1655 4474 esse
1707 4415 2045 4494 productas
2093 4416 2172 4477 ab
2216 4417 2328 4478 ali-

830 4528 978 4592 q110,
1004 4529 1121 4572 nec
1152 4517 1391 4572 creatas
1420 4529 1457 4571 a
1487 4511 1634 4585 Dec,
1670 4512 1779 4573 sed
1814 4532 2328 4596 unamquamque

828 4627 1048 4670 earum
1080 4627 1217 4670 esse
1248 4608 1589 4690 quemdam
1619 4609 1810 4671 deum
1845 4610 1907 4671 in
1940 4611 2162 4674 ordine
2194 4630 2326 4686 suo,

830 4714 893 4768 et
924 4705 1156 4768 habere
1189 4725 1447 4768 necesse
1476 4725 1637 4781 esse,
1672 4725 1790 4768 nec
1822 4707 1887 4769 in
1917 4726 1991 4770 ea
2021 4709 2330 4790 distingui

830 4823 969 4867 esse
1017 4803 1098 4864 ab
1146 4805 1437 4866 essentia.
1492 4804 1728 4866 Verum
1778 4805 1948 4867 istud
2000 4827 2328 4889 nunquam

833 4901 1034 4963 fuisse
1068 4902 1146 4963 de
1180 4910 1392 4964 mente
1431 4902 1817 4985 Philosophi,
1854 4904 2333 4968 evidentissime

559 5019 804 5127 &mig-x.
834 5018 1029 5082 super
1068 5000 1349 5082 primum
1380 5003 1625 5063 ostendi
1659 5021 1735 5064 ex
1768 5002 1980 5064 verbis
2010 5011 2073 5064 et
2103 5003 2334 5066 doctri-

536 5098 582 5138 Ρ·
754 5115 766 5134 ι

540 5147 691 5191 1471)·.

834 5099 935 5161 nis
978 5098 1365 5180 Philosophi,
1400 5101 1751 5181 praesertim
1796 5120 1995 5182 quum
2041 5103 2103 5163 in
2149 5103 2336 5164 Meta-

839 5197 1101 5280 physica
1156 5217 1271 5259 sua
1330 5198 1713 5262 solidissime
1771 5207 1997 5261 tractet
2054 5200 2131 5262 de
2190 5208 2336 5262 actu

838 5303 1030 5378 atque
1062 5296 1364 5377 potentia,
1398 5303 1461 5357 et
1494 5297 1745 5359 tandem
1788 5297 2218 5379 insolubiliter
2249 5297 2339 5360 in-

2443 4336 2640 4392 mer0,
2691 4326 2753 4379 et
2811 4337 2889 4378 an
2949 4333 3216 4378 numero
3274 4322 3546 4390 tantum,
3601 4336 3683 4378 an
3741 4319 3939 4381 etiam

2441 4417 2674 4499 specie.
2696 4415 2772 4477 Et
2801 4416 2880 4477 de
2912 4414 3120 4495 primo
3149 4414 3374 4476 horum
3413 4413 3535 4475 fuit
3565 4433 3774 4478 sermo
3802 4416 3942 4479 Ari-

2442 4516 2685 4578 stotelis
2735 4522 2798 4576 et
2844 4513 3213 4595 Alphorabii
3263 4532 3335 4575 ac
3383 4513 3743 4587 Avicennae,
3791 4514 3944 4577 alio-

2444 4631 2715 4695 rumque
2757 4611 2866 4693 qui
2904 4611 2967 4671 in
3001 4610 3101 4672 his
3131 4609 3534 4672 Aristotelem
3574 4619 3724 4673 sunt
3760 4629 3944 4673 secu-

2443 4713 2489 4773 ti
2527 4729 2540 4773 :
2578 4711 2688 4793 qui
2729 4727 2950 4772 omnes
2991 4709 3453 4771 concordarunt
3485 4709 3549 4770 in
3591 4709 3732 4783 hoc,
3765 4709 3940 4790 quod

2444 4810 2651 4872 omnis
2693 4807 3048 4880 diversitaS,
3074 4807 3283 4868 omnis
3319 4824 3624 4868 numerus
3667 4825 3704 4868 a
3744 4815 3942 4869 mate-

2446 4908 2540 4969 ria
2569 4915 2664 4969 est
2693 4904 3024 4987 corporali.
3059 4905 3321 4985 Propter
3350 4905 3518 4985 quod
3549 4905 3793 4968 animas
3831 4923 3943 4968 no·

2447 5013 2606 5067 stras
2643 5023 2844 5085 quum
2873 5003 3113 5064 fuerint
3143 5010 3466 5085 separatae,
3499 5002 3797 5064 dixerunt
3829 5023 3947 5064 nu-

2449 5121 2697 5165 merum
2729 5119 2857 5163 non
2889 5101 3122 5163 habere
3157 5118 3274 5162 nec
3305 5099 3535 5175 facere,
3569 5101 3680 5163 sed
3715 5118 3944 5164 omnes

2449 5220 2554 5262 eas
2613 5218 2806 5261 unam
2867 5197 3289 5261 substantiam
3346 5217 3507 5272 esse,
3558 5206 3622 5260 et
3677 5217 3944 5280 prorsus

2452 5317 2675 5372 unum,
2711 5315 2827 5359 nec
2869 5297 3156 5359 invenire
3195 5296 3363 5379 apud
3403 5315 3508 5358 eas
3548 5297 3667 5359 hoc
3701 5303 3764 5358 et
3793 5297 3940 5362 hoc.

3979 1485 4219 1541 Γ[.ρ.7·.·
4241 1489 4276 1530 j.
