4334 6242
573 3725 632 3769 Dc
646 3726 815 3770 Coelest..

552 3791 661 3834 hier.
682 3804 720 3833 c.
741 3804 783 3833 x.

832 650 1283 715 intellectualis
1343 671 1358 716 t

834 751 1080 833 species
1112 750 1608 832 distinguuntur.
1644 751 1967 822 Praeterea,
1995 766 2336 810 commune

835 849 1251 912 substantiale
1283 867 1410 911 non
1443 848 1839 911 contrahitur
1867 849 1945 910 ad
1978 849 2096 910 hoc
2126 854 2236 909 aut
2267 846 2340 906 il-

837 947 963 1020 lud,
980 947 1102 1008 nisi
1130 966 1244 1030 per
1267 946 1699 1010 differentiam
1730 945 2204 1009 constitutivam
2229 951 2339 1006 aut

837 1045 1200 1124 materiam3
1236 1045 1301 1107 in
1336 1045 1577 1126 angelis
1608 1062 1759 1107 vero
1796 1062 2135 1107 commune
2181 1042 2336 1104 illud

835 1144 1249 1208 substantiale
1281 1144 1614 1227 praefatum
1648 1162 1773 1206 non
1806 1142 2196 1206 contrahitur
2226 1159 2340 1222 per

836 1243 1190 1316 materiam,
1224 1261 1374 1324 ergo
1417 1261 1530 1324 per
1576 1242 1844 1305 formam
1888 1260 2001 1303 seu
2039 1239 2340 1302 differen-

835 1341 989 1403 tiam
1037 1342 1533 1404 constitutivam.
1570 1341 1945 1413 Dicendum,
1991 1339 2159 1420 quod
2213 1357 2340 1399 ma-

832 1441 1004 1521 jores
1062 1440 1498 1521 objectionum
1564 1439 1829 1501 istarum
1894 1456 2021 1500 non
2084 1455 2339 1518 semper

835 1546 984 1601 sunt
1031 1557 1219 1611 verm,
1272 1538 1382 1599 sed.
1443 1538 1507 1599 in
1560 1537 1781 1618 logicis
1830 1544 1893 1598 et.
1942 1533 2336 1598 naturalibus

836 1645 1107 1711 tantum,
1153 1655 1279 1699 non
1330 1644 1541 1698 autem
1589 1635 1653 1697 in
1698 1635 2017 1697 civilibus,
2063 1635 2132 1695 ln
2183 1634 2336 1695 civi-

838 1735 1006 1797 libus
1049 1753 1325 1817 namque
1376 1734 1825 1815 multiplicatio
1873 1741 1969 1796 est
2020 1733 2096 1794 ad
2147 1732 2334 1793 mini-

1495 480 1559 526 IN
1600 479 1821 525 mem
1862 479 1907 523 11
1948 475 2430 523 SENTENTIARUK.
2475 493 2557 504 ···-
2595 476 2748 523 DIST.
2795 477 2903 540 1113
2947 476 3170 533 QUAEST.
3218 480 3284 524 111

1420 670 1568 733 ergo
1637 670 1749 734 per
1811 649 2208 713 differentias
2274 647 2633 729 etAcujus
2693 657 2916 712 natura
2977 650 3268 712 consistit
3322 649 3670 724 formalior,
3731 667 3811 712 ex
3872 665 3963 711 eo

2446 747 2614 829 quod
2659 766 2773 809 sua
2813 747 3143 809 actualitas
3188 756 3283 809 est
3321 746 3780 829 potentialitate
3827 746 3962 808 mi-

2445 865 2566 907 nus
2617 846 2931 927 permixta
2977 864 2992 909 ε
3043 854 3107 908 et
3153 846 3296 920 hoc,
3349 865 3426 907 ex
3475 846 3962 928 propinquitate

2445 963 2561 1004 sua
2601 944 2679 1005 ad
2718 952 2932 1006 actum
2973 944 3255 1025 primum
3291 963 3366 1006 ac
3397 963 3651 1027 purum.
3687 944 3962 1025 Simpli-

2447 1041 2580 1103 cior
2609 1060 2864 1124 quoque
2893 1050 2989 1104 est
3018 1043 3127 1104 ille
3157 1043 3428 1105 effectus
3460 1063 3590 1124 prae
3621 1042 3954 1114 omnibus,

2445 1141 2556 1222 qui
2615 1141 2835 1204 ordine
2895 1149 3136 1204 naturae
3197 1143 3516 1204 emanavit
3580 1141 3958 1203 immediate

2444 1257 2481 1300 a
2510 1238 2991 1320 simplicissimo
3022 1240 3249 1321 primo.
3284 1239 3490 1302 Minus
3519 1239 3710 1301 etiam
3751 1239 3958 1301 habet

2448 1337 2913 1412 mutabilitatis,
2948 1338 3098 1420 quia
3130 1339 3274 1419 plus
3309 1337 3500 1400 habet
3536 1337 3952 1410 actualitatiS‚

2445 1442 2505 1496 et
2551 1435 2794 1512 altioris
2835 1444 2933 1498 est
2979 1436 3493 1499 immortalitatis.
3529 1436 3650 1498 Sed
3693 1444 3756 1496 et
3801 1452 3960 1516 pro-

2447 1540 2586 1615 pter
2617 1533 2928 1596 minorem
2953 1553 2990 1595 a
3019 1533 3308 1597 Creatore
3339 1533 3715 1605 distantiam,
3731 1541 3958 1594 manet

2448 1632 2511 1693 in
2544 1631 2808 1694 clariore
2839 1632 3253 1714 plenioreque
3282 1632 3526 1694 lumine
3559 1631 3950 1694 intellectus,

2445 1767 2526 1776 —-
2556 1731 2645 1792 Ex
2691 1730 2789 1792 his
2843 1730 3111 1792 solvitur
3150 1731 3418 1812 quaestio
3461 1731 3538 1793 de
3580 1728 3956 1792 differentia

836 1834 1027 1895 steria
1066 1853 1180 1915 per
1212 1833 1676 1896 ordinationem
1720 1831 1963 1914 politici
2004 1831 2328 1912 sapientis.
2372 1829 2419 1891 B
2447 1828 2839 1909 angelorum,
2899 1847 2979 1890 an
3039 1828 3311 1911 quilibet
3367 1828 3450 1890 ab
3507 1828 3632 1891 alio
3685 1827 3956 1890 differat

836 1931 1211 1993 Distributio
1240 1938 1475 2004 autem,
1510 1930 1844 2012 dispositio
1877 1949 1987 1992 seu
2019 1928 2336 1991 ordinatio

836 2030 1014 2111 regni
1057 2030 1354 2102 coelestiS,
1390 2028 1660 2111 similior
1700 2036 1795 2090 est
1828 2027 2105 2111 politicis
2144 2034 2334 2109 atque

836 2127 1158 2202 civilibuS‚
1210 2146 1403 2210 quam
1463 2127 1685 2207 logicis
1744 2145 1816 2189 ac
1866 2126 2264 2188 naturalibus
2317 2141 2331 2186 :

836 2227 1021 2307 cujus
1062 2226 1315 2307 signum
1346 2233 1463 2299 est,
1497 2226 1666 2307 quod
1704 2243 1969 2306 regnum
2002 2224 2332 2297 coelorum,

834 2325 1059 2387 civitas
1116 2332 1179 2386 et
1226 2325 1453 2386 domus
1512 2343 1585 2386 ac
1646 2323 1847 2405 patria
1903 2330 2328 2404 nuncupatur.

833 2459 915 2469 —
961 2424 1106 2487 Haec
1161 2422 1478 2485 AlbertuS.
1543 2422 1738 2502 Cujus
1799 2421 2027 2504 positio
2082 2420 2338 2483 videtur

834 2521 1112 2586 deficere
1151 2522 1222 2584 in
1266 2523 1386 2584 hoc
1431 2521 1599 2603 quod
1646 2521 1975 2582 universos
2017 2528 2080 2581 et
2121 2519 2334 2600 singu-

836 2622 930 2684 los
970 2620 1227 2701 angelos
1270 2620 1459 2681 unius
1500 2619 1655 2681 dicit
1689 2617 1927 2699 speciei
1964 2618 2332 2691 consistere,

836 2719 1003 2781 sicut
1052 2718 1285 2800 partim
1335 2726 1662 2780 ostensum
1705 2725 1823 2790 est,
1866 2723 1929 2778 et
1978 2715 2145 2778 infra
2194 2733 2333 2798 pro-

843 2817 1119 2880 habitur.

916 2916 1159 2978 Idcirco
1209 2915 1273 2977 in
1333 2915 1452 2977 hoc
1502 2914 1831 2977 Udalricus
1881 2931 2134 2994 quoque
2194 2911 2334 2993 ejus

2446 1927 2682 2010 specie,
2717 1926 2817 1989 vel
2851 1927 3050 2008 aliqui
3082 1934 3327 1989 tantum
3371 1943 3636 1988 numero
3664 1945 3701 1987 a
3729 1945 3798 1988 se
3825 1925 3958 1988 dif-

2448 2026 2673 2101 ferant,
2722 2045 2803 2088 an
2853 2026 3044 2088 etiam
3096 2025 3401 2088 differant
3445 2044 3694 2106 genere.
3749 2024 3955 2087 Diffe-

2447 2133 2595 2186 runt
2626 2144 2902 2207 namque
2931 2124 3097 2186 sicut
3127 2124 3364 2186 diversi
3393 2123 3624 2204 gradus
3653 2123 3948 2203 ejusdem

2447 2230 2708 2296 naturai,
2744 2223 2983 2285 causati
3015 2241 3092 2284 ex
3122 2222 3423 2284 distantia
3455 2221 3535 2284 ab
3567 2239 3696 2284 uno
3734 2221 3954 2303 primo

2446 2339 2668 2384 eorum
2717 2321 3036 2404 principio
3080 2340 3093 2384 :
3140 2320 3452 2401 ejusdem,
3505 2321 3788 2402 inquam,
3840 2339 3954 2382 na-

2449 2428 2622 2494 turae,
2657 2439 2783 2482 non
2825 2420 3178 2482 secundum
3213 2420 3522 2482 unitatem
3560 2419 3954 2482 univocatio·

2449 2518 2548 2580 nis
2581 2518 2854 2592 realiter,
2869 2518 2978 2580 sed
3010 2517 3217 2580 solum
3249 2518 3602 2581 seeundum
3633 2519 3948 2580 unitatem

2448 2617 2788 2698 analogicae
2832 2615 3328 2679 communitatis.
3365 2616 3540 2680 Talia
3575 2623 3788 2678 autem
3824 2634 3952 2677 nec

2449 2732 2680 2794 genere
2720 2733 2838 2776 nec
2888 2714 3100 2796 specie
3150 2733 3351 2776 unum
3399 2722 3567 2776 sunt.
3610 2713 3754 2776 Ideo
3793 2730 3952 2776 vero

2450 2812 2604 2886 dixi,
2650 2812 2969 2893 loquendo
3019 2812 3271 2875 realiter
3323 2830 3338 2874 ε
3388 2812 3690 2894 quoniam
3737 2813 3792 2874 si
3841 2832 3952 2874 su-

2453 2928 2701 2972 mamus
2743 2910 2914 2971 illam
2956 2917 3248 2972 naturam
3286 2911 3638 2972 secundum
3679 2910 3954 2991 logicam

836 3014 1193 3096 discipulus
1232 3013 1493 3075 recessit
1523 3013 1604 3075 ab
1636 3013 1795 3094 ipsc,
1830 3011 2116 3074 scribens
2151 3030 2336 3092 quar·
2377 3013 2421 3078 C
2453 3007 2893 3080 intentionem,
2927 3016 2991 3069 et
3018 3026 3146 3070 non
3185 3008 3537 3070 secundum
3580 3027 3718 3070 esse
3759 3009 3954 3083 reale,

837 3121 901 3176 to
948 3132 1079 3175 suae
1126 3113 1402 3175 Summae
1453 3111 1617 3174 libro
1664 3128 1677 3172 :
1726 3111 2027 3185 Quamvis
2078 3110 2338 3192 praefata

837 3219 1077 3274 naturai
1132 3210 1435 3291 angelicae
1491 3209 1799 3271 attributa
1856 3209 2103 3271 cunctis
2153 3208 2340 3270 coele-

838 3310 1044 3372 stibus
1076 3308 1369 3371 essentiis
1408 3307 1715 3370 exsistant
1745 3307 2129 3381 communia,
2163 3305 2341 3367 nulla

842 3417 1053 3470 tamen
1116 3425 1335 3469 earum
1398 3405 1739 3488 participat
1798 3405 2057 3486 aliquod
2116 3421 2339 3467 eorum

840 3507 1169 3589 aequaliter
1198 3524 1346 3566 cum
1379 3504 1596 3577 altera,
1626 3504 1792 3566 sicut
1821 3523 1938 3566 nec
1972 3504 2035 3565 in
2066 3502 2342 3566 essentia

842 3613 989 3668 sunt
1020 3604 1312 3686 aequaleS.
1348 3604 1555 3677 Quum
1596 3604 1768 3665 enim
1810 3603 2162 3665 secundum
2205 3602 2344 3666 Dio-

846 3703 1101 3786 nysium
1160 3710 1471 3776 sanctum,
1526 3701 2025 3764 illuminationes
2084 3702 2343 3764 descen-

845 3801 995 3864 dant
1032 3821 1070 3863 a
1109 3800 1545 3882 superioribus
1590 3799 1653 3861 in
1698 3799 2052 3872 inferioreS,
2088 3818 2205 3861 nee
2247 3817 2344 3862 so-

848 3901 982 3963 lum
1017 3898 1274 3962 veniant
1302 3899 1382 3961 ab
1412 3899 1770 3961 hierarchia
1801 3897 1866 3959 in
1897 3898 2341 3971 hierarchiam,

844 4009 1035 4082 atque
1074 3997 1155 4060 ab
1196 3997 1417 4060 ordine
1457 4015 1586 4060 uno
1628 3997 1691 4058 in
1730 3997 1928 4059 alium
1974 3996 2346 4059 hierarchiae

845 4097 1159 4178 ejusdem,
1195 4097 1325 4160 imo
1368 4097 1560 4159 etiam
1609 4097 1672 4158 in
1715 4097 1939 4159 eodem
1981 4096 2202 4158 ordine
2242 4113 2348 4156 ve-

2452 3112 2603 3167 tunc
2645 3106 2784 3187 ipsa
2820 3113 2917 3168 est
2956 3125 3158 3168 unum
3202 3124 3403 3187 genus
3445 3105 3956 3190 subalternatum

2449 3203 2842 3278 substantiae,
2892 3204 3062 3285 quod
3111 3211 3374 3267 vocatur
3423 3211 3649 3266 natura
3707 3204 3960 3266 intelle-

2450 3302 2712 3380 ctualis3
2762 3309 2825 3364 et
2865 3302 3031 3363 ultra
3077 3303 3386 3364 dividitur
3436 3302 3502 3363 in
3550 3320 3782 3382 genera
3831 3302 3960 3364 sibi

2451 3400 2838 3474 subalterna,
2887 3407 2950 3462 et
2999 3400 3107 3462 illa
3154 3419 3372 3461 rursus
3433 3399 3958 3473 subdividuntur,

2452 3499 2653 3561 donec
2683 3499 2936 3561 tandem
2971 3497 3346 3560 deveniatur
3374 3498 3451 3559 ad
3491 3496 3773 3577 singulas
3815 3515 3962 3578 spe-

2453 3598 2604 3671 cieS,
2637 3616 2910 3679 quarum
2947 3596 3249 3678 quaelibet
3293 3613 3418 3658 non
3463 3595 3655 3657 habet
3694 3595 3818 3657 nisi
3860 3594 3961 3656 in-

2453 3695 2789 3758 dividuum
2848 3714 3046 3757 unum
3103 3714 3116 3758 :
3170 3693 3711 3776 quemadmodum
3759 3693 3958 3756 etiam

2453 3794 2807 3856 secundum
2855 3793 3020 3855 dona
3056 3801 3120 3855 et
3157 3793 3390 3874 gradus
3438 3791 3676 3872 gratiae,
3719 3791 3962 3873 quibus

2456 3893 2952 3975 correspondent
2998 3891 3229 3972 gradus
3281 3899 3542 3964 naturae,
3584 3889 3964 3952 dividuntur

2457 3992 2665 4073 primo
2698 3992 2760 4052 in
2791 3997 2919 4052 tres
2949 3988 3674 4071 hierarchiaS‚quaelibet
3702 4005 3964 4071 quoque

2456 4089 2813 4152 hierarchia
2853 4089 2917 4150 in
2953 4096 3080 4149 tres
3111 4087 3388 4162 ordines,
3420 4095 3484 4149 et
3512 4086 3964 4168 unusquisque

848 4197 1026 4257 niant
1082 4194 1163 4256 ab
1221 4194 1446 4276 angelo
1504 4212 1631 4257 uno
1689 4195 1755 4256 in
1814 4194 2034 4268 alium,
2086 4201 2347 4275 propter
2379 4189 2612 4260 Dordo
2671 4188 2736 4250 in
2799 4187 3042 4269 primos
3102 4192 3165 4246 et
3227 4185 3470 4247 medios
3533 4203 3607 4246 ac
3669 4185 3957 4248 ultimoS.

848 4293 1017 4374 quod
1067 4293 1323 4355 divinus
1369 4293 1704 4374 Dionysius
1752 4291 1815 4353 in
1856 4291 2078 4355 eodem
2122 4292 2345 4354 ordine

849 4391 1030 4471 ponit
1069 4390 1372 4471 primum,
1408 4390 1713 4464 medium,
1748 4398 1809 4452 et
1854 4391 2193 4469 ultimum3
2241 4409 2345 4472 pa-

850 4495 938 4550 tet
977 4489 1147 4569 quod
1192 4507 1412 4551 omnes
1456 4489 1663 4569 angeli
1708 4489 1875 4550 inter
1913 4508 1979 4550 se
2020 4489 2342 4562 differant,

848 4585 1015 4648 sicut
1053 4586 1363 4648 differunt
1394 4587 1577 4668 plura
1614 4585 1923 4667 gradatim
1964 4586 2347 4648 descenden-

847 4684 934 4746 tia
963 4683 1045 4746 ab
1078 4703 1205 4748 uno
1241 4685 1559 4766 principio
1592 4702 1605 4746 :
1642 4685 1792 4766 quia
1832 4702 1959 4747 non
1993 4691 2159 4746 esset
2187 4685 2345 4746 ratio

848 4801 964 4845 cur
1003 4783 1211 4865 angeli
1252 4783 1543 4865 ejusdem
1582 4783 1823 4846 ordinis
1863 4790 2075 4845 essent
2110 4783 2176 4844 in
2213 4801 2349 4864 gra-

849 4883 1037 4945 dibus
1097 4882 1288 4965 primi
1338 4888 1401 4944 et
1450 4881 1642 4944 medii
1700 4901 1775 4944 ac
1823 4881 2056 4956 ultimi,
2108 4888 2170 4942 et
2217 4900 2346 4945 non

848 4981 977 5044 alii.
1013 4981 1202 5044 Porro
1242 4982 1307 5044 in
1352 4980 1607 5054 talibuS‚
1642 4999 1760 5043 nec
1799 4979 1863 5041 in
1898 4979 2194 5053 essentia,
2229 4998 2345 5041 nec

852 5080 917 5142 in
958 5079 1479 5162 perfectionibuS,
1516 5097 1633 5141 nec
1674 5079 1736 5140 in
1771 5077 2219 5141 essentialibus
2256 5085 2347 5139 at-

850 5178 1109 5241 tributis
1158 5186 1254 5240 est
1300 5177 1626 5260 aequalitas
1687 5177 1877 5238 unius
1928 5194 2075 5238 cum
2130 5175 2346 5258 aliquo

848 5277 1011 5358 alio;
1043 5277 1153 5340 sed
1190 5276 1297 5339 ille
1327 5274 1589 5358 angelus
1619 5283 1715 5338 est
1742 5275 1886 5337 aliis
1924 5273 2341 5356 spiritualior,

2457 4287 2791 4367 Quumque
2823 4292 3045 4346 natura
3076 4283 3398 4346 rationalis
3428 4301 3557 4346 non
3588 4283 3670 4345 sit
3703 4284 3964 4365 proprie

2457 4393 2682 4446 natura
2713 4383 3182 4456 intellectualiS‚
3218 4382 3329 4444 sed
3359 4381 3585 4443 umbra
3615 4381 3779 4462 ejuS,
3814 4399 3968 4443 con-

2457 4490 2579 4544 stat
2626 4482 2796 4564 quod
2839 4481 3054 4544 anima
3103 4480 3426 4543 rationalis
3471 4498 3590 4541 nec
3635 4479 3702 4541 in
3746 4479 3968 4561 specie

2455 4600 2575 4643 nec
2618 4581 2682 4642 in
2721 4599 2953 4661 genere
3000 4579 3290 4661 proximo
3329 4577 3628 4640 convenit
3669 4596 3818 4640 cum
3855 4597 3972 4640 an-

2455 4679 2632 4760 gelis,
2685 4680 2830 4742 Haec
2881 4678 3228 4742 UdalricuS.
3281 4676 3480 4757 Cujus
3527 4676 3762 4759 positio
3811 4693 3964 4740 con-

2455 4786 2636 4841 sonat
2677 4779 2952 4841 Thomae.

2534 4878 2841 4940 Praeterea
2898 4877 2976 4938 de
3034 4876 3156 4938 ista
3215 4873 3500 4947 materia,
3553 4874 3819 4947 scilicet,
3868 4893 3956 4936 an

2457 4978 2669 5059 plures
2718 4975 2926 5056 angeli
2985 4980 3251 5056 possunt
3297 4972 3418 5035 sub
3465 4972 3686 5034 eadem
3735 4972 3952 5053 specie

2453 5095 2614 5150 esse,
2657 5074 2876 5137 scribit
2927 5073 3259 5136 Durandus
3309 5071 3460 5134 satis
3509 5069 3830 5133 subtiliter
3874 5090 3952 5133 ac

2453 5174 2690 5237 diffuse
2733 5193 2747 5237 :
2790 5173 2904 5235 Hic
2943 5181 3038 5234 est
3073 5170 3350 5252 (dicens)
3387 5189 3589 5231 unum
3633 5168 3952 5251 praeintel-

2454 5272 2801 5354 ligendum,
2833 5271 3153 5344 videlicet,
3186 5269 3357 5351 quod
3386 5267 3642 5349 quando
3673 5266 3953 5332 effectus
