4334 6242
687 511 889 561 maun
936 510 1138 558 omas
1179 511 1463 559 Ananim
1505 511 1772 559 srnurus
1815 511 2184 560 mirus-maur
2227 513 2340 560 sau
2379 514 2444 561 m
2484 511 2881 560 umisranmu
2920 512 3269 559 mrum
3405 491 3527 558 525

420 681 796 747 hierarchiae
826 685 1108 768 capitulo
1145 683 1346 766 ponit,
1380 683 1549 765 quod
1582 683 1924 746 multitudo
1951 683 2002 746 A
2031 691 2140 746 aut
2178 683 2588 758 inflammari,
2622 682 2958 765 tripliciter
2986 689 3193 765 potest
3232 681 3521 763 intelligi.

419 781 792 861 angelorum
839 781 1228 846 transcendit
1269 800 1528 844 omnem
1568 780 1923 843 multitudi-

417 895 570 939 nem
615 880 1007 943 materialem
1049 897 1063 941 :
1102 887 1172 941 ut
1211 878 1456 941 scilicet
1495 876 1662 940 sicut
1701 895 1920 959 corpo-

417 993 486 1036 ra
526 977 813 1040 coelestia
851 979 1166 1040 excedunt
1209 994 1472 1058 corpora
1515 975 1816 1038 inferiora
1854 975 1918 1037 in

419 1075 864 1154 magnitudine
896 1075 1079 1158 quasi
1121 1075 1186 1138 in
1227 1075 1638 1148 immensum,
1678 1074 1770 1136 sic
1811 1093 1917 1135 na-

414 1179 576 1235 turae
617 1174 978 1255 superiores
1033 1175 1419 1255 incorporeae
1462 1173 1919 1236 transcendunt

417 1271 834 1334 multitudine
907 1290 1129 1335 omnes
1201 1279 1458 1333 naturas
1527 1288 1860 1352 corporeas
1898 1288 1914 1348 ;

415 1369 569 1450 quia
615 1372 786 1453 quod
837 1372 1068 1434 melius
1115 1378 1212 1434 est
1261 1378 1450 1452 atque
1489 1370 1912 1452 praestantiuS,

413 1475 512 1528 est
551 1469 755 1550 magis
801 1489 838 1532 a
887 1472 1016 1533 Deo
1066 1470 1380 1532 intentum
1429 1476 1494 1530 et
1537 1467 1917 1551 multiplica-

411 1572 574 1628 tum.
610 1567 840 1650 Sicque
873 1569 1088 1650 plures
1118 1575 1268 1629 sunt
1307 1566 1683 1629 adsistentes
1723 1585 1915 1648 quarn

413 1663 872 1728 ministrantes
927 1667 1005 1728 Et
1054 1667 1139 1728 ita
1191 1666 1359 1748 quod
1413 1664 1668 1737 dicitur,
1719 1664 1915 1726 Millia

413 1761 717 1837 millium,
761 1765 1099 1846 legendum
1141 1772 1239 1826 est
1287 1762 1797 1844 multiplicative,
1840 1782 1912 1825 ac

2030 782 2239 844 Primo
2282 781 2685 845 efficienter:
2718 781 2937 863 sicque
2982 780 3154 843 solus
3198 781 3362 843 Deus
3405 780 3526 842 hoc

2031 887 2255 961 potest.
2320 880 2609 943 Secundo
2668 880 2924 952 motive‚
2975 879 3143 942 sicut
3200 878 3523 960 objectum

2032 985 2245 1040 movet
2284 979 2633 1060 potentiam
2669 996 2683 1040 :
2718 979 2939 1061 sicque
2976 978 3404 1041 desideratum
3434 977 3527 1040 in-

2029 1075 2319 1139 flammat
2356 1076 2684 1139 affectum.
2722 1077 2931 1139 Tertio
2968 1076 3325 1150 excitativa,
3358 1075 3525 1138 sicut

2029 1175 2140 1257 qui
2172 1174 2364 1238 offert
2405 1175 2686 1257 speciem
2719 1175 2809 1237 rei
2840 1182 3088 1256 optatae,
3121 1181 3181 1236 et
3214 1175 3307 1236 sic
3336 1193 3523 1256 ange-

2029 1273 2149 1347 lus,
2202 1275 2548 1336 accendere
2607 1281 2831 1356 potest.
2884 1274 3028 1336 Haec
3088 1274 3327 1337 PetruS.
3378 1274 3523 1337 Haec

2027 1391 2221 1455 supra
2263 1373 2515 1454 plenius
2559 1379 2709 1435 sunt
2749 1372 3026 1435 inducta.

2107 1469 2288 1532 Circa
2315 1470 2451 1533 haec
2490 1469 2713 1532 scribit
2752 1469 2953 1532 multa
2979 1469 3349 1544 RicharduS,
3382 1491 3523 1553 quae

2025 1567 2487 1630 sententialiter
2534 1574 2683 1629 sunt
2736 1566 3103 1650 praehabita,
3156 1576 3526 1631 consonant·

2025 1684 2149 1748 que
2181 1666 2519 1748 praedictis.
2548 1666 2920 1748 Specialiter
2949 1684 3203 1749 quoque
3233 1666 3521 1749 inquirit,

2025 1765 2344 1846 quomodo
2374 1764 2635 1845 angelus
2664 1766 2881 1828 doceat
2922 1765 3246 1828 hominem
3293 1765 3358 1826 in
3390 1783 3525 1828 cor·-

409 1859 467 1921 si
519 1860 860 1936 diceretur,
891 1861 1116 1925 Millies
1169 1861 1388 1924 millia.
1427 1861 1762 1941 Quumque
1811 1861 1913 1922 de—
1949 1864 1996 1926 B
2027 1880 2179 1944 pore
2240 1871 2591 1945 assumpto,
2655 1871 2717 1925 et
2777 1864 2928 1925 item
2992 1863 3130 1926 sine
3193 1872 3521 1946 assumpto

407 1958 542 2021 cies
573 1968 830 2022 centum
863 1961 991 2023 sint
1022 1960 1220 2034 mille,
1243 1960 1296 2022 si
1327 1959 1666 2032 diceretur,
1690 1959 1911 2021 Decies

408 2066 680 2120 centena
726 2059 948 2132 millia,
981 2059 1237 2121 daretur
1281 2057 1576 2140 intelligi,
1613 2059 1780 2139 quod
1825 2065 1914 2119 tot

406 2165 624 2218 essent
667 2156 1043 2219 adsistentes
1093 2165 1247 2238 quot
1289 2157 1745 2218 ministrantes
1792 2155 1913 2218 Sed

409 2253 718 2334 quoniam
776 2255 1034 2328 dicitur,
1085 2254 1306 2316 Decies
1365 2253 1600 2316 millies
1649 2260 1914 2315 centena

411 2352 642 2428 millia,
695 2353 900 2416 multo
946 2352 1163 2434 plures
1211 2353 1514 2414 dicuntur
1560 2369 1699 2414 esse
1750 2352 1914 2414 adsi-

409 2458 652 2514 stentes
683 2471 875 2534 quam
908 2451 1362 2514 ministrantes.
1389 2451 1518 2514 Nec
1553 2457 1762 2512 tamen
1793 2449 1913 2512 hoc

411 2549 502 2611 ita
531 2557 628 2612 est
657 2551 1118 2633 accipiendum,
1134 2550 1317 2633 quasi
1347 2557 1558 2611 tantus
1589 2549 1915 2610 dumtaxat

409 2648 498 2710 sit
530 2668 834 2712 numerus
863 2649 1256 2730 angelorum,
1291 2648 1402 2710 sed
1434 2645 1636 2710 multo
1666 2645 1914 2726 major:

411 2745 564 2826 quia
592 2764 852 2808 omnem
883 2746 1362 2809 multitudinem
1395 2745 1790 2808 materialem
1819 2765 1916 2808 ex-

409 2844 600 2906 cedit.
654 2845 830 2918 Quod
888 2845 1256 2926 designatur
1311 2863 1426 2926 per
1477 2844 1914 2927 multiplicati-

407 2959 599 3004 onem
653 2943 1077 3006 maximorum
1131 2961 1546 3006 numerorum
1599 2962 1793 3025 supra
1845 2962 1912 3006 sc

2026 1978 2307 2041 corpore.
2350 1962 2439 2023 De
2478 1960 2713 2043 quibus
2755 1961 2968 2024 dubiis
3010 1961 3203 2024 etiam
3248 1962 3518 2044 sparsim
3577 1979 3819 2035 amanet

2025 2057 2227 2119 multa
2266 2067 2415 2121 sunt
2454 2058 2639 2120 dicta.
2674 2058 2982 2140 Loquitur
3018 2067 3231 2122 autem
3269 2060 3521 2122 Richar-
3548 2043 3818 2154 :2³:⁴¹ffiff.

2024 2155 2142 2217 dus
2196 2156 2548 2218 secundum
2603 2157 3121 2236 imaginationem
3169 2157 3520 2220 dicentium
3546 2170 3646 2210 et·-

2024 2253 2421 2317 intellectum
2493 2253 2864 2336 possibilem
2935 2255 3096 2317 nihil
3169 2255 3523 2338 intelligere

2025 2370 2212 2433 posse
2248 2352 2375 2414 nisi
2414 2353 2852 2433 phantasmata
2890 2353 3208 2427 intuendo,
3244 2353 3386 2416 ideo
3424 2373 3527 2416 an-

2022 2450 2239 2530 gelum
2281 2450 2418 2512 sine
2459 2467 2723 2533 corpore
2763 2469 2890 2514 non
2930 2469 3116 2533 posse
3160 2451 3524 2515 illuminare

2023 2555 2133 2609 aut
2182 2547 2496 2611 instruere
2545 2549 2871 2612 hominem
2923 2549 3047 2612 nisi
3090 2568 3283 2632 super
3330 2550 3526 2632 phan-

2023 2653 2291 2708 tasmata
2318 2647 2637 2722 radiando,
2652 2656 2715 2710 et
2746 2667 2938 2731 super
2966 2649 3209 2730 species
3241 2649 3306 2711 in
3336 2668 3526 2712 sensu

2026 2744 2314 2808 interiori
2356 2753 2683 2810 contentas
2722 2748 2989 2828 agend0,
3023 2747 3279 2810 easdem
3318 2748 3523 2811 diver-

2025 2843 2270 2905 simode
2314 2843 2679 2919 dividendo,
2714 2845 3176 2927 componend0,
3209 2852 3273 2907 et
3317 2854 3525 2908 osten-

2024 2943 2251 3005 dendo.
2286 2942 2402 3016 Qui
2434 2951 2645 3006 autem
2689 2943 2933 3018 dicunt,
2966 2944 3363 3007 intellectum
3390 2944 3523 3026 jam

409 3039 605 3120 ipSOS‚
642 3049 816 3122 puta,
848 3041 1114 3113 denarii,
1149 3041 1510 3104 centenarii.
1532 3048 1594 3103 et
1629 3041 1913 3104 millena·
1949 3044 1992 3107 C
2025 3040 2238 3122 specie
2299 3041 2686 3122 intelligibili
2745 3042 3156 3105 informatum
3206 3051 3269 3105 et
3316 3050 3525 3105 actua-

409 3139 515 3213 rii,
547 3146 621 3200 ut
650 3138 709 3201 S.
739 3139 1075 3221 Dionysius
1106 3139 1262 3201 dicit
1296 3138 1554 3202 ibidem.
1580 3139 1724 3203 Haec
1752 3140 1912 3202 Tho-

412 3255 550 3300 mas
595 3237 661 3298 in
704 3237 984 3300 Summa.

493 3335 845 3398 Concordat
887 3336 1127 3409 Petrus,
1174 3335 1444 3398 dicendo
1479 3354 1492 3399 :
1526 3334 1772 3418 Duplex
1815 3343 1912 3399 est

412 3442 591 3497 actus
645 3433 1199 3516 contemplationis
1256 3435 1625 3516 angelorum
1678 3451 1691 3494 :
1746 3454 1910 3497 unus

411 3551 632 3595 earum
667 3551 881 3594 rerum
923 3550 1064 3614 quae
1102 3532 1422 3613 pertinent
1451 3533 1528 3594 ad
1565 3532 1907 3594 essentiam

410 3631 628 3712 gloriae
663 3648 676 3692 :
710 3629 872 3692 alius
903 3648 1116 3692 rerum
1147 3648 1289 3711 quae
1324 3630 1401 3691 ad
1442 3629 1734 3693 officium
1769 3649 1908 3712 pcr-

408 3729 636 3791 tinent.
689 3729 766 3790 Et
808 3728 991 3809 juxta
1038 3728 1180 3801 hoc,
1224 3727 1550 3800 adsistere,
1596 3728 1767 3809 quod
1813 3736 1910 3790 est

411 3827 778 3889 immediate
828 3825 1269 3908 contemplari,
1317 3825 1657 3908 dupliciter
1703 3834 1910 3909 potest

409 3925 701 4006 intelligi.
737 3925 871 3988 Uno
911 3925 1101 3987 modo
1140 3925 1346 4007 quoad
1385 3932 1600 3987 actum
1631 3932 1910 3987 contem-

411 4022 711 4104 plationis
759 4021 1188 4085 beatificantis
1231 4039 1246 4083 z
1290 4023 1507 4104 sicque
1556 4042 1756 4104 quum
1804 4041 1911 4085 an-

409 4121 536 4202 geli
575 4139 796 4184 omnes
838 4120 1206 4182 immediate
1234 4121 1436 4183 Deum
1476 4121 1907 4203 contemplen-

2021 3149 2183 3212 tum,
2218 3155 2403 3220 posse
2451 3139 2691 3220 absque
2734 3140 3191 3222 phantasmatis
3238 3140 3522 3222 specula-

2021 3236 2195 3300 tione
2226 3237 2603 3318 intelligere,
2628 3238 2980 3300 secundum
3010 3239 3181 3320 quod
3210 3239 3270 3302 S.
3297 3238 3523 3321 Diony·
3564 3257 3625 3302 oe
3638 3259 3818 3314 unx-ue·

2021 3335 2153 3398 sius
2205 3335 2387 3417 ponit
2427 3335 2767 3417 quamdam
2808 3335 3214 3416 anagogicam
3258 3345 3319 3399 et
3363 3356 3520 3419 pure
3549 3321 3814 3380 ²⁵⁰⁰¹⁰⁸·‘²·¹·

2022 3433 2517 3496 intellectualem
2589 3433 3038 3514 cognitionem,
3098 3434 3397 3496 subtilius
3457 3442 3522 3497 et

2019 3530 2115 3612 (ni
2154 3531 2368 3613 fallor)
2403 3532 2616 3594 verius
2655 3531 2865 3594 dicere
2904 3540 3169 3615 queunt,
3203 3533 3372 3615 quod
3412 3552 3520 3596 an-

2019 3630 2201 3712 gelus
2260 3636 2516 3694 sanctus
2578 3631 2787 3712 ipsum
2848 3629 3243 3693 intellectum
3298 3630 3519 3694 imme-

2021 3728 2191 3790 diate
2220 3736 2283 3790 et
2314 3747 2472 3810 pure
2506 3735 2711 3809 potest
2742 3727 3125 3802 illuminare,
3160 3747 3353 3810 super
3382 3748 3519 3811 spc-

2020 3825 2150 3888 cies
2196 3825 2631 3906 intelligibiles
2675 3824 3020 3888 abstractas
3064 3845 3136 3888 ac
3182 3827 3518 3909 depuratas

2021 3924 2087 3986 in
2148 3924 2287 4006 ipso
2353 3923 2770 3986 consistentes
2834 3922 3214 3998 irradiand0,
3274 3942 3517 4007 suoque

2019 4021 2338 4104 spirituali
2388 4021 2629 4083 lumine
2678 4021 3123 4102 refulgentiam
3174 4023 3516 4104 quamdam

2019 4120 2111 4182 ibi
2150 4120 2489 4198 causando,
2523 4120 3061 4200 quemadmodum
3100 4119 3207 4182 lux
3248 4120 3516 4182 sensibi-

408 4229 537 4294 tur‚
569 4237 790 4282 omnes
830 4218 888 4280 ei
929 4218 1262 4280 adsistunt.
1297 4219 1437 4281 Alio
1477 4220 1663 4282 modo
1699 4221 1906 4303 quoad
1938 4222 1990 4285 D
2021 4219 2098 4282 lis
2139 4219 2371 4282 emicat
2406 4226 2467 4280 et
2512 4217 2915 4300 splendorem
2962 4224 3177 4280 causat
3220 4219 3285 4280 in
3324 4218 3515 4281 rebus

410 4326 628 4381 actum
668 4317 1224 4399 contemplationis
1265 4317 1344 4379 ad
1383 4316 1676 4380 officium
1720 4320 1910 4400 perti-

414 4417 626 4479 nentis
660 4433 674 4479 t
707 4423 771 4478 et
800 4415 892 4478 sic
932 4435 1132 4498 quum
1172 4433 1300 4478 non
1329 4433 1507 4496 aeque
1543 4416 1908 4480 immediate

413 4515 926 4598 contemplentur
955 4532 1031 4576 ea
1058 4514 1228 4576 circa
1266 4533 1408 4596 quae
1437 4522 1725 4576 versatur
1764 4514 1908 4577 offi-

413 4615 609 4689 cium,
642 4632 769 4677 non
807 4631 1031 4676 omnes
1070 4611 1406 4687 adsistunt,
1439 4611 1744 4693 quoniam
1787 4613 1911 4695 pri-

411 4713 504 4776 mi
561 4712 928 4775 immediate
975 4730 1012 4773 a
1059 4712 1207 4785 Deo,
1259 4710 1522 4772 secundi
1571 4729 1608 4772 a
1656 4711 1906 4794 primiS,

411 4811 624 4875 ultimi
660 4831 698 4874 a
735 4811 1033 4874 secundis
1078 4829 1190 4872 seu
1231 4810 1459 4872 mediis
1502 4809 1911 4874 illuminatio-

411 4931 526 4975 nes
569 4911 907 4994 recipiunt.
954 4910 1097 4973 Haec
1139 4909 1376 4972 Petrus,

489 5012 682 5075 Porro
736 5012 816 5074 de
869 5009 1208 5073 effectibus
1261 5008 1430 5072 circa
1487 5026 1602 5073 nos
1651 5015 1912 5092 propter

413 5130 573 5195 quos
607 5111 946 5174 mittuntur
974 5109 1204 5190 angeli,
1229 5109 1566 5172 concordat
1596 5109 1910 5190 praetactis

412 5229 586 5273 nunc
615 5209 1070 5272 Bonavcnturae
1098 5207 1420 5288 responsis
1449 5208 1668 5270 Petrus
1702 5223 1716 5270 :
1743 5205 1912 5269 Affe-

416 5318 592 5372 ctum
621 5305 898 5390 (dicens)
926 5306 1274 5368 humanum
1302 5304 1381 5366 ab
1411 5304 1626 5388 aliquo
1655 5303 1910 5366 incendi

2020 4319 2364 4400 corporeiS‚
2398 4325 2468 4380 ut
2498 4336 2688 4399 supra
2720 4317 2786 4378 in
2817 4316 3029 4379 verbis
3062 4317 3383 4380 Guillelmi
3412 4337 3515 4380 ex·
3545 4343 3814 4400 cs,p‚50⁶A·;

2019 4435 2313 4499 pressum
2372 4423 2485 4478 est.
2541 4415 2783 4498 Nempe
2843 4414 2895 4477 si
2958 4415 3396 4497 phantasmata
3452 4425 3513 4479 et
3542 4407 3789 4454 Μίνω·

2018 4516 2241 4578 formae
2284 4512 2617 4576 sensibiles
2668 4532 2929 4595 capaces
2978 4521 3128 4576 sunt
3169 4514 3517 4579 irradiatio-

2019 4613 2143 4687 nis,
2169 4611 2544 4685 influentiae,
2579 4611 3057 4694 compositionis
3087 4620 3150 4674 et
3180 4613 3513 4678 divisionis

2019 4710 2229 4793 angeli
2271 4710 2495 4784 sancti,
2530 4729 2644 4772 cur
2682 4727 2810 4772 non
2848 4709 3061 4793 potius
3104 4710 3243 4792 ipsa
3277 4699 3380 4774 ⁴vis
3425 4713 3516 4775 in-

2019 4810 2339 4873 tellectiva
2367 4818 2431 4872 et
2460 4808 2911 4872 similitudines
2953 4809 3316 4891 spirituales
3354 4812 3514 4876 exsi-

2021 4916 2258 4972 stentes
2291 4908 2356 4970 in
2385 4927 2479 4982 ea,
2513 4927 2712 4991 quum
2743 4908 2908 4970 inter
2938 4908 3097 4970 illud
3133 4909 3415 4973 activum
3450 4919 3514 4974 et

2021 5007 2193 5070 istud
2237 5006 2561 5088 passivum
2604 5006 2688 5068 sit
2730 5006 2934 5087 major
2975 5008 3343 5090 proportio?

2101 5104 2392 5187 Amplius
2456 5103 2623 5167 circa
2684 5104 2819 5168 haec
2876 5103 3172 5168 Albertus
3234 5106 3513 5190 plurima
3552 5130 3805 5180 Summas.

2021 5204 2402 5277 sciscitatur,
2448 5203 2515 5264 in
2564 5220 2837 5285 quorum
2884 5203 3198 5267 solutione
3247 5225 3509 5271 concors
3538 5198 3584 5239 ²*
3614 5202 3729 5252 ΡΨ·
3759 5213 3805 5256 ⁴¹·

2021 5310 2117 5366 est
2172 5299 2361 5365 dictis
2418 5300 2771 5364 secundum
2818 5300 3143 5364 Thomam.
3185 5303 3510 5369 Verumta-
3538 5262 3606 5306 δι’
