4334 6242
939 490 1023 544 AN
1064 498 1217 545 DEUS
1259 498 1493 544 cuNc'rA
1534 490 1901 555 coNsEuvm,
1942 494 2016 541 m·
2057 495 2202 551 QUID
2243 498 2336 543 st'r
2377 496 2790 543 const-:mulo
2834 496 2968 543 ISTA

3421 473 3501 541 99

382 664 479 725 do
534 674 937 741 elementum,
988 668 1250 750 lapides,
1305 668 1495 749 ligna,
1548 687 1689 749 quae
1747 674 1895 729 sunt
1925 666 1975 727 A
2006 665 2347 728 subtracta.
2383 666 2485 729 Sic
2525 675 2736 729 autem
2781 687 2847 729 se
2893 666 3082 729 habet
3124 667 3332 730 omnis
3373 684 3503 727 cre-

380 765 761 845 susceptiva
803 776 866 827 et
907 767 1340 829 conservativa
1389 766 1533 827 talis
1584 765 1896 847 composi-

384 860 593 923 tionis
627 881 700 923 ac
740 864 1001 925 ordiniS.
1038 865 1197 927 Hinc
1232 885 1369 928 esse
1404 866 1632 927 domus
1664 864 1897 945 depen-

382 959 505 1020 det
547 978 623 1021 ex
668 961 915 1023 naturis
958 982 1171 1024 rerum
1224 964 1499 1032 illarum,
1544 963 1711 1024 sicut
1756 962 1897 1023 sieri

384 1076 589 1119 suum
637 1078 715 1121 ex
763 1060 1168 1123 aedificatore.
1222 1062 1325 1123 Sic
1376 1061 1443 1122 in
1502 1060 1899 1122 naturalibus

384 1164 493 1217 est
541 1158 1090 1222 considerandum.
1137 1160 1199 1221 Si
1244 1159 1480 1221 etenim
1521 1159 1647 1220 duo
1688 1158 1901 1239 aliqua

386 1255 691 1334 ejusdem
724 1256 855 1318 sint
884 1258 1359 1339 speciei‚unum
1393 1276 1516 1320 non
1552 1264 1757 1339 potest
1790 1274 1903 1338 per

388 1370 465 1413 se
516 1371 658 1416 esse
706 1372 897 1417 causa
954 1354 1174 1417 Formae
1227 1356 1489 1417 alterius
1547 1355 1902 1417 secundum

390 1452 574 1531 quod
614 1460 712 1513 est
761 1453 902 1514 talis
947 1452 1151 1515 forma
1188 1453 1454 1535 (alioqui
1504 1460 1670 1515 esset
1714 1471 1905 1514 causa

396 1550 681 1631 proprian
717 1549 959 1624 formae,
992 1570 1191 1633 quum
1233 1551 1521 1632 ejusdem
1562 1551 1691 1613 sint
1723 1550 1905 1612 ratio—

396 1647 569 1727 nis);
610 1649 721 1710 sed
770 1656 977 1730 potest
1017 1668 1155 1711 esse
1203 1667 1393 1711 causa
1443 1649 1634 1729 hujus
1684 1648 1904 1711 Formae

393 1747 757 1809 secundum
788 1749 956 1829 quod
988 1756 1084 1810 est
1116 1748 1180 1810 in
1215 1748 1577 1819 materia‚id
1608 1747 1903 1828 estquod

400 1844 542 1907 haec
594 1846 855 1908 materia
902 1847 1189 1928 acquirat
1238 1848 1400 1908 hanc
1452 1846 1723 1908 formam

400 1942 525 2005 hoc
576 1952 673 2004 est
720 1961 857 2005 esse
907 1964 1165 2006 causam
1216 1946 1567 2008 secundum
1618 1944 1785 2017 fieri,
1840 1951 1908 2005 ut

396 2060 599 2121 quum
632 2043 821 2106 homo
848 2054 1107 2125 generat
1128 2044 1643 2125 hominem,ignis
1675 2044 1900 2124 ignem.

400 2140 567 2202 Hinc
598 2142 1131 2225 quandocumque
1162 2142 1434 2205 effectus
1480 2142 1783 2204 naturalis
1814 2149 1909 2203 est

400 2248 593 2301 natus
644 2241 927 2321 recipere
979 2242 1465 2323 impressionem
1518 2241 1763 2322 agentis
1813 2260 1907 2303 se·

402 2338 691 2400 cundum
758 2340 1047 2401 eamdem
1118 2340 1427 2403 rationem
1495 2359 1621 2422 qua
1682 2348 1780 2403 est
1841 2340 1906 2401 in

400 2443 653 2515 agente,
698 2444 851 2500 tunc
898 2436 1041 2499 sieri
1087 2439 1361 2502 effectus
1408 2438 1487 2501 ab
1530 2446 1755 2519 agente
1804 2438 1908 2500 de·

406 2535 665 2615 pendet,
702 2554 831 2598 non
874 2555 1011 2599 esse
1057 2538 1277 2618 ipsius,
1313 2538 1519 2611 Quum
1564 2544 1779 2599 autem
1823 2535 1911 2597 ef-

406 2632 617 2695 fectus
683 2651 810 2696 non
877 2644 975 2696 est
1032 2642 1221 2716 aptus
1286 2636 1569 2717 recipere
1637 2635 1908 2697 formam

406 2734 763 2795 secundum
815 2735 1105 2796 eamdem
1166 2734 1475 2797 rationem
1525 2754 1652 2816 qua
1696 2742 1794 2797 est
1844 2734 1909 2795 in

404 2837 657 2911 agente,
692 2831 815 2893 tale
845 2850 1036 2913 agens
1069 2840 1275 2915 potest
1302 2851 1440 2894 esse
1471 2852 1661 2895 causa
1690 2832 1910 2895 formae

408 2930 765 2992 secundum
811 2931 1119 2993 rationem
1165 2929 1385 2995 l'ormae
1423 2931 1815 3012 hujusmodi,
1850 2938 1911 2993 et

2005 772 2185 826 atura
2228 766 2304 827 ad
2353 766 2574 839 Deum,
2623 767 2786 828 sicut
2833 785 2939 827 aer
2986 766 3064 828 ad
3113 766 3310 827 solem
3362 764 3503 826 illu-

2010 863 2379 925 minantem.
2434 864 2978 937 Quemadmodum
3035 863 3206 924 enim
3265 863 3359 924 sol
3407 870 3503 923 est

2012 962 2230 1023 lucens
2271 981 2383 1043 per
2423 981 2605 1024 suam
2645 970 2956 1035 naturam,
2990 981 3096 1023 aer
3125 979 3277 1023 vero
3306 960 3384 1022 fit
3415 959 3504 1021 lu-

2012 1060 2297 1122 minosus
2348 1060 2786 1142 participando
2835 1060 3051 1122 lumen
3101 1079 3138 1121 a
3181 1060 3334 1133 sole,
3379 1077 3506 1121 non

2010 1159 2162 1220 solis
2204 1166 2492 1221 naturam
2530 1175 2544 1221 :
2579 1159 2670 1221 sic
2706 1159 2878 1220 solus
2920 1159 3083 1220 Deus
3117 1166 3212 1220 est
3241 1176 3355 1219 ens
3397 1176 3510 1238 per

2011 1257 2351 1319 essentiam
2394 1278 2596 1331 suam,
2632 1258 2932 1340 quoniam
2968 1277 3082 1319 sua
3111 1258 3385 1319 essentia
3414 1264 3511 1318 est

2011 1374 2149 1417 esse
2181 1374 2407 1434 suum3
2450 1356 2658 1418 omnis
2701 1364 2912 1418 autem
2953 1363 3240 1417 creatura
3273 1362 3369 1416 est
3397 1373 3511 1417 ens

2014 1472 2127 1534 per
2155 1453 2716 1535 participationem.
2732 1452 2890 1515 Hinc
2917 1452 3306 1533 Augustinus
3335 1470 3518 1533 quar-

2013 1561 2077 1615 to
2130 1571 2324 1634 super
2371 1552 2666 1615 Genesim
2715 1553 2792 1615 ad
2849 1552 3122 1614 litteram
3172 1552 3329 1613 dicit
3380 1568 3394 1613 :
3447 1551 3509 1614 Si

2014 1652 2217 1713 virtus
2258 1652 2369 1713 Dei
2403 1672 2440 1713 a
2469 1652 2776 1713 creaturis
2816 1658 3112 1725 cessaret,
3147 1650 3340 1712 simul
3381 1649 3514 1712 illa-

2016 1769 2157 1811 rum
2199 1750 2444 1831 species
2488 1750 2824 1832 omnisque
2863 1757 3089 1811 natura
3128 1748 3508 1811 concideret.

1778 1863 1791 1907 :
1844 1853 1906 1907 et
1940 1848 1985 1909 B
2016 1849 2464 1910 Verumtamen
2499 1848 2894 1911 conservatio
2923 1866 3136 1909 rerum
3167 1867 3203 1909 a
3229 1847 3356 1909 Deo
3386 1865 3514 1909 non

2018 1955 2113 2008 est
2144 1966 2257 2028 per
2293 1966 2520 2009 novam
2560 1946 2840 2028 aliquam
2878 1946 3216 2017 actionem,
3251 1945 3360 2006 sed
3403 1964 3518 2026 per

2018 2046 2558 2108 continuationem
2626 2044 2895 2107 actionis
2954 2063 3079 2126 qua
3137 2043 3243 2105 dat
3297 2061 3436 2105 esse
3497 2062 3512 2106 :

2017 2164 2158 2226 quae
2198 2144 2364 2205 actio
2401 2152 2498 2205 est
2536 2144 2673 2205 sine
2725 2150 2898 2206 motu
2947 2160 3020 2204 ac
3061 2149 3368 2223 tempore,
3401 2142 3519 2203 sic-

2022 2250 2089 2304 ut
2134 2250 2195 2304 et·
2247 2242 2642 2304 conservatio
2681 2242 2944 2303 luminis
2985 2241 3048 2303 in
3085 2258 3230 2303 aere
3269 2249 3364 2301 est
3404 2258 3520 2321 per

2018 2341 2460 2404 continuatum
2494 2339 2811 2403 influxum
2842 2359 2878 2401 a
2909 2339 3059 2401 sole.
3085 2375 3166 2384 —
3186 2339 3330 2401 Haec
3363 2338 3520 2400 Tho-

2021 2457 2156 2500 mas
2200 2438 2265 2499 in
2311 2438 2590 2500 Summa.

2102 2537 2164 2599 Si
2205 2544 2416 2599 autem
2453 2544 2792 2618 quaeratur,
2826 2555 2906 2598 an
2948 2536 3114 2597 Deus
3154 2534 3518 2597 immediate

2021 2654 2278 2698 omnem
2327 2643 2681 2697 creaturam
2741 2642 3090 2697 conservet.
3147 2634 3222 2695 Et
3270 2633 3523 2695 videtur

2022 2734 2192 2816 quod
2223 2734 2336 2807 sic,
2372 2734 2522 2815 quia
2554 2741 2623 2795 ut
2652 2734 2894 2795 dictum
2926 2741 3020 2796 est
3053 2734 3118 2794 in
3149 2730 3360 2794 verbis
3389 2731 3522 2812 jam

2024 2832 2272 2913 positiS,
2305 2832 2526 2893 eade-m
2566 2832 2813 2893 actione
2853 2832 3020 2893 Deus
3057 2838 3154 2892 est
3197 2847 3524 2892 conserva-

2022 2938 2122 2992 tor
2168 2949 2296 3011 qua
2343 2937 2406 2991 et
2454 2937 2700 2992 creator
2747 2949 2761 2993 :
2809 2930 2918 2991 sed
2971 2929 3106 3010 ipse
3156 2928 3522 2990 immediate

412 3044 541 3088 non
574 3027 781 3089 solum
820 3029 1175 3090 secundum
1206 3029 1375 3110 quod
1404 3036 1501 3090 est
1534 3029 1599 3090 in
1632 3028 1751 3090 ista
1782 3048 1909 3089 ma·
1946 3031 1989 3094 C
2024 3028 2312 3091 omnium
2357 3036 2453 3089 est
2497 3036 2760 3101 creator,
2799 3046 2948 3107 ergo
2990 3035 3054 3089 et
3096 3034 3517 3089 conservator.

411 3125 573 3186 teria
615 3142 631 3186 τ
671 3133 737 3187 et
782 3126 925 3189 ideo
970 3145 1162 3208 agens
1212 3127 1335 3189 tale
1382 3146 1509 3189 non
1559 3127 1765 3189 solum
1817 3134 1913 3188 est

414 3242 603 3285 causa
642 3222 867 3297 fiendi,
900 3226 1010 3287 sed
1050 3234 1113 3288 et
1143 3227 1413 3288 essendi.
1447 3262 1527 3270 —
1558 3226 1735 3288 Sicut
1762 3243 1912 3306 ergo

412 3320 557 3382 fieri
591 3320 680 3383 rei
718 3339 846 3383 non
886 3330 1093 3404 potest
1126 3342 1379 3385 manere
1409 3331 1694 3385 cessante
1725 3322 1915 3384 actio-

419 3438 497 3481 ne
532 3419 779 3500 agentis
820 3421 990 3501 quod
1029 3428 1125 3483 est
1155 3440 1345 3483 causa
1382 3420 1654 3484 eftectus
1694 3440 1915 3485 secun-

422 3517 571 3579 dum
610 3516 779 3591 fieri,
812 3518 907 3580 sic
940 3537 1077 3581 esse
1108 3518 1378 3581 effectus
1420 3538 1746 3582 remanere
1786 3538 1911 3582 non

424 3616 585 3677 valet
614 3624 903 3679 cessante
944 3618 1419 3680 conservatione
1452 3617 1591 3697 ejus
1621 3618 1789 3700 quod
1820 3626 1917 3679 est

427 3732 611 3776 causa
646 3714 921 3777 effectus
959 3733 1087 3777 nou
1126 3716 1331 3779 solum
1378 3717 1729 3778 secundum
1770 3715 1915 3777 fieri

426 3813 531 3875 sed
558 3812 753 3875 etiam
792 3813 1145 3875 secundum
1185 3832 1343 3875 esse.
1379 3814 1455 3875 Et
1486 3814 1605 3875 ista
1633 3820 1730 3875 est
1760 3814 1917 3875 ratio

428 3930 537 3973 cur
562 3930 733 3993 aqua
761 3910 1064 3973 calefacta
1103 3911 1333 3974 retinet
1363 3912 1638 3974 calorem
1668 3912 1916 3974 actione

428 4009 585 4091 ignis
615 4017 927 4083 cessante,
946 4028 1053 4072 aer
1080 4029 1233 4073 vero
1263 4029 1380 4073 nec
1410 4011 1487 4072 ad
1522 4018 1916 4072 momentum

428 4116 636 4169 manet
664 4107 1065 4170 illuminatus
1104 4116 1389 4171 cessante
1427 4108 1677 4171 actione
1714 4108 1867 4171 solis
1902 4126 1915 4170 ε

2103 3128 2196 3189 Ad
2237 3127 2356 3191 hoc
2387 3127 2786 3207 praeallegato
2822 3127 2958 3189 loco
2997 3125 3336 3207 respondet
3366 3124 3522 3187 Tho-

2027 3244 2159 3288 mas
2212 3242 2226 3288 :
2276 3225 2344 3287 ln
2393 3223 2790 3287 naturalibus
2838 3224 3126 3306 quaedam
3180 3231 3328 3285 sunt
3375 3240 3521 3285 con-

2024 3324 2335 3386 servativa
2376 3323 2649 3385 aliorum
2695 3330 2962 3404 utroque
3004 3322 3190 3384 modo
3233 3320 3516 3402 praefatO,

2024 3421 2322 3484 videlicet
2375 3438 2389 3481 ι
2443 3420 2916 3501 corrumpent-ia
2974 3418 3400 3501 impediendO,
3453 3426 3522 3480 ut

2027 3526 2200 3601 patet
2229 3520 2308 3581 de
2340 3518 2690 3597 medicina3
2721 3526 2786 3580 et
2817 3518 2968 3581 item
3007 3536 3146 3579 esse
3179 3518 3517 3591 causand0,

2029 3626 2097 3679 ut
2137 3625 2308 3699 patet
2348 3618 2412 3679 in
2453 3618 2662 3679 causis
2703 3615 3131 3679 subordinatis
3166 3633 3180 3677 :
3212 3615 3306 3677 sic
3349 3616 3522 3677 enim

2028 3716 2263 3778 coelum
2309 3724 2483 3776 motu
2528 3732 2644 3776 suo
2682 3723 2779 3776 est
2817 3733 3006 3776 causa
3049 3712 3421 3795 productiva
3461 3720 3526 3775 et

2029 3813 2465 3875 conservativa
2507 3811 2902 3875 inferiorum.
2941 3811 3087 3873 Ideo
3129 3810 3524 3874 conservatio

2030 3930 2244 3973 rerum
2278 3910 2716 3993 principaliter
2745 3919 2808 3972 et
2839 3910 3140 3992 primarie
3171 3916 3268 3972 est
3297 3928 3334 3970 a
3363 3910 3521 3988 De03

2030 4009 2406 4072 secundario
2434 4026 2584 4070 vero
2617 4017 2680 4069 et
2708 4008 2890 4089 quasi
2932 4007 3520 4081 instrumentaliter,

2030 4128 2066 4170 a
2095 4108 2304 4169 causis
2344 4107 2662 4181 secundiS,
2696 4112 2760 4167 et
2792 4112 2966 4168 tanto
3007 4105 3394 4167 eminentius
3430 4113 3526 4167 est

426 4206 572 4286 quia
598 4206 901 4269 videlicet
933 4207 1196 4268 materia
1222 4225 1403 4288 aquae
1434 4207 1796 4288 susceptiva
1823 4214 1921 4267 est
1951 4211 1999 4272 D
2030 4206 2110 4269 ab
2154 4206 2269 4279 eiS,
2303 4212 2538 4287 quanto
2582 4203 3070 4286 propinquiores
3112 4211 3261 4265 sunt
3303 4204 3526 4285 primae

428 4305 651 4367 caloris
691 4306 858 4386 ignis
895 4306 1247 4366 secundum
1278 4305 1567 4367 eamdem
1610 4305 1917 4367 rationem

430 4423 550 4484 qua
588 4410 687 4465 est
731 4403 796 4465 in
849 4403 1011 4483 igne.
1056 4403 1229 4465 Unde
1272 4404 1324 4464 si
1372 4401 1649 4485 perfecte
1694 4403 1920 4485 perdu-

432 4509 603 4563 catur
650 4503 729 4564 ad
778 4500 1049 4563 formam
1101 4501 1287 4581 igniS,
1331 4502 1629 4564 retinebit
1670 4521 1924 4584 semper

433 4600 737 4679 calorem3
789 4600 843 4661 si
892 4607 1105 4661 autem
1165 4598 1537 4680 imperfecte
1588 4600 1924 4682 participet

432 4698 665 4779 aliquid
696 4699 777 4760 de
807 4704 1033 4760 natura
1071 4696 1259 4776 igniS,
1293 4697 1464 4759 calor
1502 4716 1629 4759 non
1672 4716 1925 4779 semper

438 4796 711 4859 manebit
740 4796 807 4857 in
838 4814 930 4857 ea.
959 4795 1149 4858 Porro
1176 4813 1285 4857 aer
1313 4794 1492 4857 nullo
1522 4797 1711 4859 modo
1739 4804 1925 4857 natus

436 4902 524 4957 est
568 4896 896 4979 suscipere
956 4894 1172 4956 lumen
1232 4895 1585 4956 secundum
1636 4896 1925 4958 eamdem

440 4994 737 5057 rationem
780 5012 909 5075 qua
946 5001 1042 5055 est
1082 4992 1147 5053 in
1191 4992 1345 5066 sole,
1380 5000 1450 5053 ut
1488 4993 1731 5055 scilicet
1770 4992 1926 5055 reci-

442 5092 566 5171 piat
618 5091 893 5155 formam
952 5091 1125 5165 soliS,
1185 5110 1327 5172 quae
1383 5098 1480 5152 est
1537 5090 1929 5172 principium

447 5189 713 5253 luminis,
757 5191 905 5252 Ideo
948 5190 1250 5271 quoniam
1300 5189 1519 5251 lumen
1568 5207 1692 5251 non
1740 5188 1932 5251 habet

448 5290 711 5352 radicem
754 5289 824 5351 in
863 5307 1031 5362 aere,
1066 5305 1212 5350 mox
1252 5295 1456 5349 cessat
1492 5288 1739 5349 actione
1778 5287 1931 5349 solis

2033 4324 2256 4367 causae.
2307 4340 2388 4349 -
2434 4304 2527 4365 Ad
2575 4302 2900 4384 objectum
2959 4320 3108 4383 ergo
3156 4302 3524 4377 dicendum,

2034 4403 2203 4485 quod
2248 4403 2413 4465 Deus
2459 4400 2822 4463 immediate
2865 4400 3081 4463 omnia
3121 4400 3379 4474 creavit,
3416 4401 3526 4463 sed

2037 4503 2100 4564 in
2142 4502 2281 4583 ipsa
2314 4500 2631 4562 creatione
2668 4499 2956 4562 ordinem
2997 4498 3186 4561 rebus
3228 4499 3525 4574 instituit,

2037 4607 2105 4663 ut
2134 4599 2425 4681 quasdam
2462 4596 2544 4659 ab
2581 4597 2724 4659 aliis
2765 4604 3177 4659 causarentur
3204 4598 3282 4659 de
3318 4605 3528 4659 cetero

2034 4717 2107 4760 ac
2138 4697 2590 4778 dependerent,
2625 4716 2739 4778 per
2769 4716 2924 4777 quas
2964 4695 3340 4757 secundario
3378 4714 3528 4758 con·

2036 4802 2462 4868 servarentur,
2497 4793 2958 4875 praesupposita
3001 4792 3338 4874 principali
3385 4810 3530 4855 con-

2038 4893 2393 4955 servatione
2430 4892 2630 4974 ipsius
2670 4892 2801 4954 Dei.
2837 4890 3120 4973 Denique
3154 4890 3331 4953 nulla
3359 4909 3529 4953 crea-

2039 4998 2183 5053 tura
2219 4997 2425 5073 potest
2458 5009 2596 5052 esse
2637 5008 2826 5051 causa
2863 4988 3124 5051 alterius
3163 4989 3370 5071 quoad
3409 4990 3529 5051 hoc

2040 5090 2210 5171 quod
2269 5107 2495 5151 novam
2555 5087 2822 5150 formam
2882 5094 2991 5148 aut
3043 5086 3528 5168 dispositionem

2038 5188 2346 5270 acquirat,
2380 5187 2505 5249 nisi
2544 5205 2658 5268 per
2702 5186 2962 5248 modum
3008 5185 3375 5247 mutationis
3419 5186 3531 5248 ali-

2044 5286 2230 5367 cujus
2275 5302 2288 5347 :
2332 5285 2482 5367 quia
2524 5302 2650 5347 non
2697 5283 2826 5364 agit
2869 5282 2992 5345 nisi
3043 5281 3332 5363 subjecto
3380 5303 3526 5367 sup-

3601 3246 3683 3285 ul..

3713 3244 3755 3285 2.
