4334 6242
606 1068 669 1114 De
688 1068 832 1115 Divin-

562 1146 681 1178 nom.
701 1145 741 1178 c.
758 1146 830 1177 vu.

565 4221 673 4267 Iane.
701 4232 745 4272 x,
768 4221 830 4265 ¹8.

565 4421 730 4466 Joann.
744 4433 830 4470 vm,

565 4488 633 4530 u.

566 4547 651 4592 1012
678 4560 735 4598 iv.
766 4549 829 4590 18.

857 453 978 530 304

1555 481 1619 530 IN
1661 483 1881 531 Limum
1924 483 1966 530 11
2008 481 2489 530 sssNmNTumm.
2536 502 2617 512 -
2657 483 2809 531 ms'r.
2851 481 2928 548 νζ
2974 485 3196 543 QUAEST.
3245 483 3266 532 1

861 671 1142 734 peccare.
1179 654 1409 729 Primo,
1442 655 1741 737 quoniam
1784 655 1994 717 omnis
2038 673 2214 717 error
2252 673 2358 718 vo·
2388 654 2436 716 Α
2472 655 2624 718 teles
2663 675 2960 738 expresse
3000 656 3252 737 negavit
3293 655 3599 719 malitiam
3642 673 3828 737 posse
3867 654 3969 716 in-

861 752 1120 815 luntatis
1153 754 1439 835 procedit
1468 773 1543 815 ex
1584 754 1797 835 aliquo
1837 771 2071 828 errore,
2104 753 2359 815 defectu

859 869 972 912 seu
1004 851 1387 932 negligentia
1420 852 1800 926 intellectuS,
1820 853 1931 934 qui
1962 860 2058 914 est
2083 853 2358 914 director

859 957 921 1011 et
959 949 1181 1011 oculus
1223 950 1585 1013 voluntatis
1619 951 1841 1031 Angeli
1881 959 2093 1013 autem
2133 968 2361 1012 secun-

858 1047 1012 1110 dum
1062 1049 1354 1112 divinum
1403 1050 1797 1133 Dionysium,
1846 1049 2081 1112 habent
2130 1049 2360 1112 deifor-

859 1165 1029 1210 mem
1077 1148 1493 1224 intellectum,
1529 1149 1593 1210 in
1639 1166 1767 1230 quo
1804 1166 1980 1211 error
2019 1166 2144 1211 non
2191 1148 2360 1211 eadit

858 1263 1067 1328 neque
1097 1245 1363 1310 fallacia.
1398 1283 1479 1293 -
1508 1247 1819 1322 Secundo,
1845 1248 1997 1329 quia
2025 1254 2096 1308 ut
2123 1246 2358 1308 Aristo-

857 1345 1035 1419 teles,
1069 1347 1412 1422 Avicenna,
1446 1355 1507 1410 et
1548 1346 1657 1409 alii
1707 1345 2105 1428 Peripatetici
2149 1353 2359 1408 conte-

856 1451 1123 1520 stantur,
1153 1465 1343 1528 supra
1375 1445 1593 1509 orbem
1627 1446 1793 1508 lunae
1824 1463 1949 1508 non
1982 1452 2187 1527 potest
2219 1461 2357 1506 esse

858 1544 1118 1605 malum.
1155 1543 1275 1606 Sed
1314 1545 1521 1607 adhuc
1562 1543 1774 1606 minus
1815 1550 2021 1625 potest
2057 1562 2196 1605 esse
2231 1561 2356 1604 ma-

857 1640 992 1703 lum
1024 1642 1089 1703 in
1120 1642 1345 1723 angelo
1377 1661 1567 1724 quam
1592 1643 1657 1704 in
1689 1660 1953 1724 corpore
1986 1641 2248 1704 coelesti.
2277 1675 2358 1685 —

856 1741 1085 1814 Tertio,
1116 1741 1423 1803 Averroes
1454 1743 1562 1815 ait,
1597 1741 1765 1823 quod
1807 1738 2226 1822 intelligentia
2260 1746 2355 1800 est

2467 773 2605 816 esse
2661 754 3034 817 substantiis
3093 756 3418 837 separatis.
3483 754 3712 817 Contra
3768 772 3972 835 quem

2467 852 2632 927 dico,
2689 853 2840 934 quia
2895 853 3202 915 malitiam
3259 853 3676 935 quarumdam
3736 851 3972 913 talium

2467 950 2966 1013 substantiarum
3020 951 3256 1013 indicat
3304 950 3678 1023 idololatria,
3720 968 3846 1032 qua
3899 967 3973 1012 se

2469 1049 2591 1112 coli
2623 1049 2847 1111 volunt
2876 1049 3052 1111 cultu
3085 1050 3200 1112 soli
3233 1067 3385 1113 vero
3415 1049 3544 1112 Deo
3580 1047 3814 1111 debito.
3847 1047 3976 1111 Ne-

2468 1167 2592 1231 que
2621 1148 2792 1210 enim
2836 1147 3091 1212 Creator
3127 1148 3323 1211 ullam
3364 1148 3494 1210 illis
3535 1147 3833 1228 irrogavit
3874 1147 3976 1208 in-

2462 1248 2723 1329 juriam,
2781 1247 2864 1310 ob
2914 1266 3106 1329 quam
3159 1248 3279 1309 hoc
3327 1246 3500 1328 juste
3556 1245 3762 1308 facere
3818 1263 3974 1328 pos-

2467 1347 2617 1420 sint,
2663 1345 2843 1428 quasi
2893 1346 3246 1409 exercendo
3296 1345 3665 1408 vindictam.
3713 1345 3846 1408 Imo
3901 1344 3974 1405 in

2468 1452 2714 1508 tantum
2764 1445 3072 1526 processit
3114 1462 3332 1506 earum
3378 1442 3726 1506 infidelitas
3772 1450 3974 1524 atque

2468 1543 2730 1617 malitia,
2767 1544 2935 1626 quod
2972 1543 3281 1606 Creatoris
3321 1544 3565 1606 cultum
3605 1551 3668 1604 et
3710 1542 3972 1605 honori-

2467 1642 2792 1705 ficentiam
2855 1661 3016 1724 pene
3075 1642 3659 1705 exterminaverunt
3712 1642 3790 1704 de
3840 1650 3974 1704 ter-

2467 1761 2553 1803 ra.
2595 1741 3076 1804 Crudelissimas
3115 1759 3368 1823 quoque
3414 1748 3644 1803 mortes
3683 1740 3810 1802 veri
3847 1740 3970 1802 Dei

855 1857 1047 1919 agens
1100 1838 1457 1914 infallibile,
1506 1848 1567 1902 et
1616 1858 1743 1901 non
1792 1857 2027 1901 erranS.
2076 1836 2354 1918 Angelus
2392 1837 2438 1899 B
2469 1840 2820 1903 cultoribus
2856 1847 3356 1921 procuraverunt
3391 1854 3504 1922 per
3533 1847 3832 1922 tyrannos
3869 1839 3971 1902 in-

855 1945 1069 1998 autem
1112 1945 1209 1999 est
1256 1938 1691 2019 intelligentia.
1726 1972 1807 1982 —
1835 1937 2088 2010 Quart0,
2135 1954 2357 1998 secun-

856 2036 1009 2098 dum
1049 2037 1524 2119 Philosophum,
1559 2036 1920 2099 intellectus
1963 2053 2218 2117 semper
2261 2041 2358 2096 est

856 2143 1102 2213 rectus3
1154 2134 1487 2217 phantasia
1535 2153 1685 2198 vero
1734 2142 1905 2197 recta
1954 2141 2070 2207 est,
2116 2141 2180 2196 et
2229 2151 2355 2195 non

855 2241 1045 2295 recta.
1079 2234 1149 2296 In
1180 2234 1423 2315 angelis
1452 2243 1664 2296 autem
1697 2251 1825 2296 non
1855 2241 1950 2294 est
1980 2231 2350 2314 phantasia:

855 2349 1004 2413 ergo
1042 2350 1266 2395 eorum
1306 2332 1665 2395 intellectus
1708 2350 1960 2414 semper
2001 2329 2125 2393 fuit
2158 2338 2221 2392 et
2259 2337 2356 2392 est

854 2437 1084 2492 rectus
1120 2467 1198 2476 —
1228 2431 1481 2506 Quium,
1513 2430 1690 2511 origo
1734 2437 1797 2492 et
1836 2449 2025 2492 causa
2064 2446 2352 2491 errorum

854 2527 1059 2611 ipsius
1118 2529 1500 2604 intellectus,
1554 2536 1703 2591 sunt
1750 2547 1826 2590 ea
1871 2547 2013 2610 quae
2064 2527 2233 2589 fiunt
2287 2527 2352 2588 in

855 2635 1031 2710 parte
1072 2626 1396 2700 sensitiva,
1432 2626 1749 2701 videlicet,
1784 2626 2132 2708 passioneS,
2166 2625 2354 2706 fragi-

857 2725 997 2787 litas
1042 2725 1272 2798 carniS,
1306 2725 1669 2787 sollicitudo
1706 2732 1769 2787 et
1808 2724 2141 2806 occupatio
2186 2723 2355 2786 circa

856 2831 1153 2886 externa:
1178 2842 1319 2904 quae
1353 2823 1415 2884 in
1447 2823 1688 2903 angelis
1720 2841 1847 2886 non
1879 2822 2157 2886 fuerunt.
2193 2822 2353 2884 Hinc

854 2921 1205 2984 secundum
1251 2921 1703 3003 Philosophum
1748 2921 2021 3004 septimo
2066 2920 2355 3004 Physico-

2466 1938 2626 2020 fligi.
2677 1939 2867 2001 Aliud
2917 1939 3069 2001 item
3128 1938 3440 2000 indicium
3498 1937 3971 2002 malevolentia

2467 2038 2856 2110 earumdem,
2904 2045 3054 2099 sunt
3095 2037 3404 2100 malefica>
3450 2045 3617 2100 artes
3663 2046 3726 2100 et
3767 2055 3972 2119 opera

2467 2155 2708 2210 earum,
2742 2134 2978 2218 quibus
3017 2143 3400 2198 nocumenta
3437 2135 3796 2208 innumera,
3831 2143 3970 2197 tam

2466 2234 2817 2316 corporalia
2847 2253 3038 2315 quam
3073 2233 3452 2317 spiritualia,
3485 2242 3634 2296 sunt
3662 2233 3970 2296 innocen-

2465 2332 2637 2394 tibus
2695 2332 2984 2413 irrogata.
3049 2333 3310 2407 Rursus,
3363 2331 3673 2394 indicium
3735 2333 3966 2394 harum

2467 2430 2877 2505 malitiarum,
2910 2439 3008 2492 est
3044 2449 3260 2492 earum
3305 2431 3536 2511 ejectio
3577 2430 3658 2492 ab
3700 2430 3969 2512 arrepti-

2465 2529 2582 2592 ciis
2630 2538 2692 2591 et
2735 2529 3034 2603 obsessiS,
3075 2537 3138 2592 et
3182 2529 3352 2611 quod
3393 2549 3432 2590 a
3473 2529 3708 2592 sanctis
3757 2529 3966 2592 homi-

2466 2628 2656 2691 nibus
2705 2628 2962 2710 fugiunt
3007 2647 3080 2690 ac
3128 2628 3495 2703 vincuntur,
3547 2637 3738 2710 atque
3788 2629 3966 2711 quod

2466 2735 2916 2809 persuaserunt
2955 2725 3325 2789 hominibus
3367 2745 3506 2788 esse
3549 2745 3616 2788 se
3655 2727 3806 2789 deos
3849 2727 3968 2789 im-

2465 2826 2783 2901 mortaleS,
2817 2826 3174 2908 provisores
3207 2845 3280 2888 ac
3315 2825 3656 2888 salvatores
3697 2845 3963 2889 suorum

2465 2925 2802 2988 cultorum.

856 3039 1020 3095 rum,
1053 3020 1263 3083 omnis
1301 3020 1567 3083 variatio
1596 3021 1851 3083 virtutis
1885 3039 1959 3083 ac
1989 3019 2130 3082 vitii
2169 3021 2353 3082 redu·
2393 3021 2436 3086 C
2545 3024 2733 3086 Porro
2763 3021 3130 3085 Aristoteles
3169 3030 3231 3084 et
3264 3040 3564 3105 sequaces
3604 3022 3826 3105 ipsiuS,
3862 3043 3967 3086 ve-

854 3119 1021 3181 citur
1067 3119 1132 3180 in
1180 3119 1617 3182 alterationem
1666 3139 1809 3200 quae
1856 3126 1954 3180 est
1999 3119 2353 3181 secundum

854 3218 1178 3301 passiones
1223 3219 1420 3301 partis
1464 3218 1802 3281 sensitivae.
1842 3218 1987 3281 Haec
2029 3225 2242 3280 autem
2288 3217 2354 3280 in

852 3316 1093 3397 angelis
1136 3316 1345 3379 locum
1394 3335 1521 3380 non
1560 3316 1767 3380 habet.
1805 3351 1881 3362 —
1913 3316 2121 3389 Sexte,
2156 3315 2210 3377 si
2250 3335 2356 3378 an-

852 3414 977 3496 geli
1023 3423 1468 3496 peccaverunt,
1502 3415 1602 3478 vel
1646 3433 1797 3496 ergo
1844 3433 1921 3476 ex
1971 3414 2216 3488 habitu,
2247 3421 2356 3476 aut

852 3532 929 3576 ex
968 3511 1368 3586 infirmitate,
1400 3521 1511 3574 aut
1552 3517 1628 3575 ex
1671 3515 2028 3594 ignorantia
2061 3530 2074 3574 :
2111 3531 2238 3575 non
2279 3531 2354 3575 ex

853 3611 1099 3687 habitu,
1133 3613 1438 3695 quoniam
1467 3618 1613 3674 ante
1644 3611 1924 3694 primum
1958 3630 2179 3675 eorum
2214 3630 2356 3694 pec-

857 3719 1070 3773 catum
1120 3728 1248 3773 non
1298 3709 1419 3772 fuit
1465 3709 1529 3771 in
1579 3709 1672 3772 eis
1721 3710 1963 3792 aliquid
2007 3710 2354 3790 vitiosum3

854 3827 973 3872 nec
1002 3828 1079 3872 ex
1121 3808 1517 3882 infirmitate,
1551 3807 1701 3890 quia
1742 3827 1868 3872 non
1908 3827 1985 3871 ex
2021 3809 2357 3872 vehemen-

853 3908 943 3970 tia
992 3907 1342 3990 passionis;
1392 3925 1601 3989 neque
1651 3924 1729 3968 ex
1779 3907 2153 3988 ignorantia,
2207 3924 2360 3989 quo-

858 4005 1030 4068 niam
1073 4005 1247 4087 pleni
1290 4012 1469 4068 erant
1512 4004 1797 4067 scientia.

937 4103 1006 4165 ln
1055 4103 1442 4166 contrarium
1485 4110 1583 4164 est
1622 4102 1961 4165 auctoritas
2008 4101 2360 4185 Scriptura-

860 4209 1027 4275 rum,
1077 4201 1243 4263 sicut
1289 4201 1459 4283 quod
1508 4200 1597 4263 ait
1651 4201 1934 4263 Salvator
1984 4216 1998 4262 :

860 4289 1151 4364 Satanam
1194 4299 1359 4362 sicut
1400 4298 1617 4381 fulgur
1659 4300 1735 4362 de
1780 4298 1941 4362 coelo
1982 4299 2356 4376 cadentem3

858 4407 923 4461 et
951 4417 1171 4461 rursus
1206 4415 1220 4460 τ
1253 4397 1321 4460 In
1351 4398 1614 4460 veritate
1647 4416 1773 4460 non
1806 4398 2001 4472 stetit,
2025 4405 2143 4460 etc.
2172 4398 2358 4460 lllud-

860 4517 985 4580 que
1028 4497 1143 4560 Joh
1178 4513 1191 4559 :
1226 4495 1387 4560 Ecce
1437 4497 1547 4580 qui
1594 4497 1881 4559 serviunt
1928 4498 1984 4559 ei
2032 4505 2159 4560 no'n
2210 4505 2359 4559 sunt

860 4596 1141 4671 stabileS,
1174 4605 1238 4658 et
1268 4597 1331 4657 in
1364 4595 1604 4677 angelis
1645 4595 1777 4658 suis
1810 4596 2045 4678 reperit
2085 4596 2357 4678 pravita-

858 4703 1008 4758 tem.
1041 4728 1123 4740 ——
1151 4696 1329 4768 Item,
1364 4711 1552 4756 omne
1600 4702 1880 4756 creatum
1931 4713 2007 4756 ex
2051 4713 2119 4757 se
2167 4694 2356 4756 labile

858 4802 976 4868 est,
1009 4813 1208 4877 quum
1250 4811 1328 4855 ex
1368 4792 1571 4854 nihilo
1612 4792 1690 4854 sit
1734 4793 2137 4874 productum,
2172 4801 2235 4855 et
2269 4793 2359 4855 di-

857 4902 1030 4956 stans
1059 4912 1096 4955 a
1126 4911 1241 4956 suo
1280 4892 1436 4966 fine,
1470 4891 1889 4973 indigensque
1927 4891 2359 4955 indesinenter

858 4991 1335 5054 conservatione
1378 5009 1451 5052 ac
1501 4990 1979 5052 manutenentia
2021 4991 2351 5054 CreatoriS.

940 5191 1030 5253 Ad
1075 5189 1196 5252 hoc
1240 5188 1617 5252 Guillelmus
1665 5185 2033 5251 parisiensis
2080 5189 2360 5252 secunda

861 5295 1037 5376 parte
1070 5287 1217 5350 libri
1248 5287 1325 5349 de
1356 5285 1661 5351 Universo
1701 5287 2039 5368 respondet
2074 5304 2087 5348 :
2121 5287 2357 5350 Aristo-

2467 3121 2746 3184 xationes
2785 3121 3203 3184 daemoniacas
3247 3121 3641 3203 interpretati
3685 3130 3837 3184 sunt
3869 3141 3968 3185 es-

2465 3239 2534 3282 se
2575 3219 2850 3283 morbos,
2885 3219 3060 3281 Unde
3101 3226 3164 3281 et
3198 3218 3506 3281 incubum
3548 3227 3962 3294 nocturnum,

2465 3337 2656 3400 quem
2711 3316 3055 3400 ephialtem
3111 3317 3312 3399 aliqui
3363 3326 3611 3390 vocant,
3663 3319 3966 3401 opinatus

2465 3425 2561 3479 est
2608 3416 2976 3479 Aristoteles
3025 3415 3238 3498 potius
3286 3435 3426 3478 esse
3468 3416 3806 3480 humorem
3855 3435 3967 3480 cor

2466 3515 3014 3597 comprimentem,
3033 3532 3226 3596 quam
3256 3515 3625 3577 daemonem.
3652 3515 3967 3578 Similiter

2467 3612 2764 3675 morbum
2825 3631 3018 3694 quem
3085 3611 3315 3674 medici
3375 3620 3604 3674 vocant
3661 3613 3965 3695 lupinum

2466 3711 2876 3784 daemonium,
2911 3728 3034 3772 non
3082 3709 3467 3772 daemonium
3511 3711 3619 3772 sed
3661 3709 3962 3774 morbum

2468 3810 2732 3891 putavit.
2758 3808 3096 3871 Lunaticos
3128 3826 3382 3890 quoque
3411 3816 3474 3870 et
3501 3809 3960 3884 occasionatos‚

2467 3926 2595 3971 non
2644 3928 2681 3969 a
2727 3906 3145 3981 daemonibus,
3187 3907 3297 3968 sed
3339 3907 3528 3969 certis
3571 3906 3964 3988 aegritudini-

2468 4006 2609 4081 buS,
2644 4006 2775 4089 pati
2811 4005 3177 4069 vexationes
3217 4005 3625 4068 existimavit.
3658 4006 3819 4068 Hinc
3855 4007 3964 4070 ad·

2468 4105 2872 4169 mirationem
2933 4104 3122 4167 habet
3173 4121 3300 4168 non
3352 4124 3640 4187 parvam,
3691 4105 3968 4188 qualiter

2049 4200 2358 4263 Videbam
2387 4206 2436 4269 D
2468 4212 2711 4268 tantum
2749 4203 3200 4286 philosophum
3228 4203 3436 4286 quivit
3467 4203 3658 4266 latere
3693 4213 3824 4267 tam
3859 4225 3968 4288 pa-

2467 4313 2607 4367 tens
2655 4321 2728 4365 ac
2775 4302 3042 4366 saeviens
3093 4320 3206 4384 per
3255 4309 3457 4365 totum
3508 4301 3729 4366 orbem
3786 4304 3968 4367 mali-

2466 4402 2672 4484 gnitas
2716 4402 3078 4464 daemonum
3127 4417 3140 4462 :
3186 4401 3536 4482 praesertim
3581 4421 3783 4483 quum
3827 4402 3966 4485 ipse

2468 4501 2806 4584 quemdam
2838 4500 3190 4563 daemonem
3227 4498 3604 4563 familiarem
3637 4501 3962 4578 habuisse,

2467 4609 2526 4662 et
2559 4599 2830 4662 nefando
2862 4597 3180 4661 sacrificio
3213 4598 3565 4662 obtinuisse
3605 4619 3673 4663 se
3708 4600 3958 4664 dixerit.

2466 4699 2745 4773 Qualiter
2780 4699 2951 4761 enim
2999 4698 3246 4781 opinari
3289 4699 3498 4781 potuit
3540 4699 3780 4762 bonum
3823 4719 3964 4764 esse

2467 4797 2985 4879 spiritum,quem
3017 4795 3338 4858 sacrificio
3361 4803 3491 4860 tam
3525 4797 3724 4880 impio
3753 4798 3966 4881 acqui-

2466 4895 2654 4957 sivit?
2682 4894 2794 4957 Vel
2829 4895 3102 4976 qualiter
3137 4895 3346 4977 potuit
3383 4914 3521 4958 esse
3555 4895 3820 4978 spiritus
3857 4896 3965 4960 bo·

2466 5013 2608 5066 nus,
2641 4993 2752 5074 qui
2791 4992 2914 5054 sibi
2955 4992 3345 5055 sacrificium
3386 4993 3602 5056 offerri
3645 4995 3959 5076 permisit,

2467 5089 2592 5153 nisi
2622 5090 2888 5153 forsitan
2920 5089 3077 5153 illud
3110 5090 3760 5173 Creatori-obtulerit?
3792 5093 3962 5175 quod

2469 5188 2606 5271 ipsa
2635 5189 2922 5269 ejusdem
2948 5188 3141 5251 verba
3167 5189 3468 5271 locusque
3499 5189 3801 5253 sacrificii
3834 5191 3966 5253 nul-

2465 5287 2714 5350 latenus
2742 5288 3084 5370 patiuntur.
3107 5287 3232 5352 Cur
3260 5289 3451 5352 etiam
3484 5289 3751 5353 credidit
3782 5289 3964 5377 spiri-
