4334 6242
794 507 916 577 522

1492 533 1557 581 m
1598 534 1821 580 LIBRUM
1860 535 1905 580 11
1947 533 2429 580 SENTENTIARUH.
2474 551 2557 562 —
2595 533 2747 580 ms‘r.
2789 534 2871 597 13
2915 534 3138 591 QUAEST.
3182 533 3203 581 1

795 703 1080 766 tulerunt
1120 706 1198 768 de
1239 704 1452 768 anima
1494 705 1715 780 nobili,
1748 705 1812 767 id
1856 714 1952 768 est
1995 704 2236 768 coelesti
2273 722 2287 766 :
2320 704 2371 767 A
2402 711 2467 766 et
2496 712 2704 786 potest
2742 705 3106 769 immediate
3138 707 3204 769 in
3242 708 3377 770 solo
3409 707 3537 771 Deo
3567 707 3897 772 beatifica-

796 801 948 883 quia
975 803 1256 866 coelestia
1285 823 1548 886 corpora
1576 824 1716 867 esse
1744 804 2021 866 animata
2048 822 2292 865 asseru-

795 907 1002 974 erunt,
1035 910 1106 964 ut
1133 903 1460 964 evidenter
1500 909 1670 984 patet
1712 903 1776 964 in
1816 901 1980 964 libro
2021 902 2098 962 de
2138 900 2293 963 Cau-

794 997 903 1071 313,
945 1007 1006 1060 et
1046 999 1110 1060 in
1151 1000 1649 1063 Elementatione
1693 999 2045 1080 theologica
2087 999 2288 1061 Procli

794 1096 1114 1159 Platonici.
1147 1098 1470 1161 Avicenna
1499 1117 1649 1160 vero
1680 1107 1743 1161 et
1771 1098 2044 1180 Algazel,
2078 1098 2290 1159 dicen-

792 1200 886 1256 tes
928 1196 1170 1259 animas
1213 1196 1524 1259 humanas
1561 1196 1642 1258 ab
1681 1195 2102 1275 intelligentia
2142 1196 2287 1256 ulti-

795 1313 896 1354 ma
925 1312 1063 1355 esse
1094 1301 1354 1368 creatas,
1383 1295 1574 1356 etiam
1607 1293 1756 1356 fassi
1789 1301 1937 1356 sunt
1966 1313 2070 1356 eas
2103 1311 2287 1375 posse

792 1393 1030 1455 directe
1079 1393 1426 1456 illuminari
1469 1401 1534 1455 et
1573 1394 1832 1456 accendi
1876 1393 1956 1454 ab
2009 1393 2115 1454 illa
2156 1401 2289 1455 tan-

791 1509 980 1572 quam
1013 1509 1050 1552 a
1079 1499 1360 1555 creatore
1388 1492 1596 1573 :quod
1626 1509 1886 1572 prorsus
1915 1490 2285 1553 haereticum

791 1596 904 1650 est.
937 1589 1150 1653 Nihilo
1190 1590 1403 1652 minus
1434 1590 1510 1651 ad
1541 1590 1720 1671 pium
1755 1588 2148 1651 intellectum
2184 1606 2287 1669 po—

792 1694 914 1749 test
956 1687 1240 1761 concedi,
1287 1688 1456 1769 quod
1499 1697 1562 1750 et
1603 1689 1814 1749 anima
1853 1687 2177 1749 rationalis
2219 1687 2285 1749 in

789 1786 908 1847 1166
947 1786 1078 1847 vita
1115 1786 1430 1868 triplicem
1472 1785 1699 1848 habeat
1737 1786 2074 1859 actionem,
2105 1793 2284 1867 utpo-

791 1981 1125 2060 informat3
1168 1983 1684 2056 intellectualem,
1730 1982 1794 2043 in
1838 1989 2148 2063 quantum
2194 1981 2285 2043 lu-

791 2100 936 2144 men
970 2101 1156 2143 suum
1187 2081 1473 2144 naturale
1503 2081 1582 2143 ab
1613 2081 1838 2162 angelo
1867 2080 2280 2154 confortatur,

787 2199 860 2242 ac
911 2181 1114 2242 modis
1163 2179 1529 2262 praehabitis
1579 2179 1968 2257 illustratur-3
2014 2186 2076 2240 et
2125 2179 2284 2240 divi-

789 2297 960 2352 nam,
995 2278 1060 2339 in
1100 2286 1407 2359 quantum
1440 2297 1477 2340 a
1508 2278 1796 2340 Creatore
1839 2295 1951 2358 per
1981 2295 2282 2357 superna-

787 2377 1016 2439 turalia
1045 2377 1207 2440 dona
1235 2377 1624 2450 accenditur,
1657 2377 1962 2448 elevatur,
1995 2383 2186 2456 atque
2216 2375 2282 2436 in

787 2475 985 2538 Deum
1027 2475 1494 2558 quodammodo
1537 2475 2037 2537 transformatur.

866 2575 1097 2648 Quarto
1145 2574 1502 2655 investigat,
1539 2593 1619 2635 an
1669 2573 1884 2635 anima
1931 2572 2011 2634 ab
2058 2572 2284 2653 angelo

787 2672 1204 2735 illuminetur.
1258 2672 1614 2754 Respondet
1667 2689 1680 2734 :
1732 2671 2026 2734 Animam
2075 2671 2281 2752 quoad

787 2771 1180 2852 superiorem
1212 2771 1472 2833 rationis
1504 2770 1858 2852 portionem
1895 2769 2278 2843 illuminare,

787 2868 984 2931 solius
1033 2876 1126 2930 est
1178 2868 1308 2942 Dei,
1362 2875 1430 2929 ut.
1480 2868 1846 2949 frequenter
1889 2867 2281 2948 Augustinus

785 2967 1096 3045 ostendit3
1130 2967 1423 3048 quamvis
1463 2966 1722 3048 quidam
1755 2983 1883 3028 non
1925 2965 2280 3045 intelligen-

2401 803 2478 876 ri,
2512 810 2575 865 et
2606 803 2669 866 in
2713 805 3007 885 praesenti
3048 824 3164 887 per
3192 806 3430 869 donum
3471 807 3799 888 sapientias
3828 808 3903 870 il-

2403 901 2679 976 lustrari,
2713 903 3011 965 similiter
3060 923 3174 986 per
3222 905 3461 966 donum
3512 905 3899 980 intellectuS,

2402 999 2651 1061 consilii
2682 1007 2874 1083 atque
2905 1001 3198 1065 scientiae.
3216 1003 3424 1065 Nihilo
3452 1003 3662 1065 minus
3695 1012 3905 1085 potest

2399 1098 2479 1159 ab
2510 1099 2734 1178 angelo
2775 1099 3053 1181 praefatis
3095 1101 3301 1163 modis
3331 1102 3724 1165 hierarchice
3753 1122 3905 1184 pur-

2398 1197 2555 1276 gari,
2604 1197 2952 1259 illuminari
2997 1217 3071 1260 66
3114 1199 3362 1280 perfici.

2480 1295 2785 1358 Praeterea
2822 1295 3091 1358 Thomas
3136 1298 3213 1359 ad
3253 1297 3669 1378 quaestionem
3709 1298 3899 1372 116116,

2398 1411 2478 1453 611
2508 1393 2715 1472 angeli
2746 1411 2967 1456 omnes
2998 1393 3325 1468 adsistant,
3361 1396 3699 1476 respondet
3732 1413 3747 1457 z
3780 1395 3905 1457 Ad-

2399 1490 2622 1552 sistere
2654 1491 2719 1553 111
2750 1492 2991 1573 angelis
3022 1491 3258 1555 dicitur
3284 1494 3363 1555 ad
3403 1493 3897 1556 similitudinem

2398 1590 2627 1652 horum
2674 1591 2783 1673 qui
2830 1591 3085 1673 regibus
3135 1600 3317 1655 terrai
3366 1593 3713 1672 adsistunt3
3758 1593 3900 1676 qui-

2396 1688 2519 1750 bus
2574 1689 2879 1752 adsistere
2937 1690 3356 1773 perhibentur
3400 1692 3511 1774 qui
3568 1693 3737 1754 circa
3784 1710 3897 1754 eos

2397 1796 2564 1849 sunt.
2599 1788 2935 1870 Quumque
2979 1789 3044 1851 B.
3081 1790 3417 1872 Dionysius
3463 1791 3632 1853 dicat.
3670 1791 3897 1872 primae

2395 1984 2594 2046 Deum
2641 1985 2768 2047 sint
2809 1985 2950 2065 ejus
2988 1986 3262 2066 agmina,
3295 1995 3598 2069 tanquam
3644 1988 3709 2050 in
3750 1989 3896 2068 ejus

2392 2081 2729 2144 vestibulis
2774 2083 3099 2158 collocata,
3130 2084 3188 2146 ei
3231 2085 3557 2147 dumtaxat
3597 2087 3899 2149 convenit

2393 2179 2521 2242 Deo
2568 2180 2895 2255 adsistere,
2930 2181 2995 2243 in
3045 2189 3352 2263 quantum
3400 2183 3765 2246 immediate
3812 2183 3895 2246 ab

2394 2277 2534 2359 ipso
2575 2297 2770 2359 capax
2811 2287 2907 2342 est
2947 2279 3491 2343 illuminationum
3532 2282 3596 2343 in
3634 2282 3772 2363 ipsa
3803 2283 3897 2344 lu-

2396 2375 2589 2438 minis
2620 2377 2822 2438 divini
2864 2377 3294 2459 simplicitate,
3328 2386 3398 2440 ut
3428 2398 3621 2461 supra
3648 2380 3897 2462 exposi—

2394 2481 2531 2535 tum
2563 2482 2675 2536 est.
2698 2475 3033 2536 Inferiores
3064 2493 3215 2538 vero
3247 2477 3747 2540 illuminationes
3778 2497 3895 2541 seu

2395 2572 2787 2652 cognitiones
2829 2573 3155 2654 accipiunt
3192 2593 3269 2636 ex
3309 2575 3447 2656 ipso
3487 2575 3731 2637 lumine
3756 2575 3895 2656 jam

2393 2670 2621 2744 diviso,
2654 2679 2719 2732 et
2765 2670 2841 2732 ad
2895 2671 3303 2751 particularia
3348 2672 3670 2754 applicato
3702 2692 3717 2734 :
3750 2674 3897 2736 ideo

2393 2786 2520 2830 non
2552 2767 2854 2829 dicuntur
2884 2769 3051 2830 61166
3092 2770 3292 2830 Deum
3325 2788 3463 2832 esse
3498 2790 3613 2832 3611
3642 2771 3702 2834 61
3732 2772 3899 2834 adsi-

2393 2875 2576 2929 stere.
2596 2867 3045 2928 Verumtamen
3078 2885 3300 2930 omnes
3332 2867 3697 2932 immediate
3729 2871 3896 2932 uniti

2393 2973 2544 3026 sunt
2582 2965 2709 3028 Deo
2748 2972 2816 3026 ut
2858 2964 3250 3028 beatificanti
3291 2966 3563 3047 objecto,
3598 2975 3660 3030 et
3694 2988 3897 3051 quan-

787 3075 881 3129 tes
931 3065 1121 3128 totius
1165 3065 1446 3127 veritatis
1497 3063 1912 3146 principium,
1955 3063 2125 3124 aliud
2172 3080 2280 3143 po·
2320 3063 2363 3126 C
2396 3071 2528 3125 tum
2561 3064 2637 3125 ad
2682 3063 2881 3127 multa
2917 3083 3058 3146 quas
3099 3064 3463 3128 immediate
3503 3077 3899 3147 cognoscunt

785 3171 1072 3237 suerunt,
1105 3162 1348 3226 scilicet
1389 3163 1781 3224 intellectum
1823 3169 2109 3224 nostrum
2151 3178 2279 3223 11011

785 3263 1118 3346 pervenire
1161 3263 1239 3324 ad
1283 3261 1498 3323 lumen
1547 3261 1849 3342 primum,
1883 3261 1992 3322 sed
2044 3259 2281 3320 illumi-

785 3361 920 3424 nari
952 3380 1024 3423 ae
1066 3360 1288 3442 perfici
1329 3358 1409 3421 ab
1448 3361 1671 3422 eodem
1715 3379 1826 3440 per
1866 3359 2148 3420 medium
2187 3357 2281 3418 in-

785 3459 1148 3540 telligentiae
1179 3459 1394 3519 lumen
1419 3457 1619 3539 :quod
1652 3464 1855 3519 exstat
1884 3455 2276 3519 haereticum.

782 3558 941 3619 Hinc
972 3564 1335 3619 tractatores
1366 3555 1660 3620 catholici
1691 3555 1970 3618 animam
2003 3561 2281 3616 nostram

784 3663 1093 3737 quantum
1143 3655 1221 3716 ad
1273 3662 1512 3735 partem
1575 3652 1836 3715 rationis
1886 3651 2278 3723 inferiorem,

785 3761 1133 3836 posuerunt
1162 3752 1242 3813 ab
1271 3752 1512 3832 angelis
1553 3771 1666 3833 per
1695 3769 1916 3813 eorum
1957 3749 2284 3812 revelatio-

785 3871 896 3914 nes
939 3850 1310 3913 illuminari.
1346 3850 1519 3924 Quod
1566 3849 1903 3930 tripliciter
1943 3856 2148 3929 potest
2189 3847 2283 3909 111-

783 3949 985 4030 telligi
1040 3966 1053 4010 ε
1108 3948 1338 4030 primo,
1391 3966 1504 4030 per
1565 3947 1824 4010 modum
1885 3945 2146 4008 luminis
2203 3945 2284 4006 ir-

785 4049 1132 4126 radiantis3
1182 4047 1482 4119 secund0,
1545 4065 1660 4128 per
1717 4045 1976 4107 modum
2035 4044 2279 4125 speculi

783 4146 1152 4226 offerentis3
1189 4145 1394 4218 tertio,
1419 4164 1533 4227 per
1565 4144 1822 4206 modum
1857 4142 2087 4224 linguze
2119 4143 2286 4203 viva-

2395 3161 2460 3222 in
2501 3178 2575 3223 eo
2612 3178 2623 3222 :
2659 3179 2784 3222 non
2823 3169 3034 3224 tamen
3074 3162 3288 3225 omnia
3328 3171 3596 3224 cernunt
3631 3164 3698 3224 in
3730 3165 3891 3246 ipso.

2392 3295 2473 3305 —
2518 3260 2778 3332 RursuS,
2830 3259 3168 3341 tripliciter
3217 3260 3453 3322 dicitur
3498 3261 3641 3343 quis
3689 3263 3895 3324 Deum

2394 3357 2620 3420 intime
2665 3357 3100 3439 contemplari.
3137 3358 3365 3432 Primo,
3406 3379 3520 3441 per
3558 3361 3676 3422 hoc
3722 3363 3897 3443 quod

2394 3455 2535 3535 ejus
2595 3456 3019 3518 consideratio
3076 3457 3153 3518 ad
3200 3457 3513 3519 exteriora
3560 3459 3900 3522 sensibilia

2394 3571 2521 3616 non
2554 3553 2929 3615 distrahitur
2962 3571 2977 3615 t
3010 3561 3073 3616 et
3114 3555 3206 3616 sic
3236 3572 3459 3618 omnes
3494 3556 3699 3636 angeli
3739 3557 3897 3619 boni

2391 3670 2465 3713 66
2498 3653 2648 3714 111611
2679 3653 2881 3714 Deum
2913 3652 3139 3715 intime
3174 3653 3709 3735 contemplantur,
3742 3655 3901 3736 quia

2392 3769 2429 3812 a
2472 3749 2885 3812 sensibilibus
2934 3759 3043 3812 aut
3085 3769 3275 3813 sensu
3318 3769 3445 3813 non
3488 3761 3749 3814 sumunt
3798 3772 3899 3815 re-

2394 3867 2536 3909 rum
2604 3847 2917 3910 notitiam.
2983 3849 3294 3922 Secundo,
3358 3867 3473 3930 per
3534 3849 3655 3912 hoe
3722 3852 3899 3931 quod

2392 3963 2518 4008 11011
2556 3945 2841 4026 indigent
2880 3945 3176 4009 exteriori
3220 3947 3640 4009 similitudine
3672 3948 3736 4010 111
3768 3968 3901 4030 qua

2392 4045 2593 4106 Deum
2643 4044 3175 4126 contemplentur,
3224 4064 3365 4126 quae
3414 4045 3765 4109 similitudo
3811 4048 3901 4109 sit

2392 4150 2567 4204 extra
2615 4143 2724 4204 Dei
2772 4143 3152 4220 essentiam3
3206 4143 3315 4205 sed
3365 4163 3511 4205 eum
3558 4144 3777 4206 vident
3826 4145 3899 4206 in

784 4247 941 4307 citer
983 4243 1400 4326 exprimentis
1436 4261 1449 4304 :
1487 4243 1596 4324 qui
1643 4242 1868 4304 modus
1914 4240 2280 4321 intelligibi-
2313 4243 2362 4304 D
2393 4259 2508 4301 sua
2550 4239 2825 4301 essentia
2859 4258 2872 4301 :
2908 4240 3127 4321 sicque
3177 4259 3326 4302 eum
3375 4241 3598 4303 intime
3647 4242 3903 4323 conspi-

784 4344 904 4407 lior
940 4363 1080 4406 esse
1110 4342 1382 4429 videtur,
1419 4341 1504 4403 ita
1542 4341 1710 4422 quod
1744 4339 2006 4420 angelus
2047 4338 2282 4400 illumi-

782 4451 890 4504 nat
939 4449 1244 4514 mentem,
1279 4458 1404 4501 non
1453 4439 1667 4500 lumen
1714 4436 2130 4509 infundendo,
2165 4455 2283 4497 nec

783 4541 996 4612 solum·
1023 4537 1352 4602 offerendo
1385 4537 1580 4599 instar
1610 4535 1844 4615 obJ‘ecti
1876 4543 1983 4595 aut
2014 4534 2281 4616 speculi,

783 4641 894 4704 sed
942 4638 1133 4700 etiam
1186 4636 1490 4697 vivaciter
1537 4634 1890 4707 excitando,
1945 4641 2014 4694 ut
2067 4634 2286 4695 doctor

785 4735 1076 4799 exterior.
1123 4734 1267 4796 Η1116
1309 4733 1764 4794 Bonaventura.

865 4833 1061 4914 Cujus
1112 4831 1305 4894 verba
1359 4850 1434 4892 ex
1487 4827 1852 4914 praehabitis
1908 4834 2145 4908 patent,
2200 4827 2287 4888 ita

787 4934 956 5017 quod
1003 4933 1131 4994 Deo
1184 4937 1276 4992 est
1337 4927 1690 5010 proprium,
1742 4925 2018 4988 animam
2079 4925 2285 5006 quoad

787 5031 1132 5114 superioris
1166 5027 1427 5091 rationis
1457 5047 1587 5089 suae
1620 5026 1996 5108 portionem,
2031 5043 2156 5106 qua
2199 5023 2287 5084 in-

786 5130 989 5193 tendit
1033 5128 1308 5198 aeternis,
1349 5125 1713 5188 illuminare
1763 5123 2022 5196 directe,
2055 5123 2286 5204 produ-

789 5229 990 5291 cendo
1034 5227 1099 5288 in
1139 5245 1212 5287 ea
1252 5225 1468 5286 lumen
1509 5231 1748 5286 naturae
1785 5222 1882 5284 vel
1925 5223 2140 5303 gratiae
2179 5231 2288 5284 aut

789 5327 1008 5412 gloriae
1041 5343 1056 5388 t
1091 5325 1215 5390 imo
1255 5324 1387 5389 haec
1429 5322 1617 5386 habet
1655 5341 1692 5386 a
1731 5323 1858 5386 Deo
1900 5321 2284 5397 immediate,

2394 4339 2573 4399 ciunt
2616 4337 2899 4399 universi
2948 4338 3143 4412 Beati,
3176 4357 3303 4401 non
3342 4347 3555 4401 autem
3596 4340 3746 4402 mali
3786 4358 3901 4402 an-

2392 4436 2537 4516 geli.
2593 4435 2823 4508 Tertio,
2884 4454 2995 4516 per
3051 4436 3171 4498 1106
3232 4438 3400 4517 quod
3462 4455 3585 4499 non
3645 4445 3903 4500 tantum

2394 4534 2612 4595 vident.
2654 4533 2761 4595 Dei
2804 4532 3166 4608 essentiam,
3201 4536 3311 4597 sed
3353 4535 3553 4616 ipsam
3594 4535 3903 4617 quodam-

2396 4633 2583 4694 modo
2615 4639 3039 4713 penetrantes,
3061 4632 3127 4694 in
3159 4633 3296 4714 ipsa
3326 4633 3727 4715 conspiciunt
3759 4653 3907 4697 suo-

2394 4751 2537 4793 rum
2588 4730 2940 4793 effectuum
2990 4730 3266 4793 rationes
3320 4748 3334 4792 :
3388 4731 3609 4814 sicque
3669 4732 3903 4795 intime

2397 4828 2837 4911 contemplari,
2870 4836 2965 4891 est
3008 4829 3263 4910 proprie
3302 4831 3631 4904 adsistere,
3663 4837 3725 4892 et
3774 4832 3901 4894 soli

2396 4947 2710 5010 supremae
2760 4927 3056 4989 convenit
3103 4928 3493 4992 hierarchiae.
3529 4929 3901 4992 Secundum

2395 5027 2553 5089 alios
2598 5044 2747 5087 vero
2792 5025 3011 5088 modos
3050 5025 3285 5087 dicitur
3322 5026 3629 5090 adsistere
3671 5047 3907 5090 secun-

2397 5125 2549 5186 dum
2603 5124 2777 5206 quid,
2821 5142 2948 5186 non
2992 5123 3391 5205 simpliciter.
3438 5125 3581 5188 Haec
3624 5126 3903 5189 Thomas

2402 5223 2470 5285 in
2512 5223 2780 5304 Scripto.

2480 5320 2765 5404 Denique
2798 5321 2876 5382 de
2906 5322 3047 5395 hoc,
3080 5339 3161 5382 an
3193 5337 3414 5384 omnes
3444 5321 3650 5404 angeli
3682 5321 3748 5384 in
3780 5323 3907 5386 mi-

3944 1811 4239 1856 meolat-

790 1892 852 1946 te
886 1884 1275 1947 :animalem
1323 1905 1399 1947 ex
1448 1903 1536 1958 se,
1580 1885 1643 1946 in
1694 1892 2002 1965 quantum
2052 1902 2283 1964 corpus
2320 1887 2368 1949 B
2397 1885 2767 1949 hierarchiae
2831 1887 3163 1968 proprium
3228 1907 3369 1951 esse
3430 1898 3501 1950 ut
3564 1889 3659 1951 sic
3724 1890 3899 1952 circa
3928 1876 4060 1920 ¹¹⁵⁰*
4088 1890 4245 1918 ⁶³⁸¹·

3980 2412 4037 2451 p.
4072 2401 4163 2440 wo
4178 2398 4249 2447 B‘.

3928 2459 4105 2504 3811).
