4334 6242
155 1781 219 1820 art..
245 1783 280 1822 2.

712 500 936 556 Quaesr.
985 501 1050 547 ιιι
1091 501 1106 546 :
1149 500 1236 547 AN
1275 499 1511 548 curtem
1554 497 1812 556 cumn,
1857 499 1994 545 surr
2031 500 2074 545 A
2116 499 2238 545 nso
2279 498 2619 545 lunanum
2656 496 2916 554 cam-124,
2956 493 3084 542 arc.
3365 473 3447 540 59

433 673 622 735 Porro
682 672 1002 746 AlbertuS,
1063 672 1345 754 AEgidius
1403 679 1466 732 et
1521 671 1848 734 Udalricus
1879 670 1926 732 A
1961 670 2106 732 liter
2161 669 2450 752 sequitur
2505 670 2830 732 Thomam.
2882 668 3161 741 Quorum
3219 663 3452 748 positio

359 778 790 833 contestantur
820 771 1203 832 creationem
1237 770 1552 852 passivam
1584 787 1721 831 esse
1754 787 1847 830 re-

355 869 516 930 alem
563 870 956 932 relationem.
1001 869 1214 932 Nihilo
1263 869 1476 930 minus
1520 867 1847 930 Udalricus

358 975 493 1049 post
535 967 670 1030 haec
713 967 906 1048 paulo
947 975 1088 1048 post
1127 966 1372 1038 asserit,
1417 967 1584 1048 qnod
1629 966 1712 1027 sit
1756 983 1848 1026 re-

361 1065 506 1127 latio
564 1066 916 1127 secundum
977 1065 1126 1138 dici,
1187 1073 1250 1126 et
1307 1083 1433 1126 non
1494 1064 1847 1126 secundum

357 1183 509 1225 esse.
545 1164 694 1236 Quae
733 1181 860 1226 non
891 1165 1188 1226 videntur
1227 1171 1536 1236 constare,
1569 1163 1719 1243 quia
1758 1181 1848 1223 rc-

363 1262 504 1324 latio
547 1263 902 1324 secundum
946 1262 1072 1324 dici
1116 1281 1244 1325 non
1287 1270 1548 1324 vocatur
1590 1261 1796 1324 realis,

434 1360 708 1422 Thomas
737 1378 992 1442 quoque
1024 1360 1090 1422 in
1121 1361 1370 1442 Scripto
1400 1360 1654 1432 fatetur,
1679 1360 1849 1441 quod

359 1457 590 1522 creatio
641 1459 892 1540 passiva
937 1459 1021 1521 sit
1061 1459 1357 1521 accidens
1405 1467 1614 1522 creato
1658 1458 1850 1522 inhae-

360 1575 534 1636 rens3
567 1565 632 1618 et
661 1557 894 1638 saepius
929 1557 1036 1630 ait,
1072 1559 1241 1639 quod
1273 1557 1355 1620 sit
1387 1558 1574 1620 realis
1603 1557 1843 1619 relatio.

359 1691 433 1700 —
460 1655 677 1718 Nihilo
718 1655 930 1718 minus
977 1656 1042 1718 in
1083 1656 1289 1737 prima
1331 1664 1508 1737 parte
1548 1656 1846 1728 Summae,

360 1753 706 1834 quaestione
749 1755 1232 1836 quadragesima
1273 1755 1516 1836 quinta,
1550 1752 1847 1815 disseruit

362 1853 523 1933 quod
565 1853 803 1915 creatio
843 1872 967 1915 non
1008 1853 1188 1934 ponit
1225 1853 1468 1934 aliquid
1509 1853 1573 1914 in
1615 1860 1842 1914 creato.
1885 1852 1932 1914 B

361 1951 530 2024 Quod
573 1951 1059 2032 intelligendum
1091 1951 1344 2013 videtur
1375 1951 1452 2012 de
1492 1951 1706 2031 aliquo
1744 1949 1848 2011 ab·

361 2049 583 2122 solute,
649 2068 776 2112 non
839 2049 916 2110 de
976 2049 1192 2129 aliquo
1254 2048 1628 2129 respectivo.
1691 2047 1848 2110 Nam

359 2147 570 2209 subdit
624 2165 640 2209 :
691 2148 802 2209 sed
860 2147 1229 2210 relationem
1292 2153 1556 2208 tantum.
1611 2145 1726 2208 Ubi
1787 2154 1846 2207 et

357 2246 526 2307 addit
559 2265 574 2309 ε
609 2245 854 2309 Creatio
885 2244 1286 2325 significatur
1317 2253 1385 2306 ut
1417 2245 1701 2306 mutatio.
1726 2245 1850 2306 Mu-

357 2344 506 2407 tatio
543 2351 762 2406 autem
803 2344 1013 2405 media
1049 2351 1146 2405 est
1178 2344 1644 2424 quodammodo
1685 2344 1850 2405 inter

359 2459 619 2504 movens
669 2449 731 2504 et
775 2450 1040 2504 motum.
1083 2442 1326 2504 Idcirco
1374 2441 1608 2503 creatio
1655 2441 1848 2522 signi—

359 2539 588 2601 ficatur
619 2547 688 2601 ut
723 2540 1005 2602 medium
1041 2540 1207 2602 inter
1237 2540 1594 2602 Creatorem
1626 2546 1688 2601 et
1720 2558 1850 2601 crc-

355 2647 618 2701 aturam.
684 2638 932 2702 Creatio
989 2647 1200 2701 tamen
1261 2638 1511 2720 passive
1567 2646 1844 2719 sumpta,

355 2745 448 2799 est
489 2736 555 2799 in
594 2746 905 2807 creatura,
938 2745 1160 2818 estque
1203 2737 1418 2818 aliquo
1457 2737 1644 2799 modo
1681 2756 1848 2798 crea-

357 2843 514 2896 tura.
569 2835 922 2899 Creationis
969 2835 1161 2898 etiam
1211 2842 1398 2918 prout
1446 2834 1849 2916 significatur

359 2942 424 2995 ut
463 2933 754 3006 mutatio,
789 2941 1075 2996 creatura
1111 2942 1208 2996 est
1246 2933 1594 3012 terminus3
1627 2934 1734 2995 sed
1779 2941 1848 2995 ut

1959 769 2168 831 verior
2213 775 2541 850 reputatur
2586 787 2777 849 quam
2822 767 2963 828 alia.

2041 867 2365 938 Praeterea‚
2401 866 2567 948 quod
2608 865 3046 927 Bonaventura
3076 862 3332 937 effatur,
3366 881 3460 924 re·

1961 965 2261 1027 lationem
2316 965 2641 1027 fundatam
2696 983 2890 1045 super
2937 963 3290 1025 naturalem
3338 961 3461 1024 ori-

1959 1063 2174 1144 ginem
2229 1083 2355 1126 non
2404 1064 2633 1126 addere
2676 1063 2942 1144 aliquid,
2975 1080 3200 1124 verum
3244 1068 3341 1123 est
3390 1059 3458 1121 in

1959 1161 2237 1239 divinis3
2288 1161 2397 1224 sed
2448 1160 2510 1222 in
2561 1159 2966 1241 generatione
3023 1164 3453 1220 creaturarum

1961 1261 2307 1342 paternitas
2336 1279 2529 1342 super
2555 1259 3028 1340 generationem
3060 1256 3341 1328 fundata,
3360 1263 3455 1317 est

1959 1359 2147 1420 realis
2180 1359 2401 1421 relatio
2431 1358 2720 1439 subjecto
2750 1357 2991 1439 aliquid
3024 1355 3455 1438 superaddens

1959 1458 2146 1520 reale.

2372 1771 2843 1846 QUAESTIO
2914 1772 3039 1834 III

2087 2045 2261 2107 Ertio
2294 2045 2730 2127 principaliter
2760 2045 3088 2126 quaeritur,
3110 2045 3240 2110 An
3270 2061 3454 2112 eun-

2113 2146 2243 2210 eta
2280 2145 2576 2225 creata,
2609 2144 2776 2210 sint
2814 2159 2861 2210 a
2894 2144 3055 2209 Deo
3093 2145 3456 2210 immedi-

1958 2244 2086 2308 ate
2138 2245 2431 2320 ereata,
2473 2244 2589 2309 ita
2632 2243 2841 2324 quod
2884 2257 3043 2309 una
3090 2245 3457 2309 ereatura

1958 2355 2114 2406 non
2146 2345 2270 2407 est
2297 2341 2662 2408 effective
2694 2340 3455 2408 instrumentaliter-

1958 2453 2059 2504 ve
2101 2442 2370 2505 ereata
2412 2439 2512 2506 ab
2552 2439 2737 2508 alia.

2040 2538 2216 2611 Quod
2249 2538 2545 2600 universa
2576 2546 2803 2612 ereata,
2837 2554 2965 2600 non
3006 2536 3133 2599 sint
3164 2537 3455 2600 immedi-

1957 2644 2058 2698 ate
2105 2655 2144 2697 a
2191 2637 2319 2698 Deo
2370 2637 2697 2718 producta,
2741 2637 2949 2718 primo
2989 2636 3262 2710 videtur,
3304 2636 3457 2717 quia

1957 2735 2037 2796 ab
2084 2753 2213 2796 uno
2257 2734 2535 2816 simplici
2582 2753 2707 2797 non
2760 2735 3045 2816 procedit
3089 2734 3457 2798 immediate

1959 2833 2082 2895 nisi
2133 2853 2355 2906 unum,
2401 2841 2471 2895 ut
2515 2833 2912 2914 Peripatetici
2960 2833 3203 2895 dicunt.
3236 2870 3317 2879 —
3355 2835 3458 2896 Se·

1959 2932 2191 3006 eundo,
2226 2932 2394 2993 idem
2424 2932 2645 2994 eodem
2691 2932 2877 2992 modo
2907 2951 2974 2994 se
3008 2930 3269 3006 habens,
3303 2931 3456 2994 facit

357 3037 447 3092 est
490 3051 641 3094 vere
682 3032 929 3105 relatio,
971 3040 1256 3095 creatura
1304 3041 1398 3094 est
1447 3032 1588 3112 ejus
1637 3031 1848 3111 subje-
1884 3031 1926 3093 C
1959 3029 2151 3103 idem,
2195 3047 2320 3091 non
2372 3029 2547 3091 varia
2595 3037 2658 3090 et
2707 3028 2975 3090 diversa.
3026 3030 3192 3091 Deus
3241 3039 3453 3093 autem

359 3137 554 3202 ctum,
607 3138 672 3191 et
724 3130 904 3212 prius
957 3150 1032 3194 ea
1085 3131 1150 3192 in
1203 3149 1364 3204 esse,
1417 3130 1581 3192 sicut
1633 3129 1845 3210 subje-

359 3236 528 3290 ctum
590 3229 769 3311 prius
828 3237 924 3291 est
979 3227 1324 3290 accidente.
1377 3227 1574 3291 Habet
1635 3235 1844 3290 tamen

359 3325 590 3388 creatio
620 3326 742 3387 ista
771 3325 1112 3406 quamdam
1155 3325 1465 3387 rationem
1500 3323 1846 3406 prioritatis

357 3443 427 3484 ex
485 3432 664 3506 parte
717 3422 977 3504 objecti,
1027 3423 1102 3484 ad
1153 3423 1324 3504 quod
1371 3423 1625 3495 dicitur,
1678 3424 1846 3504 quod

356 3530 446 3584 est
485 3521 879 3604 principium
925 3528 1245 3584 creaturae.
1289 3521 1432 3583 Haec
1473 3521 1741 3583 Thomas
1783 3521 1846 3584 in

358 3620 634 3682 Summa.

431 3718 784 3781 Concordat
827 3718 1067 3790 PetruS,
1100 3716 1368 3780 dicendo
1403 3735 1416 3778 :
1452 3717 1847 3781 creationem

359 3816 672 3898 passivam
722 3815 944 3878 dicunt
994 3816 1254 3897 quidam
1312 3834 1438 3878 non
1489 3835 1627 3878 esse
1674 3816 1845 3879 aliud

357 3916 606 3978 realiter
644 3933 836 3996 quam
883 3914 1086 3996 ipsam
1137 3922 1487 3977 creaturam
1530 3934 1671 3996 quae
1720 3935 1850 3978 ere-

355 4021 512 4086 atur,
562 4021 628 4075 et
679 4021 890 4075 tamen
938 4011 1200 4075 differre
1246 4012 1326 4074 ab
1374 4033 1448 4075 ea
1495 4015 1849 4076 secundum

357 4112 688 4184 rationem,
730 4110 1030 4192 quoniam
1081 4110 1235 4172 dicit
1281 4120 1634 4174 creaturam
1683 4131 1850 4174 com-

1957 3135 2052 3188 est
2102 3125 2563 3188 invariabiliter
2612 3125 2803 3199 idem‚
2848 3134 2909 3189 et
2958 3126 3339 3189 aeternaliter
3385 3147 3453 3190 se

1959 3224 2364 3287 uniformiter
2402 3222 2641 3285 habens
2678 3241 2691 3285 :
2726 3242 2876 3305 ergo
2909 3241 3032 3285 non
3065 3223 3218 3286 facit
3246 3224 3451 3287 diver-

1957 3343 2026 3384 sa
2083 3321 2449 3384 immediate
2505 3341 2579 3383 ae
2638 3322 2837 3402 plura.
2888 3358 2971 3366 —
3018 3322 3248 3395 Tertio,
3308 3343 3744 3405 quaenom.xm,1.

1957 3441 1992 3483 a
2036 3422 2164 3484 Deo
2208 3427 2377 3492 sunt,
2415 3420 2702 3482 ordinata
2746 3428 2915 3494 sunt,
2954 3428 3108 3482 teste
3150 3422 3451 3503 Apostolo

1957 3520 2033 3582 ad
2073 3521 2384 3582 Romanos
2421 3539 2434 3582 :
2468 3537 2617 3599 ergo
2652 3527 2859 3581 creata
2897 3529 3342 3600 processerunt
3371 3521 3451 3584 ab

1957 3636 2054 3692 eo,
2105 3617 2327 3680 ordine
2374 3617 2673 3699 quodam,
2728 3636 2853 3679 non
2906 3618 3291 3692 immediate,
3342 3620 3454 3682 sed

1961 3737 2158 3778 unum
2192 3716 2317 3778 alio
2347 3716 2547 3797 prius,
2583 3723 2653 3778 ut
2682 3717 2836 3778 ordo
2868 3717 3457 3798 requirit—Quar-

1959 3824 2042 3888 to,
2079 3833 2411 3897 processus
2454 3833 2665 3876 rerum
2705 3835 2743 3877 a
2781 3817 2910 3878 Deo
2948 3823 3043 3877 est
3074 3835 3190 3897 per
3226 3816 3454 3878 simili·

1959 3915 2247 3977 tudinem
2288 3915 2653 3996 quamdam,
2690 3921 2759 3974 ut
2802 3914 3056 3977 Proclus
3094 3915 3453 3979 Platonicus

1960 4014 2023 4075 in
2077 4013 2577 4076 Elementatione
2636 4032 2750 4074 sua
2801 4012 3149 4092 theologica
3204 4014 3446 4095 probat.

1958 4113 2112 4175 Nam
2163 4121 2227 4173 et
2272 4118 2429 4173 teste
2472 4111 2874 4192 PhilosophO,
2916 4130 3108 4191 agens
3158 4114 3453 4194 producit

359 4217 634 4290 paratam
692 4210 773 4271 ad
832 4208 1209 4272 Creatorem.
1263 4209 1387 4270 Alii
1451 4208 1846 4292 probabilius
1879 4215 1927 4277 Ι)
1958 4211 2168 4273 simile
2216 4209 2359 4271 sibi.
2397 4209 2601 4282 Quum
2645 4227 2793 4290 ergo
2832 4210 2997 4271 Deus
3038 4210 3349 4290 gloriosus
3388 4220 3453 4274 et

354 4307 592 4380 dicunt,
627 4307 798 4388 quod
840 4306 1060 4368 differt
1109 4307 1460 4368 secundum
1505 4327 1662 4381 rem,
1697 4307 1848 4388 quia

354 4414 444 4468 est
486 4406 786 4468 accidens
833 4405 1152 4486 quoddam
1204 4404 1268 4467 in
1314 4413 1619 4477 ereatura,
1662 4415 1724 4468 et
1768 4406 1848 4468 si-

353 4504 614 4584 gnificat·
645 4522 779 4565 rem
811 4523 953 4584 qua)
993 4520 1118 4564 non
1163 4511 1260 4565 est
1298 4503 1554 4585 proprie
1589 4504 1650 4565 in
1694 4523 1846 4585 pra}-

354 4603 710 4665 dicamento
769 4601 1104 4684 passioniS‚
1163 4603 1274 4663 sed
1332 4601 1672 4664 relationis.
1737 4602 1846 4664 Est

355 4700 520 4761 enim
552 4697 862 4761 habitudo
890 4706 952 4760 et
981 4698 1406 4780 dependentia
1439 4699 1730 4761 habentis
1765 4707 1846 4762 to-

357 4805 486 4860 tum
544 4815 688 4860 esse
747 4814 936 4858 suum
993 4815 1030 4857 a
1081 4796 1393 4870 Creatore,
1445 4816 1843 4878 consequens

355 4895 624 4958 creantis
667 4895 1008 4968 actionem,
1042 4901 1105 4956 et
1144 4895 1233 4957 rei
1277 4903 1500 4958 creatae
1539 4896 1844 4958 exsisten-

357 4995 504 5057 tiam
553 5013 668 5056 seu
717 5000 928 5054 actum
978 4991 1346 5066 exsistendi,
1388 5011 1514 5055 non
1562 4994 1844 5076 aliquam

357 5093 738 5173 passionem,
772 5089 937 5152 sicut
967 5089 1196 5152 filiatio
1233 5090 1296 5152 in
1339 5090 1478 5154 filio
1513 5094 1845 5175 consequi-

360 5199 456 5251 tur
499 5189 819 5252 actionem
881 5187 1078 5269 patris
1126 5194 1190 5250 et
1237 5189 1670 5253 exsistentiam
1723 5191 1842 5253 filii

355 5307 390 5348 a
421 5295 613 5370 patre.
647 5286 793 5348 Haec
824 5285 1060 5348 Petrus.
1085 5321 1166 5332 -
1194 5285 1310 5359 Qui
1345 5287 1409 5349 in
1440 5288 1557 5350 hac
1593 5307 1658 5350 re
1690 5296 1842 5351 tota-

1958 4307 2337 4379 adoranduS,
2381 4305 2462 4367 sit
2513 4325 2710 4387 purus
2753 4314 2816 4367 et
2859 4307 3450 4389 supersimplicissi-

1961 4425 2102 4468 mus
2151 4413 2352 4478 actus,
2403 4422 2529 4466 non
2578 4405 2829 4467 videtur
2874 4406 3043 4487 quod
3104 4407 3454 4488 corporalia

1957 4504 2173 4585 aliqua
2228 4502 2308 4565 ab
2360 4502 2499 4584 ipso
2558 4502 2923 4565 immediate
2982 4503 3447 4585 profluxerunt,

1960 4603 2091 4665 imo
2128 4621 2246 4663 nec
2285 4601 2550 4682 aliquid,
2584 4601 2707 4663 nisi
2748 4621 2873 4662 una
2912 4603 3200 4683 quaedam
3240 4609 3451 4666 actua-

1960 4700 2203 4762 lissima
2242 4717 2441 4760 mens,
2473 4734 2555 4744 —-
2583 4698 2834 4771 Quinte,
2868 4699 2926 4760 S.
2964 4698 3297 4782 Dionysius
3331 4699 3451 4762 fre-

1957 4806 2227 4880 quenter
2272 4795 2525 4868 fatetur,
2559 4797 2729 4877 quod
2773 4797 2938 4858 Deus
2980 4815 3047 4858 se
3091 4796 3280 4859 habet
3322 4814 3449 4861 uno

1959 4896 2144 4958 modo
2185 4897 2263 4957 ad
2302 4895 2539 4968 omnia,
2572 4895 2865 4976 quamvis
2911 4913 3037 4958 non
3080 4895 3295 4957 omnia
3342 4896 3451 4959 ha-

1957 4995 2148 5056 beant
2207 5012 2274 5055 se
2334 5010 2462 5055 uno
2520 4993 2707 5055 modo
2764 4993 2842 5054 ad
2903 4993 3134 5073 ipsum.
3188 4994 3449 5076 Propter

1955 5093 2124 5174 quod
2156 5091 2349 5153 etiam
2384 5091 2446 5153 in
2479 5089 2645 5153 libro
2674 5089 2875 5152 fertur
2904 5091 3263 5166 Causarum,
3277 5093 3443 5175 quod

1956 5209 2146 5252 causa
2185 5190 2392 5272 prima
2424 5197 2520 5251 est
2554 5189 2617 5250 in
2657 5188 2956 5251 omnibus
2998 5189 3187 5252 rebus
3226 5210 3448 5253 seeun-

1956 5288 2108 5349 dum
2161 5306 2354 5349 unam
2408 5285 2913 5367 dispositionem,
2967 5288 3259 5368 quamvis
3318 5307 3443 5352 non
