4334 6242
791 431 910 499 334
1451 454 1516 503 m
1556 456 1779 506 manunt
1823 461 1862 505 11
1907 454 2391 506 sauram-manu.
2437 476 2519 487 —-
2558 457 2711 505 nis‘r.
2756 458 2857 521 v13
2902 457 3126 513 QUAEST.
3173 460 3241 504 111

793 644 874 687 na
932 625 1190 700 inferni,
1251 627 1343 689 eis
1401 628 1649 691 inflicta
1706 637 1819 692 est.
1883 631 2170 713 Insuper,
2225 630 2291 692 in
2322 628 2375 691 A
2404 628 2525 691 hus
2567 650 2722 712 quas
2762 629 3191 712 frequentant,
3223 626 3577 711 praesertim
3606 644 3643 687 a
3681 622 3915 687 mulie-

787 722 1032 802 judieio
1064 725 1310 797 ultime,
1338 746 1539 807 quum
1572 728 1951 810 proponitur
1979 728 2293 789 sententia

787 821 1028 883 Judicis
1067 832 1359 905 respectu
1399 826 1864 899 damnatorum,
1900 824 2079 888 nulla'
2113 846 2291 887 men-

789 919 878 981 tio
923 919 1002 981 fit
1049 921 1140 983 ibi
1191 922 1268 983 de
1313 922 1557 1003 judicio
1606 923 1869 986 ferendo
1921 925 1984 985 in
2033 924 2290 1004 angelos

790 1017 1013 1093 malm,
1060 1020 1167 1081 sed
1215 1028 1461 1082 tantum
1506 1022 1584 1082 de
1623 1021 1868 1102 judicio
1913 1021 2173 1085 ferendo
2224 1022 2287 1082 in

787 1115 1080 1179 homines
1139 1118 1357 1181 malos,
1413 1119 1503 1180 Ex
1555 1138 1682 1201 quo
1741 1120 2066 1201 probatur,
2119 1120 2289 1202 quod

784 1214 916 1294 jam
949 1215 1146 1277 latum
1179 1224 1274 1279 est
1306 1218 1370 1279 in
1400 1236 1508 1280 eos
1534 1218 1871 1298 judicium.
1909 1218 2014 1280 Eis
2049 1227 2286 1293 autem,

490 1349 758 1401 „mmm
790 1321 859 1375 ut
887 1313 978 1375 ait
1009 1315 1311 1390 Salvator,
1347 1325 1602 1397 paratus
1633 1324 1729 1378 est
1768 1316 1932 1397 ignis
1962 1317 2088 1379 ille.
2127 1318 2290 1397 Ergo

489 1417 557 1457 Η.

783 1412 916 1493 jam
958 1413 1154 1474 latum
1193 1422 1291 1475 est
1325 1414 1641 1494 judicium
1683 1425 1901 1478 contra
1937 1434 2045 1477 eos
2077 1435 2288 1497 respe-

785 1519 892 1573 ctu
924 1511 1095 1573 illius
1127 1531 1350 1593 poenae.
1385 1512 1513 1574 Nec
1544 1532 1732 1595 poena
1771 1514 1935 1575 aeris
1967 1514 2287 1576 tenebrosi

780 1617 878 1671 est
934 1628 1124 1692 poena
1181 1610 1465 1691 ipsorum
1527 1612 1901 1693 principalis
1954 1629 1967 1673 :
2021 1613 2173 1693 quia
2221 1612 2287 1674 in

778 1726 922 1769 aere
956 1707 1066 1770 illo
1097 1716 1246 1770 sunt
1277 1709 1564 1771 collocati
1597 1728 1786 1772 causa
1815 1710 2149 1772 exercendi
2184 1729 2287 1791 ge—

2404 726 2583 789 ribus
2624 749 2765 809 quae
2796 728 3034 791 vilibus
3074 724 3510 789 deliramentis
3543 723 3911 810 intendunt,

2403 845 2603 906 quum
2638 826 2770 889 haec
2801 827 3015 888 omnia
3046 826 3321 888 maxime
3352 822 3606 903 maligni
3641 820 3914 902 spiritus

2404 923 2786 985 videantur?
2844 924 3169 998 Quomodo
3230 923 3404 1003 ligati
3460 929 3570 982 aut
3626 920 3913 980 incarce-

2402 1022 2520 1082 rati
2563 1023 3044 1104 censenturqui
3089 1022 3175 1083 ita
3212 1022 3618 1084 discurrunt?
3648 1018 3803 1080 Nam
3844 1024 3915 1078 et

2402 1119 2816 1201 Evangelium
2849 1128 3232 1203 protestatur
3264 1120 3325 1180 in
3362 1136 3491 1179 uno
3528 1115 3783 1179 homine
3819 1114 3915 1175 le·
3954 1133 4291 1175 Mamm».

2400 1218 2655 1297 gionem
2700 1220 3062 1282 daemonum
3109 1236 3301 1280 unam
3345 1216 3564 1279 fuisse.

2482 1316 2931 1379 Verumtamen
2983 1316 3064 1378 ob
3113 1317 3247 1379 haec
3296 1313 3659 1376 nullatenus
3708 1310 3915 1373 debes

2399 1413 2479 1475 (16
2520 1416 2783 1477 veritate
2822 1415 3126 1477 doctrinae
3164 1413 3665 1477 Christianorum
3704 1410 3919 1473 ambi-

2400 1531 2566 1592 gere.
2602 1514 2778 1587 Quod
2824 1514 2878 1576 si
2920 1512 3353 1575 reminiscaris
3400 1510 3714 1573 sermonis
3761 1509 3915 1589 ejus
3960 1528 4097 1583 (Ἄρ
4130 1529 4289 1571 mon.

2400 1610 2511 1690 qui
2544 1612 2725 1686 dixit,
2759 1611 2929 1693 quod
2964 1619 3054 1674 tot
3088 1610 3367 1692 legiones
3406 1610 3472 1671 in
3514 1626 3915 1689 unoquoque

2400 1708 2623 1771 ordine
2666 1718 3099 1790 separatarum
3145 1708 3645 1771 substantiarum
3695 1706 3915 1768 consi-

779 1824 900 1868 nus
949 1806 1323 1868 humanum.
1358 1844 1438 1853 —-
1475 1807 1618 1870 Haec
1665 1809 2037 1870 Alexander.
2087 1808 2284 1889 Cujus
2324 1810 2370 1873 B
2400 1813 2599 1881 stunt,
2634 1818 2789 1889 quot
2832 1816 2980 1869 sunt
3024 1806 3393 1869 substantiae
3434 1806 3501 1867 in
3547 1824 3673 1865 una
3716 1804 3919 1884 legio-

777 1904 1108 1986 responsio
1152 1905 1229 1967 (16
1274 1906 1502 1969 ultimo
1549 1906 1670 1969 isto
1708 1906 1996 1989 quaesite,
2030 1906 2286 1968 videtur

779 2003 1178 2085 responsioni
1218 2004 1474 2067 Thomae
1515 2004 1772 2086 penitus
1816 2005 2219 2068 concordare.

858 2102 1170 2163 Hannibal
1214 2121 1468 2185 quoque
1510 2103 1763 2166 videt-ur
1813 2104 1993 2185 quasi
2041 2104 2106 2165 in
2157 2120 2289 2165 om-

778 2198 970 2261 nibus
1015 2201 1196 2282 sequi
1237 2201 1566 2275 Thomam,
1601 2207 1664 2262 et
1705 2221 1928 2283 parum
1974 2209 2082 2263 aut-
2122 2201 2287 2263 nihil

778 2298 1183 2361 conscribere
1214 2299 1384 2380 quod
1425 2317 1552 2361 non
1595 2300 1995 2362 contineatur
2026 2300 2089 2361 in
2132 2300 2285 2361 scri-

751 2430 754 2435 ·
777 2396 905 2478 ptis
949 2398 1222 2461 Thomae.

854 2495 1150 2577 Amplius
1189 2496 1268 2557 de
1298 2496 1398 2558 his
1439 2496 1610 2558 fatur
1641 2496 2021 2560 Guillelmus
2061 2516 2284 2559 secun-

777 2593 858 2656 do
889 2592 1054 2655 libro
1085 2594 1163 2656 de
1193 2594 1500 2657 Universo
1522 2596 1763 2668 :Quum
1795 2595 2084 2657 doctrina
2114 2595 2287 2658 Chri-

777 2691 1129 2754 stianorum
1163 2692 1391 2754 habeat
1421 2693 1770 2767 evidenter,
1805 2693 1870 2754 in
1911 2694 2074 2755 aeris
2107 2701 2287 2774 parte

779 2789 1124 2869 caliginosa
1153 2792 1472 2854 daemones
1505 2792 1687 2873 quasi
1721 2792 1784 2853 in
1824 2810 2075 2853 carcere
2107 2791 2287 2853 habi-

779 2894 912 2949 tare
946 2907 1147 2970 usque
1179 2889 1256 2950 ad
1288 2889 1456 2951 diem
1489 2890 1748 2969 judicii;
1783 2890 2110 2971 quaeritur,
2137 2909 2289 2971 qua-

2402 1923 2503 1978 ne‚
2537 1905 2786 1968 videbis
2828 1906 2891 1968 in
2937 1923 3322 1987 unoquoque
3360 1903 3581 1967 ordine
3618 1920 3757 1964 esse
3792 1921 3919 1964 sex

2402 2003 2607 2065 millia
2634 2012 2695 2065 et
2737 2012 3067 2066 sexcentas
3107 2011 3165 2065 et
3208 2003 3534 2083 sexaginta
3572 2020 3681 2063 sex
3712 1999 3921 2080 legio-

2402 2121 2513 2164 nes
2572 2103 3072 2165 substantiarum
3133 2101 3522 2182 hujusmodi.
3578 2099 3752 2162 Unde
3804 2117 3924 2160 ne-

2401 2220 2722 2282 quaquam
2766 2201 3284 2283 putandumest,
3318 2199 3488 2281 quod
3528 2198 3603 2259 ad
3650 2197 3920 2259 libitum

2402 2299 2648 2380 possint
2692 2300 2915 2362 saevire
2960 2300 3025 2361 in
3071 2299 3382 2361 homines,
3415 2297 3543 2359 Nec
3582 2297 3721 2359 sine
3764 2315 3921 2378 per-

2401 2398 2700 2461 missione
2734 2398 3151 2480 providentiae
3183 2397 3490 2460 Creatoris
3520 2396 3732 2477 egredi
3764 2413 3927 2477 que·

2403 2506 2539 2573 unt,
2572 2505 2636 2559 et
2665 2506 2947 2560 nostram
2984 2497 3442 2559 habitationem
3475 2496 3748 2557 intrare:
3775 2494 3922 2557 imo

2399 2596 2575 2676 justo
2606 2596 2719 2659 Dei
2756 2596 3005 2675 judicio
3045 2595 3325 2657 illudunt
3354 2603 3416 2657 et
3451 2612 3669 2676 poenas
3700 2594 3924 2655 varias

2402 2694 2708 2775 infligunt.
2739 2694 2996 2775 iniquis,
3034 2694 3101 2755 ln
3132 2694 3367 2776 quibus
3398 2692 3698 2755 omnibus
3731 2694 3929 2755 Crea-

2402 2792 2555 2854 toris
2603 2792 2871 2853 intentio
2920 2799 3137 2853 sancta
3184 2799 3247 2853 et
3295 2798 3465 2853 recta
3513 2797 3629 2863 est,
3664 2796 3921 2871 utpote,

2400 2890 2591 2951 decor
2637 2888 2922 2969 justitiae,
2966 2888 3275 2951 correctio
3326 2896 3753 2969 peccatorum,
3798 2908 3927 2969 pu-

781 2984 924 3047 liter
957 2986 1100 3048 inde
1136 2994 1260 3048 tam
1297 2986 1496 3049 libere
1527 2995 1773 3062 exeant,
1809 2995 1870 3049 et
1902 2988 1968 3049 in
2001 2988 2287 3050 multitu·
2326 2992 2369 3054 C
2402 2987 2561 3049 nitio
2594 2986 2990 3049 medicinalis
3022 2986 3375 3068 culparum,
3390 2985 3758 3048 exercitatio
3786 2986 3927 3048 ele-

778 3084 926 3145 dine
977 3092 1169 3147 tanta.
1222 3086 1581 3166 Aliquando
1629 3086 1804 3147 enim
1853 3087 2032 3167 quasi
2087 3094 2282 3148 totam

775 3190 1009 3245 terram
1064 3201 1410 3266 occupasse
1454 3184 1752 3245 videntur
1795 3184 1857 3244 in
1917 3184 2174 3266 templis
2226 3191 2284 3245 et

776 3280 1024 3355 statuiS,
1070 3300 1145 3343 ac
1193 3281 1612 3364 receptaculis
1660 3282 1825 3355 aliis,
1875 3282 1939 3343 in
1990 3282 2286 3344 domibus

776 3398 848 3441 ac
881 3380 1314 3461 penetralibus
1355 3382 1715 3456 domorum,
1751 3380 1815 3443 in
1857 3382 2078 3455 hortiS,
2113 3381 2180 3442 in
2213 3382 2285 3443 li·

777 3477 1043 3540 mitibus
1073 3497 1393 3559 agrorum,
1429 3479 1494 3540 in
1535 3479 1736 3553 silvis,
1773 3481 1837 3541 in
1879 3480 2165 3542 fontibus
2197 3488 2286 3541 at-

775 3594 900 3657 que
932 3575 1317 3638 fluminibus
1349 3584 1411 3638 et
1443 3576 1599 3639 locis
1634 3578 1925 3652 amoeniS,
1951 3578 2015 3639 in
2048 3579 2285 3660 quibus

777 3674 1150 3737 colebantur
1180 3693 1251 3735 ac
1283 3675 1770 3756 respondebant.
1797 3676 1921 3737 Aut
1953 3695 2102 3757 ergo
2136 3696 2286 3759 pau-

775 3772 1020 3835 cissimi
1073 3773 1488 3835 remanebant
1539 3774 1603 3834 in
1656 3793 1821 3849 aere,
1854 3783 1962 3837 aut
2013 3776 2285 3838 incredi-

774 3871 992 3934 biliter
1031 3890 1371 3935 numerosa
1413 3880 1508 3933 est
1549 3873 1892 3935 multitudo
1931 3892 2173 3935 eorum.
2209 3875 2285 3936 Et

777 3971 1075 4032 videntur
1119 3969 1393 4032 liberum
1437 3969 1738 4032 habuisse
1777 3971 1936 4050 (imo
1975 3980 2038 4033 et
2075 3973 2284 4034 adhuc

776 4069 1039 4149 habere)
1076 4088 1426 4150 egressum,
1462 4089 1660 4153 quum
1703 4070 1782 4132 ad
1823 4070 2283 4134 incantationes

2402 3093 2668 3147 ctorum.
2704 3121 2784 3130 —
2812 3086 3000 3147 Porro
3032 3086 3109 3145 (16
3150 3084 3539 3146 exercitibus
3578 3085 3925 3155 nocturnis

2400 3192 2464 3245 et
2500 3185 2579 3245 de
2622 3184 2722 3246 his
2767 3204 2908 3265 quae
2952 3183 3119 3244 fiunt
3164 3183 3228 3244 in
3275 3182 3503 3263 majori
3542 3182 3925 3263 minorique

2402 3281 2682 3355 circuliS,
2717 3299 2843 3344 non
2876 3289 3124 3363 oportet
3157 3289 3379 3362 putare
3410 3281 3579 3361 quod
3612 3281 3738 3341 sint
3769 3282 3923 3342 veri

2400 3380 2741 3453 exercituS,
2775 3380 2876 3442 vel
2926 3379 3118 3441 etiam
3172 3379 3224 3440 si
3274 3378 3409 3441 veri
3458 3382 3689 3451 essent,
3733 3377 3921 3457 quod

2400 3487 2612 3540 essent
2642 3498 2717 3540 ex
2751 3478 3148 3541 daemonibus
3190 3477 3317 3539 illis
3353 3494 3367 3538 :
3404 3494 3530 3539 non
3566 3475 3737 3537 enim
3768 3492 3921 3536 om·

2399 3577 2506 3639 nia
2536 3597 2677 3659 quae
2720 3577 2813 3639 sie
2844 3576 3162 3650 videntur,
3198 3594 3347 3637 vera
3386 3582 3555 3647 sunt,
3590 3573 3754 3635 sicut
3782 3592 3919 3635 nee

2398 3696 2472 3737 ea
2502 3695 2643 3757 quae
2676 3676 2974 3738 videntur
3004 3695 3041 3736 a
3070 3673 3561 3747 somniantibus,
3587 3682 3650 3735 et
3680 3672 3915 3754 raptis,

2396 3792 2469 3836 ac
2504 3782 2715 3835 mente
2754 3772 3066 3835 alienatis,
3100 3773 3257 3835 Nam
3303 3772 3503 3833 multa
3531 3772 3915 3853 hujusmodi

2398 3872 2463 3939 in
2504 3872 2750 3934 visione
2788 3879 3037 3933 tantum
3080 3870 3271 3944 fiunt,
3308 3888 3431 3932 non
3478 3870 3545 3930 in
3583 3888 3651 3931 re
3692 3877 3756 3930 et
3800 3889 3915 3931 ve-

2396 3970 2599 4033 ritate.
2633 4006 2715 4015 —
2743 3970 2887 4032 Haec
2920 3968 3317 4033 Guillelmus.
3352 3968 3469 4041 Qui
3500 3968 3578 4029 de
3609 3967 3708 4029 his
3740 3968 3915 4029 mul·

2397 4077 2458 4131 ta
2506 4070 2829 4143 disseruit,
2881 4087 3155 4150 quorum
3206 4067 3495 4151 quaedam
3551 4065 3716 4128 infra
3760 4074 3911 4129 tan·—

775 4167 1338 4251 invocationesqne
1385 4186 1713 4249 magorum
1759 4177 1822 4231 et
1861 4171 2282 4233 necromanti-
2314 4182 2362 4244 D
2393 4176 2642 4250 geritur.

745 4286 1000 4329 eorum
1043 4286 1189 4330 mox
1220 4266 1496 4329 veniant.
1533 4268 1694 4340 Quid
1733 4268 1925 4330 etiam
1962 4269 2168 4330 dicam
2202 4270 2280 4331 de

776 4383 968 4448 opere
1009 4366 1268 4447 majoris
1311 4366 1704 4448 minorisque
1743 4366 1967 4429 circuli
2006 4368 2101 4448 (in
2142 4369 2280 4450 qui-

778 4464 898 4527 bus
931 4472 1102 4526 tanta
1131 4483 1350 4527 eorum
1385 4464 1728 4527 multitudo
1756 4475 2041 4547 apparet,
2076 4467 2187 4528 ubi
2219 4476 2281 4530 et

779 4572 1050 4645 quatuor
1111 4582 1290 4644 reges
1353 4581 1573 4625 eorum
1633 4584 1670 4625 a
1727 4573 1999 4645 quatuor
2056 4567 2281 4628 mundi

778 4662 1066 4745 partibus
1111 4681 1260 4724 cum
1308 4663 1696 4725 exercitibus
1740 4664 1872 4726 suis
1923 4665 2282 4729 innumera-

777 4761 1018 4824 bilibus
1078 4761 1296 4824 venire
1353 4762 1702 4844 dicuntur),
1756 4764 1834 4825 de
1893 4766 2280 4828 exercitibus

780 4879 1036 4943 quoquc
1073 4860 1443 4923 nocturnis?
1479 4861 1639 4933 Quid
1678 4862 1754 4923 de
1796 4862 1943 4924 fatis
1983 4871 2043 4925 et
2081 4864 2283 4926 fatali-

778 4961 946 5025 bus?
987 4960 1145 5033 Quid
1192 4960 1268 5022 de
1311 4959 1694 5024 dominabus
1739 4964 2090 5037 nocturniS‚
2131 4984 2283 5045 qua-

780 5083 922 5126 rum
969 5062 1330 5145 principem
1368 5068 1597 5125 vocant
1640 5061 1963 5124 dominam
2004 5063 2286 5125 Abundi—

779 5182 882 5225 am
933 5182 1046 5225 sen
1091 5161 1348 5237 Satiam,
1385 5161 1465 5224 ab
1508 5160 1898 5223 abundantia
1940 5161 2187 5223 scilicet
2224 5171 2287 5224 et

780 5263 1087 5335 satietate,
1121 5281 1312 5345 quam
1355 5260 1569 5342 largiri
1611 5261 1956 5323 creduntur
1987 5261 2053 5322 in
2089 5261 2289 5323 domi·

2476 4268 2759 4350 Denique
2800 4268 2877 4330 de
2917 4268 3038 4342 his,
3073 4276 3135 4329 et
3176 4266 3449 4349 qualiter
3478 4265 3902 4348 incorporeus

2394 4368 2657 4449 spiritus
2698 4366 2777 4427 ab
2818 4366 2963 4447 igne
3003 4384 3309 4448 corporeo
3347 4365 3601 4429 realiter
3642 4364 3897 4446 affliga-

2394 4474 2517 4540 tur,
2560 4464 2784 4527 scribit
2829 4465 3139 4526 Henricus
3183 4464 3366 4539 bene,
3406 4463 3745 4538 subtiliter,
3790 4484 3899 4527 ca—

2394 4566 2627 4629 tholice
2655 4575 2719 4627 et
2748 4564 3009 4639 diffuse,
3031 4565 3405 4638 Quodlibeto
3433 4572 3654 4627 octavo
3678 4582 3691 4625 :
3714 4566 3899 4646 quod
3958 4602 4165 4651 «μηδι,
4198 4604 4289 4647 32,

2394 4672 2603 4726 tamen
2635 4664 2711 4725 ad
2742 4672 3039 4745 quartum
3070 4664 3347 4725 inserere
3377 4663 3627 4739 differo,
3662 4664 3727 4725 in
3754 4672 3903 4727 tan-

2392 4770 2529 4823 tum
2562 4780 2733 4823 nunc
2773 4769 3059 4842 tangens,
3092 4762 3260 4842 quod
3302 4762 3378 4823 de
3417 4762 3537 4824 hoe
3568 4762 3746 4844 ponit
3773 4783 3896 4826 sex

2396 4862 2637 4935 mod08‚
2693 4879 2965 4943 quorum
3024 4862 3311 4942 quinque
3370 4868 3619 4942 reputat
3676 4862 3899 4925 minus

2396 4962 2695 5039 idoneos;
2746 4970 3126 5042 sextumque
3174 4961 3355 5042 ponit
3402 4978 3415 5022 ε
3469 4962 3724 5043 Oportet
3768 4962 3901 5042 (in-

2396 5063 2652 5144 quiens)
2680 5062 2890 5124 dicere
2922 5068 3099 5123 sexto
3140 5061 3349 5135 modo,
3384 5062 3555 5143 quod
3587 5050 3751 5143 ignis
3782 5064 3903 5128 ille

2396 5161 2630 5242 affligit
2678 5161 2973 5243 spiritum
3026 5160 3091 5221 in
3138 5168 3449 5242 quantum
3500 5162 3764 5238 caliduS,
3806 5172 3907 5226 at·

2399 5280 2524 5344 que
2554 5261 2777 5323 eodem
2812 5278 3043 5340 genere
3081 5260 3455 5324 afflictionis
3486 5280 3612 5343 quo
3644 5262 3900 5345 afflige-
