4334 6242
624 1665 688 1706 Ῑε.
703 1677 872 1714 xxxviii„

634 2950 687 2993 tv
700 2951 809 3006 Rey.
825 2965 868 3003 ιι,

606 3017 674 3066 21,
695 3017 762 3057 ²2.

896 476 978 542 62

1567 495 1630 542 IN
1672 495 1892 543 Lunum
1939 495 1982 542 11
2025 493 2508 541 SENTENTIARUM.
2552 513 2632 523 —
2674 495 2827 542 msr.
2876 496 2935 557 13
2979 494 3203 551 QUAEST.
3246 496 3314 543 111

900 665 1070 746 quod
1111 683 1302 728 causa
1349 665 1850 728 instrumentalis
1891 683 2016 728 non
2061 664 2400 747 participat
2431 662 2482 724 A
2514 664 2837 726 concludit
2876 664 3139 746 capituli
3176 683 3190 728 :
3225 665 3395 729 Patet
3436 683 3585 748 ergo
3628 666 3867 728 falsitas
3902 683 4012 748 po-

900 764 1216 825 actionem
1268 783 1473 828 causae
1523 765 1891 846 superioriS‚
1946 764 2067 825 nisi
2128 782 2241 846 per
2287 763 2401 825 ali-

902 862 1077 942 quid,
1130 869 1276 936 etc.,
1328 862 1578 925 videtur
1627 863 1991 944 procedere,
2046 861 2397 944 praesertim

900 978 1098 1041 quum
1146 961 1310 1022 Deus
1353 961 1758 1043 omnipotens
1802 961 2123 1023 interdum
2167 960 2399 1042 produ-

900 1057 1062 1118 xerit
1094 1059 1398 1139 quosdam
1430 1059 1701 1121 effectus
1739 1059 2255 1141 supernaturales
2286 1077 2399 1139 per

899 1174 1120 1218 causas
1155 1158 1561 1219 secundarias
1603 1158 2117 1220 instrumentales
2148 1176 2291 1238 quae
2320 1175 2397 1218 ex

900 1254 1158 1335 propria
1217 1255 1450 1317 virtute
1519 1274 1646 1318 non
1715 1257 1922 1318 solum
1991 1273 2117 1317 non
2182 1256 2397 1337 dispo-

898 1352 1136 1414 nebant
1184 1371 1302 1415 nec
1351 1354 1724 1435 dispositive
1773 1353 2278 1436 cooperabantur
2318 1353 2395 1414 ad

901 1451 1085 1513 illum
1129 1452 1458 1524 effectum,
1503 1453 1632 1514 imo
1677 1454 1870 1514 etiam
1913 1453 2152 1514 directe
2201 1453 2399 1533 impe-

901 1549 1113 1613 ditivae
1163 1559 1340 1613 erant
1383 1551 1654 1613 effectus
1705 1551 2072 1632 hujusmodi
2118 1571 2132 1614 ε
2176 1569 2397 1632 quem-

900 1649 1245 1711 admodum
1303 1649 1368 1711 in
1422 1649 1581 1710 Isaia
1639 1648 1928 1722 habetur,
1980 1649 2149 1730 quod
2208 1649 2398 1710 isaias

903 1748 1206 1829 praecepit
1245 1755 1313 1808 ut
1357 1748 1649 1810 tollerent
1699 1766 1969 1809 massam
2019 1748 2096 1809 de
2148 1746 2291 1808 sicis
2334 1753 2399 1808 et

2512 761 2761 824 sitionis
2816 763 3262 844 quorumdam,
3313 765 3664 826 dicentium
3724 763 4014 826 substan-

2512 859 2664 920 tiam
2731 861 3086 923 coelestium
3152 880 3489 944 corporum
3556 881 3696 925 esse
3755 881 4011 924 causam

2514 958 2791 1021 materiae
2830 959 3312 1023 elementorum.
3347 961 3417 1023 In
3458 960 3589 1023 sine
3632 980 3887 1043 quoque
3916 979 4013 1022 ca-

2514 1055 2698 1136 pituli
2741 1057 3029 1120 vicesimi
3073 1059 3263 1140 primi
3308 1058 3495 1121 insert
3535 1060 3697 1123 :Per
3737 1059 3871 1122 haec
3911 1059 4012 1120 de-

2512 1155 2780 1216 struitur
2812 1174 2986 1219 error
3015 1157 3439 1238 quorumdam
3482 1157 4009 1240 philosophorum

2510 1251 2619 1333 qui
2666 1253 2964 1315 dixerunt
3006 1254 3205 1316 Deum
3252 1274 3499 1318 creasse
3544 1257 3817 1337 primam
3868 1254 4013 1317 sub-

2509 1350 2805 1412 stantiam
2848 1361 3225 1434 separatam,
3257 1362 3321 1415 et
3358 1353 3440 1415 ab
3480 1371 3555 1416 ea
3598 1353 3796 1416 fuisse
3840 1373 4010 1415 crea-

2508 1456 2637 1511 tam
2670 1451 3109 1524 secundam,et
3138 1453 3230 1514 sic
3261 1453 3531 1535 quodam
3559 1454 3781 1516 ordine
3811 1471 4009 1534 usque

2509 1547 2586 1609 ad
2647 1547 2956 1610 ultimam.
3012 1549 3184 1611 Unde
3244 1559 3306 1612 et
3363 1551 3785 1614 Damascenus
3846 1551 4011 1613 libro

2511 1647 2791 1708 secundo
2835 1655 3101 1709 testatur
3145 1666 3160 1710 :
3202 1650 3601 1732 Quicumque
3638 1651 3860 1712 dicunt
3904 1669 4012 1711 an-

2511 1744 2683 1823 gelos
2714 1763 2852 1806 esse
2883 1754 3197 1809 creatores
3230 1748 3695 1831 cujuscumque
3726 1748 4013 1811 substan·

901 1845 1429 1927 cataplasmarent
1487 1864 1678 1927 super
1735 1843 1917 1907 ulcus
1976 1845 2280 1917 Ezechiae,
2334 1851 2397 1906 et
2435 1846 2481 1908 B
2511 1843 2635 1913 tite,
2681 1844 2745 1905 hi
2796 1862 3017 1906 omnes
3068 1855 3217 1907 sunt
3263 1847 3458 1928 patris
3508 1849 3607 1910 sui
3656 1848 3891 1909 diaboli
3934 1846 4012 1909 fi-

897 1952 1242 2006 sanaretur.
1298 1944 1412 2006 Ubi
1465 1963 1579 2026 per
1637 1944 1818 2006 ulcus
1869 1944 2285 2026 Symmachus
2334 1951 2394 2004 et

895 2042 1126 2124 Aquila
1153 2061 1224 2104 ac
1256 2042 1642 2106 Theodotion
1677 2043 2123 2104 intellexerunt
2154 2041 2399 2123 regium

900 2140 1216 2214 morbum,
1257 2141 1367 2203 alii
1410 2149 1735 2222 apostema
1772 2160 1786 2204 ε
1821 2159 2095 2222 quorum
2143 2141 2397 2222 utrique

897 2239 1318 2301 contrariatur
1341 2231 1699 2321 ‘applicatio
1740 2239 2048 2310 dulcium,
2083 2247 2146 2300 et
2186 2246 2397 2300 tamen

899 2355 1011 2418 per
1049 2355 1126 2398 ea
1163 2344 1420 2399 sanatus
1461 2345 1558 2399 est
1599 2337 1895 2399 Ezechias
1939 2337 2156 2399 divina
2199 2337 2397 2398 virtu-

899 2443 978 2497 te.
1015 2436 1351 2517 Propterea
1390 2437 1558 2499 circa
1599 2436 1717 2498 hoc
1758 2434 2048 2497 scribunt
2084 2437 2399 2518 exposito-

899 2551 998 2596 res
1047 2542 1110 2596 et
1157 2542 1414 2596 sanctus
1469 2541 1731 2596 testatur
1779 2534 2201 2617 Hieronymus
2255 2551 2268 2595 :
2322 2534 2398 2596 Ut

899 2633 1143 2694 curatio
1190 2633 1474 2696 Ezechiae
1521 2633 1961 2694 ostenderetur
2021 2631 2399 2695 miraculosa

898 2749 972 2792 ac
1019 2730 1255 2805 divina,
1291 2750 1405 2813 per
1448 2749 1546 2792 res
1591 2731 1810 2793 noxias
1852 2738 1914 2792 et
1955 2730 2251 2793 adversas
2294 2749 2398 2792 ex-

901 2829 1060 2890 stitit
1105 2829 1348 2892 collata.
1388 2829 1696 2891 Similiter
1742 2828 1971 2910 legitur
2018 2836 2241 2909 quarto
2290 2828 2400 2890 Re-

899 2948 1074 3012 gum,
1109 2928 1277 3010 quod
1322 2928 1567 2990 Eliseus
1621 2927 1930 3009 propheta
1979 2927 2152 2988 misit
2197 2928 2287 2988 sal
2332 2928 2399 2989 in

2512 1941 2599 2003 lii.
2654 1943 2889 2004 Eodem
2951 1943 3135 2018 libro,
3188 1945 3467 2026 capitulo
3526 1946 4010 2028 quadragesimo

2510 2042 2811 2114 secunde,
2873 2042 3141 2104 Thomas
3209 2043 3399 2104 infert
3460 2062 3474 2105 :
3538 2044 3628 2106 Ex
3688 2044 4009 2126 praedictis

2509 2139 2871 2201 excluditur
2898 2139 3119 2221 opinio
3146 2141 3507 2216 Avicennae,
3535 2143 3808 2205 dicentis
3837 2143 4009 2224 quod

2511 2238 2673 2299 Deus
2707 2237 3119 2319 intelligendo
3150 2258 3239 2312 se,
3274 2241 3569 2322 produxit
3605 2260 3795 2318 unam
3828 2241 4011 2302 intel-

2510 2335 2835 2416 ligentiam
2887 2337 3183 2417 primam,
3230 2338 3295 2400 in
3340 2357 3465 2420 qua
3506 2347 3656 2401 sunt
3700 2347 3877 2411 aetus
3919 2348 4010 2401 at-

2508 2452 2631 2515 que
2666 2435 2987 2515 potentia:
3021 2455 3162 2517 quae
3193 2437 3543 2498 secundum
3577 2437 3745 2519 quod
3776 2437 4011 2499 intelli-

2507 2532 2599 2612 git
2635 2533 2858 2608 Deum,
2893 2534 3188 2615 producit
3220 2543 3283 2596 et
3318 2544 3487 2597 creat
3520 2535 4005 2617 intelligentiam

2510 2631 2892 2710 secundam3
2937 2631 2999 2694 in
3042 2640 3354 2714 quantum
3399 2651 3549 2696 vero
3598 2633 3895 2714 intelligit
3938 2652 4007 2695 se

2510 2730 2862 2791 secundum
2906 2731 3073 2812 quod
3113 2739 3209 2794 est
3242 2732 3305 2793 in
3346 2741 3513 2806 actu,
3548 2733 3841 2813 producit
3876 2733 4010 2794 ani-

2513 2846 2680 2889 mam
2723 2828 2914 2910 primi
2946 2830 3157 2908 orbis;
3202 2829 3265 2891 in
3306 2838 3615 2912 quantum
3646 2849 3797 2894 vero
3828 2831 4009 2894 intel-

2512 2926 2651 3007 ligit
2698 2946 2766 2989 se
2813 2929 3165 2990 secundum
3215 2930 3385 3010 quod
3433 2938 3529 2991 est
3580 2930 3643 2991 in
3701 2931 4005 3012 potentia,

899 3047 1094 3110 aquas
1130 3026 1590 3089 Jerichontinas
1629 3044 1894 3099 amaraS,
1927 3025 2121 3087 salsas
2163 3044 2239 3087 ac
2278 3035 2401 3088 ste-
2434 3031 2477 3093 C
2512 3025 2803 3106 producit
2833 3025 3023 3107 primi
3056 3025 3227 3088 orbis
3260 3028 3608 3090 materiam.
3636 3028 4011 3090 Excluditur

899 3127 1070 3200 rileS,
1101 3133 1168 3187 ut
1197 3125 1276 3187 ab
1304 3124 1728 3187 amaritudine
1763 3125 1869 3185 illa
1898 3131 2311 3187 eruerentur:
2336 3131 2399 3185 et

899 3225 1139 3288 sactum
1179 3232 1275 3286 est
1307 3223 1412 3296 ita,
1447 3242 1646 3305 quum
1683 3229 1892 3284 tamen
1934 3222 2209 3301 adjectio
2249 3223 2398 3284 salis

899 3344 976 3386 ex
1037 3342 1152 3385 sua
1213 3330 1436 3384 natura
1499 3320 1991 3382 amaritudinem
2056 3320 2230 3382 illam
2290 3339 2397 3382 au-

895 3423 1110 3484 xisset.
1148 3419 1571 3484 Conformiter
1612 3419 1852 3500 Regum
1899 3427 2123 3500 quarto
2170 3419 2401 3500 legitur

604 3540 865 3590 manu.
897 3520 1174 3583 Naaman
1215 3519 1408 3602 Syrus
1443 3537 1480 3578 a
1520 3517 1694 3597 lepra
1733 3517 1798 3578 in
1827 3517 2096 3579 Jordane
2136 3517 2400 3579 munda-

899 3629 999 3682 tus
1044 3639 1058 3682 ε
1100 3619 1180 3680 ad
1223 3635 1416 3700 quam
1468 3618 1658 3698 leprae
1701 3617 2223 3698 expurgationem
2270 3634 2395 3678 non

898 3719 1197 3781 videntur
1236 3736 1416 3799 aquae
1467 3715 1590 3778 illae
1633 3735 1710 3778 ex
1761 3735 1873 3777 sua
1917 3715 2152 3778 virtute
2201 3715 2395 3777 ullam

898 3816 1194 3878 habuisse
1223 3814 1688 3897 dispositoriam
1719 3814 2398 3895 cooperationemllur-

896 3934 1004 3976 sus
1051 3913 1352 3976 recitatur
1395 3912 1656 3985 ibidem,
1698 3911 1868 3993 quod
1915 3911 2250 3974 manubrio
2293 3931 2397 3973 cu-

602 4031 867 4084 1oia.v·,5‚s.
892 4013 1147 4094 jusdam
1179 4010 1533 4084 submerso,
1570 4010 1743 4071 misit
1773 4010 2018 4071 Eliseus
2053 4009 2296 4090 lignum
2331 4009 2395 4071 in

896 4130 1149 4193 aquam,
1183 4108 1588 4190 enatavitque
1620 4107 1860 4169 ferrum
1896 4126 1909 4170 :
1944 4108 2021 4169 ad
2063 4127 2257 4189 quem
2297 4127 2396 4169 su-

2509 3142 2764 3205 quoque
2806 3143 2922 3205 per
2962 3124 3097 3186 haec
3142 3143 3317 3187 error
3356 3127 3764 3208 antiquorum
3812 3127 4007 3189 haere·

2509 3221 2779 3284 ticorum
2830 3222 2939 3303 qui
2988 3223 3286 3285 dixerunt
3333 3224 3533 3286 Deum
3582 3243 3710 3287 non
3760 3243 4008 3288 creasse

2511 3321 2679 3381 hunc
2712 3321 3046 3393 mundum,
3081 3322 3189 3384 sed
3220 3323 3476 3403 angelos
3510 3340 3524 3386 :
3560 3323 3745 3403 cujus
3774 3325 4009 3386 erroris

2509 3417 3092 3500 primus'inventor
3131 3420 3334 3482 fertur
3373 3421 3571 3484 fuisse
3612 3422 3829 3484 Simon
3876 3442 4007 3484 ma·

2508 3536 2645 3598 guS.
2680 3517 2823 3580 Haec
2856 3517 2967 3578 ibi.
2993 3554 3072 3563 —
3102 3517 3191 3579 Ex
3230 3519 3466 3600 quibus
3508 3529 3752 3582 constat
3781 3539 4006 3583 verum

2510 3633 2648 3676 esse
2696 3615 2865 3696 quod
2916 3616 3069 3690 dixi,
3112 3617 3501 3678 Avicennam
3544 3625 3609 3679 et
3650 3619 4007 3699 Algazelem

2509 3714 2854 3775 asseruisse
2914 3715 3245 3776 materiam
3306 3716 3733 3797 corporalium
3792 3735 4007 3778 rerum

2507 3812 2587 3873 ab
2621 3811 3055 3893 intelligentiis
3084 3831 3221 3875 esse
3254 3822 3528 3876 creatam
3563 3834 3577 3879 ε
3612 3815 3781 3897 quod
3812 3816 4007 3877 etiam

2508 3929 2584 3971 ex
2630 3909 3045 3991 sequentibus
3088 3911 3410 3973 elucescit.

2588 4008 2901 4070 Consonat
2928 4009 3030 4070 his
3060 4009 3555 4092 Richardus,qui
3589 4011 3666 4072 de
3696 4011 3814 4073 hac
3844 4030 4011 4093 quae-

2506 4106 2709 4168 stione
2766 4107 2917 4168 satis
2976 4106 3175 4168 solide
3234 4108 3459 4170 scribit
3507 4125 3521 4170 :
3572 4109 3837 4181 Quidam
3884 4110 4010 4189 (in-

898 4208 1366 4292 pernaturalem
1417 4207 1722 4269 effectum
1785 4223 1910 4268 non
1959 4205 2276 4287 disposuit
2327 4206 2395 4267 li·
2425 4210 2474 4270 D
2505 4204 2760 4285 quiens)
2798 4205 2876 4266 de
2918 4223 3191 4287 quorum
3237 4206 3537 4287 opinione
3580 4207 3822 4268 exstitit
3862 4207 4009 4270 Avi-

894 4326 1092 4388 gnum
1138 4306 1295 4367 illud
1343 4324 1420 4366 ex
1465 4323 1578 4366 sua
1621 4304 1874 4365 virtute.
1920 4303 2134 4365 Nihilo
2183 4303 2393 4365 minus

895 4406 976 4468 ob
1008 4404 1416 4467 rationabile-s
1457 4421 1678 4465 causas
1720 4402 1884 4463 Deus
1922 4401 2114 4482 jussit
2155 4401 2263 4463 illa
2306 4402 2395 4463 in-

893 4503 1395 4566 strumentaliter
1441 4500 1733 4563 adhiberi
1781 4500 1857 4561 ad
1912 4500 2391 4582 producendum

895 4602 1036 4664 illos
1083 4601 1374 4663 effectus
1421 4599 1592 4662 Istud
1642 4617 1757 4680 pro
1807 4598 2183 4660 scholastica
2222 4617 2396 4660 exer-

894 4699 1194 4762 citatione
1237 4699 1330 4760 sie
1374 4706 1581 4778 tango.

972 4798 1258 4879 insuper,
1305 4797 1369 4858 in
1416 4796 1677 4858 Summa
1722 4802 1941 4856 contra
1987 4793 2277 4874 gentileS‚
2323 4793 2393 4856 li-

894 4896 1008 4959 bro
1037 4896 1339 4969 secundo,
1369 4893 1650 4975 capitulo
1679 4892 1986 4955 vicesimo
2017 4892 2246 4974 primo,
2282 4911 2396 4973 per

893 4994 1068 5056 varia
1099 4993 1308 5055 media
1338 4993 1608 5054 Thomas
1640 4990 1886 5072 probat,
1916 4990 2086 5071 quod
2117 4990 2235 5052 soli
2269 4991 2397 5052 Deo

892 5093 1130 5155 creatio
1161 5097 1500 5173 competat,
1537 5109 1654 5152 nec
1685 5089 1828 5151 aliis
1859 5089 2064 5150 valeat
2095 5089 2396 5151 conveni-

893 5211 979 5254 re.
1029 5191 1103 5252 Et
1153 5189 1534 5272 praecedenti
1585 5187 1824 5249 ibidem
1876 5186 2179 5268 capitulo,
2225 5188 2393 5269 quod

893 5290 1144 5352 nullum
1179 5305 1410 5370 corpus
1452 5285 1652 5368 possit
1683 5303 1916 5348 creare.
1950 5283 2125 5347 Unde
2159 5285 2223 5346 in
2261 5285 2393 5348 fine

2504 4321 2726 4375 cenna,
2760 4303 3058 4365 dixerunt
3098 4305 3264 4385 quod
3297 4323 3333 4365 a
3365 4306 3490 4367 Deo
3525 4323 3652 4367 non
3696 4307 4011 4386 processit

2507 4401 2871 4464 immediate
2912 4400 3035 4462 nisi
3079 4421 3205 4463 una
3240 4411 3547 4478 creatura,
3584 4404 3881 4467 videlicet
3912 4405 4005 4466 in-

2505 4499 2855 4581 telligentia
2899 4499 3152 4581 prima:
3189 4501 3251 4562 in
3297 4519 3443 4582 qua,
3490 4510 3557 4564 ut
3602 4521 3769 4565 nono
3818 4503 4005 4565 Meta-

2506 4597 2785 4679 physicae
2834 4617 2963 4659 suae
3019 4597 3301 4678 loquitur
3346 4597 3688 4678 Avicenna,
3738 4618 3815 4662 eo
3866 4601 4006 4682 ipso

2504 4713 2633 4776 quo
2671 4695 2859 4757 fluxit
2889 4695 2971 4757 ab
3008 4696 3153 4770 alic,
3186 4703 3281 4757 est
3314 4696 3702 4777 possibilitas
3742 4717 3853 4760 seu
3896 4716 4008 4780 po·

2508 4794 2848 4855 tentialitas
2896 4794 3129 4875 aliqua.
3173 4794 3490 4857 Intellexit
3534 4794 3728 4877 igitur
3778 4796 4010 4860 intelli·

2504 4893 2719 4973 gentia
2749 4893 2857 4954 illa
2888 4892 3030 4966 tria,
3059 4893 3379 4966 videlieet,
3414 4913 3666 4956 causam
3703 4895 4004 4976 primam,

2508 4991 2831 5073 propriam
2860 4992 3313 5066 actualitatem,
3337 5000 3398 5054 et
3430 4994 3754 5075 propriam
3788 5002 4007 5076 poten·

2507 5090 2858 5152 tialitatem.
2902 5090 2971 5152 In
3011 5099 3321 5172 quantum
3374 5092 3684 5154 intellexit
3728 5094 4004 5175 primam

2506 5207 2785 5263 causam,
2836 5189 3142 5270 processit
3192 5189 3273 5251 ab
3320 5208 3393 5250 ea
3442 5189 3863 5272 intelligentia
3912 5211 4007 5255 se-

2507 5285 2731 5348 cunda.
2768 5287 2836 5347 In
2872 5294 3179 5368 quantum
3216 5287 3525 5349 intellexit
3566 5307 3747 5350 suam
3788 5298 4004 5354 actua-
