4334 6242
124 4703 181 4756 Cf.
197 4709 227 4749 t..
238 4703 338 4758 xlx,

106 4779 139 4818 p.
146 4769 243 4811 ⁴051)
251 4775 293 4812 et
300 4785 339 4814 ⁸.

108 5085 189 5132 dist.
196 5104 287 5147 unq.
300 5097 337 5135 t.

128 5190 215 5231 tom.
237 5190 337 5242 xlx,

108 5254 203 5301 222¹
210 5254 241 5296 A
248 5259 291 5298 et
300 5269 337 5298 a.

576 489 667 540 AN
708 491 984 542 ansatus
1026 491 1385 542 cocmrioxss
1427 493 1733 540 ΝΑτυιιΑιι
1775 491 1955 539 Νονιτ
1996 491 2256 539 mvant
2301 463 2640 542 assartum
2683 495 2745 542 m
2789 498 2860 543 sn
2903 497 3060 554 ιΡ5Α,
3101 497 3228 544 arc.
3342 476 3456 542 271

357 683 550 744 quam
594 664 917 744 theologia
956 672 1172 726 tractat
1214 665 1291 726 (16
1327 665 1476 733 Deo,
1509 663 1677 724 etad
1720 663 1859 742 ejus
1888 661 1935 724 Α
1969 669 2032 723 ct
2081 650 2363 744 propria,
2409 664 2558 745 quia
2607 684 2753 726 vere
2801 673 2863 727 et
2913 665 3116 728 solum
3168 666 3466 728 convenit

358 763 826 843 inspiciendam
871 764 1209 825 essentiam
1254 764 1600 824 ordinatur.

436 861 817 934 Dicendum,
840 862 1009 944 quod
1042 863 1103 923 in
1136 862 1420 924 scientiis
1452 859 1861 943 speculativis

354 977 612 1040 semper
659 979 739 1021 ex
785 960 1000 1042 aliquo
1046 959 1226 1043 prius
1274 967 1424 1023 noto
1471 960 1856 1041 proceditur,

356 1065 483 1119 tam
538 1058 605 1118 in
654 1057 1300 1120 demonstrationibus
1351 1059 1856 1131 conclusionum,

357 1175 551 1237 quam
596 1156 663 1216 in
704 1155 1183 1218 inventionibus
1226 1155 1709 1234 definitionum3
1741 1175 1858 1218 nec

356 1261 453 1316 est
500 1255 592 1314 ire
637 1254 704 1315 in
749 1253 1095 1316 infinitum.
1132 1255 1277 1317 Ideo
1319 1255 1527 1320 omnis
1579 1254 1861 1316 conside-

360 1352 520 1414 ratio
568 1353 984 1415 scientiarum
1032 1353 1566 1434 speculativarum
1618 1353 1862 1414 reduci-

358 1459 464 1513 tur
504 1451 571 1512 in
616 1451 829 1533 aliqua
874 1451 1080 1532 prima
1121 1451 1458 1533 principia,
1492 1471 1633 1533 quae
1672 1450 1858 1532 quili-

359 1549 466 1612 bet
499 1549 693 1611 homo
724 1567 849 1611 non
886 1568 1143 1611 necesse
1179 1549 1368 1611 habet
1398 1550 1723 1611 addiscere
1752 1556 1861 1610 aut

358 1648 670 1710 invenire.
725 1647 887 1709 Hinc
934 1648 1093 1709 nihil
1155 1654 1363 1729 potest
1409 1648 1557 1710 sciri
1606 1647 1673 1708 in
1721 1665 1859 1728 spe-

360 1745 660 1808 culativis
708 1746 1017 1818 scientiiS,
1059 1765 1177 1808 nec
1225 1765 1340 1827 per
1387 1746 1555 1808 viam
1604 1744 1860 1807 demon-

1971 760 2061 820 rci
2112 768 2434 842 conceptae
2481 781 2594 824 seu
2647 764 2934 843 cognitae,
2986 763 3078 825 sic
3137 763 3337 825 multa
3385 761 3462 822 de

1970 858 2098 920 Deo
2128 860 2570 938 cognoscimus
2602 862 2963 941 cognitione
2993 862 3312 934 distincta,
3345 860 3464 922 sal-

1970 963 2459 1038 tem0quan‘tum
2508 959 2584 1020 ad
2635 961 2794 1038 quia
2840 969 2955 1029 est,
2999 967 3068 1020 ut
3109 959 3278 1041 quod
3328 958 3467 1039 ipse

1971 1061 2067 1116 est
2098 1073 2296 1136 purus
2327 1063 2526 1131 actuS,
2551 1057 2754 1118 virtus
2786 1057 3209 1139 omnipotenS‚
3231 1056 3467 1120 veritas

1971 1152 2200 1233 prima,
2236 1153 2484 1215 bonitas
2523 1175 2793 1230 summa,
2827 1174 2964 1218 6556
2998 1153 3467 1218 incircumscri-

1971 1256 2176 1330 ptum,
2211 1250 2787 1332 simplicissimum,
2813 1254 3373 1334 separatissimum,
3401 1252 3464 1316 in

1972 1366 2038 1409 se
2071 1348 2442 1425 subsistenS,
2466 1358 2525 1412 et
2553 1352 2912 1413 consimilia
2943 1351 3153 1414 multa.
3172 1352 3466 1416 Attamen

1972 1447 2133 1508 nihil
2202 1448 2430 1511 horum
2499 1450 2940 1530 cognoscimus
3013 1458 3322 1531 quantum
3387 1450 3466 1512 ad

1974 1546 2138 1623 quid
2165 1555 2275 1606 est.
2300 1581 2381 1590 —
2400 1548 2725 1620 Praeterea,
2751 1548 2920 1628 quod
2944 1548 3212 1610 Thomas
3243 1548 3348 1610 hic
3379 1567 3470 1610 as-

1972 1643 2147 1718 serit,
2177 1645 2514 1725 praedicata
2545 1645 2803 1728 praefata
2832 1645 3310 1727 perfectionalia
3340 1648 3468 1709 Deo

1971 1749 2034 1802 et
2074 1743 2380 1804 creaturis
2421 1745 2762 1806 convenire
2801 1745 2980 1826 quasi
3017 1744 3354 1826 aequivoce,
3378 1745 3468 1807 vi-

358 1844 708 1918 strationiS,
741 1863 859 1907 nec
902 1863 1017 1926 per
1060 1845 1227 1906 viam
1277 1844 1695 1917 definitioniS,
1734 1843 1857 1905 nisi
1894 1841 1943 1902 Β
1972 1841 2151 1901 detur
2177 1859 2517 1923 parumper
2541 1843 2878 1904 dissentire
2907 1842 2987 1904 ab
3017 1861 3092 1904 eo
3118 1843 3282 1924 quod
3313 1843 3468 1904 alibi

358 1960 435 2002 ea
481 1943 563 2002 ad
608 1961 751 2023 quae
800 1943 1101 2024 praedicta
1159 1943 1475 2024 principia
1528 1961 1596 2004 se
1644 1950 1858 2004 exten-

358 2039 540 2100 dunt.
585 2040 961 2120 Hujusmodi
1003 2058 1157 2103 vero
1200 2040 1444 2102 homini
1490 2040 1860 2101 naturaliter

358 2138 639 2218 cognita,
674 2145 1106 2200 monstrantur
1136 2139 1194 2200 ei
1225 2139 1466 2200 lumine
1500 2138 1859 2201 intellectus

359 2236 629 2316 agentiS,
680 2236 849 2316 quod
899 2243 995 2297 est
1041 2236 1287 2299 homini
1337 2236 1621 2297 naturale
1668 2256 1682 2298 ε
1734 2254 1860 2317 quo

362 2333 607 2396 lumine
647 2333 809 2395 nihil
852 2333 1096 2396 homini
1144 2334 1583 2396 manifestatur
1626 2333 1748 2396 nisi
1794 2333 1859 2397 in

361 2440 673 2515 quantum
708 2451 822 2513 per
852 2419 1063 2513 ipsum
1100 2433 1539 2512 phantasmata
1567 2431 1735 2495 fiunt
1768 2433 1859 2494 in-

359 2530 725 2610 telligibilia
786 2538 950 2591 actu.
1013 2531 1451 2593 Phantasmata
1511 2549 1765 2612 quoque
1822 2549 1859 2592 a

359 2627 658 2689 sensibus
714 2627 1118 2708 accipiuntur
1179 2647 1193 2692 :
1254 2628 1405 2690 hinc
1466 2629 1856 2710 principium

362 2725 745 2805 cognitionis
788 2725 1234 2806 praedictorum
1278 2724 1741 2807 principiorum
1781 2743 1858 2786 ex

360 2822 658 2884 sensibus
690 2829 785 2906 est
816 2829 1005 2904 atque
1048 2824 1371 2884 memoria.
1408 2823 1649 2885 Idcirco
1688 2823 1861 2904 prin-

362 2920 533 3001 cipia
574 2919 681 2982 illa
720 2937 849 2982 non
888 2921 1130 2982 ducunt
1168 2938 1283 2982 nos
1322 2920 1447 2982 nisi
1487 2921 1563 2983 ad
1600 2940 1673 2982 ea
1707 2939 1862 3002 quo-

1970 1939 2060 2000 ait
2104 1939 2448 2013 multoties,
2496 1940 2644 2002 talia
2686 1959 2893 2022 neque
2943 1941 3215 2002 univoce
3258 1960 3466 2024 neque

1970 2037 2312 2117 aequivoce,
2332 2039 2440 2100 sed
2470 2038 2811 2120 analogice,
2831 2039 3149 2118 enuntiari
3181 2041 3260 2101 de
3291 2039 3462 2121 ipsis

2049 2137 2129 2197 At
2157 2153 2308 2198 vero
2349 2145 2567 2198 contra
2607 2137 2774 2198 dicta
2803 2136 2970 2199 Scoti
3013 2144 3216 2218 potest
3249 2137 3342 2198 sic
3375 2157 3469 2198 ar-

1968 2233 2076 2313 gui
2122 2251 2136 2294 :
2181 2234 2251 2295 In
2291 2235 2418 2297 Deo
2461 2253 2539 2296 ex
2581 2241 2805 2296 natura
2853 2234 2943 2296 rei
2993 2235 3248 2317 penitus
3296 2234 3467 2296 idem

1970 2339 2118 2392 sunt
2156 2349 2296 2393 6556
2336 2338 2395 2393 et
2435 2331 2730 2405 essentia,
2765 2339 2836 2394 ut
2869 2332 3147 2395 universi
3188 2332 3464 2412 theologi

1969 2436 2157 2510 atque
2190 2429 2553 2511 philosophi
2586 2428 2747 2492 bene
2776 2429 3022 2492 fundati
3055 2429 3352 2493 fatentur.
3371 2430 3466 2492 Ad

1972 2528 2139 2610 quod
2185 2527 2662 2602 insinuandum,
2694 2527 2895 2590 Rabbi
2939 2529 3178 2610 Moyses
3221 2536 3283 2591 et
3322 2528 3468 2590 Avi-

1973 2645 2174 2688 cenna
2203 2626 2501 2689 dixerunt
2531 2645 2785 2688 causam
2819 2628 3089 2709 primam
3122 2627 3466 2689 consistere

1972 2722 2290 2803 quoddam
2351 2723 2857 2804 actualissimum
2916 2741 2988 2784 ac
3046 2723 3465 2804 purissimum

1970 2837 2108 2880 esse
2132 2821 2266 2881 sive
2291 2819 2648 2881 essentiam.
2667 2819 2794 2882 Nec
2823 2820 3034 2881 minus
3061 2819 3380 2882 illimitata
3405 2827 3468 2882 ct

1973 2915 2325 2978 illuminata
2367 2925 2430 2979 et
2469 2917 3127 3000 incomprehensibilis
3170 2925 3267 2979 est
3310 2918 3468 2980 divi-

363 3037 505 3079 rum
557 3017 985 3097 cognitionem
1028 3017 1358 3099 acquirere
1402 3036 1740 3098 possumus
1785 3037 1863 3078 ex
1897 3019 1941 3082 C
1972 3032 2051 3074 na
2085 3014 2380 3089 essentia,
2405 3033 2598 3096 quam
2629 3033 2767 3076 esse
2798 3014 3108 3077 divinum.
3145 3015 3307 3095 Ergo
3337 3033 3464 3078 non

364 3116 463 3178 bis
494 3135 637 3198 quae
667 3133 860 3178 sensu
889 3116 1491 3197 apprehenduntur:
1527 3116 1693 3177 inter
1721 3135 1861 3198 quae

363 3231 489 3275 non
535 3213 947 3275 continentur
984 3212 1353 3274 substantiae
1390 3221 1711 3293 separata».
1742 3214 1862 3275 Un-

364 3311 439 3372 de
470 3329 587 3392 per
615 3311 861 3371 nullam
896 3309 1227 3372 scientiam
1266 3311 1721 3392 speculativam
1756 3328 1861 3392 po-

364 3416 483 3470 test
526 3408 635 3470 hic
674 3406 823 3469 sciri
862 3426 899 3468 a
937 3407 1121 3470 nobis
1165 3407 1243 3469 de
1286 3407 1639 3470 substantia
1687 3427 1861 3490 sepa-

364 3515 495 3569 rata
532 3506 690 3588 quid
732 3506 835 3580 sit,
871 3513 940 3567 ut
978 3505 1165 3567 tertio
1204 3506 1282 3566 de
1312 3506 1540 3568 Anima
1579 3506 1862 3588 loquitur

362 3606 850 3677 commentator,
863 3603 1155 3685 quamvis
1185 3603 1441 3684 quidam
1474 3604 1860 3667 contrarium

360 3703 615 3776 dixerit,
664 3701 815 3784 quia
864 3701 1113 3783 putavit
1159 3700 1543 3782 quidditates
1594 3701 1860 3764 sensibi-

362 3801 520 3864 lium
588 3798 990 3862 sul'l'icienter
1058 3798 1416 3879 exprimere
1477 3800 1861 3881 quidditates

360 3897 925 3961 immaterialium:
959 3897 1129 3980 quod
1162 3904 1231 3958 ut
1262 3897 1499 3960 ibidem
1533 3897 1863 3962 Commen-

358 4005 523 4060 tator
559 4003 845 4070 testatur,
879 4004 973 4058 est
1006 3994 1263 4068 salsum,
1299 4014 1499 4077 quum
1540 3996 1861 4077 quidditas

359 4096 435 4158 de
466 4095 760 4176 utrisque
789 4094 1036 4156 dicatur
1065 4094 1246 4175 quasi
1278 4093 1861 4175 aequivoce.—Haec

1974 3111 2184 3192 potius
2209 3119 2416 3192 potest
2440 3112 2659 3174 haberi
2685 3113 2986 3175 distincta
3017 3113 3242 3176 notitia
3266 3114 3343 3176 de
3377 3133 3467 3175 es-

1972 3209 2176 3270 sentia
2213 3209 2321 3271 Dei
2355 3229 2544 3291 quam
2576 3210 2654 3272 de
2684 3228 2822 3272 6556
2856 3210 3079 3292 ipsiu5‚
3113 3211 3464 3292 praesertim

1974 3326 2172 3387 quum
2208 3314 2272 3370 et
2302 3315 2647 3389 utrumque
2681 3308 2764 3370 sit
2791 3307 3128 3371 omnifarie
3162 3327 3342 3390 aeque
3376 3309 3467 3371 in-

1972 3405 2296 3467 variabile.
2323 3440 2398 3451 —
2429 3406 2688 3479 Rursus,
2713 3424 2913 3487 quum
2945 3407 3023 3467 de
3055 3405 3296 3469 ratione
3327 3425 3467 3489 pro-

1972 3503 2110 3583 pria
2145 3503 2397 3565 formali
2434 3503 2776 3565 intrinseca
2809 3503 2921 3565 Dei
2957 3522 3068 3565 seu
3105 3503 3337 3567 divinae
3373 3524 3468 3567 es-

1970 3600 2190 3662 sentiae
2233 3600 2336 3672 sit,
2370 3619 2508 3662 esse
2553 3599 3093 3683 perfectionaliter
3133 3600 3463 3666 infinitum

1970 3715 2333 3780 purumque
2381 3707 2617 3772 actum,
2654 3706 2717 3760 et
2766 3718 2878 3761 ens
2926 3699 3214 3762 absolute
3264 3700 3468 3781 perfe-

1972 3803 2179 3874 ctum3
2207 3805 2515 3877 repugnat
2541 3805 2604 3858 et
2626 3796 2914 3878 implicat
2933 3799 3133 3860 Deum
3165 3817 3278 3861 seu
3308 3799 3466 3863 divi-

1970 3914 2117 3956 nam
2149 3894 2488 3956 essentiam
2523 3895 2921 3956 considerare
2959 3914 3105 3958 cum
3139 3896 3465 3959 abstracti-

1970 4010 2090 4054 one
2113 3991 2194 4054 ab
2219 3992 2587 4054 exsistentia
2611 3992 2858 4054 actuali.
2878 3993 3051 4055 Unde
3076 4000 3139 4055 et
3165 3993 3228 4056 in
3254 3995 3464 4076 primo

1970 4108 2047 4152 ex
2066 4089 2383 4162 Anselm0,
2398 4089 3036 4164 Alexandro,Alberto
3066 4100 3128 4154 et
3147 4091 3460 4155 Bonaven-
3489 4115 3752 4176 ffi2t„,.‚q.2‚

359 4193 652 4256 Thomas.
712 4192 861 4265 Quae
917 4191 1269 4254 secundum
1330 4192 1469 4272 ejus
1528 4193 1861 4274 opiniones
1890 4190 1941 4254 D
1972 4197 2107 4251 tura
2137 4195 2538 4250 monstratum
2569 4189 2871 4271 est,quod
2903 4190 3067 4252 Deus
3097 4208 3222 4253 non
3254 4198 3462 4273 potest

362 4292 718 4374 procedunt
764 4289 999 4370 quibus
1056 4290 1147 4351 ait
1196 4306 1450 4353 omnem
1506 4290 1861 4372 intelligen-

362 4397 491 4453 tem
528 4389 596 4450 in
626 4389 757 4450 vita
786 4389 902 4450 bac
934 4395 1223 4470 oportere
1256 4389 1694 4471 phantasmata
1723 4409 1862 4472 spe-

364 4487 589 4562 culari,
623 4486 810 4567 cujus
844 4486 1209 4568 oppositum
1248 4485 1412 4548 infra
1452 4486 1860 4567 probabitur;

364 4595 425 4650 et
455 4587 671 4668 ipsum
702 4604 841 4648 esse
870 4585 950 4646 ab
978 4586 1253 4647 essentia
1290 4584 1550 4647 differre
1586 4585 1859 4660 realiter,

365 4686 535 4767 quod
580 4683 1011 4766 improbatum
1055 4690 1151 4746 est
1192 4703 1403 4765 supra.

442 4784 681 4845 Verum
714 4782 791 4843 de
826 4781 965 4854 isto,
998 4801 1079 4843 an
1112 4781 1176 4843 in
1208 4781 1325 4844 hac
1356 4782 1488 4844 vita
1516 4780 1863 4846 habeamus

366 4887 749 4963 conceptum
789 4879 1162 4940 distinctum
1203 4880 1279 4940 de
1324 4879 1451 4940 Deo
1496 4899 1608 4941 seu
1654 4880 1731 4942 de
1774 4881 1864 4943 di-

364 4981 513 5042 vina
557 4978 855 5052 essentia,
888 4985 997 5039 aut
1040 4977 1245 5040 solum
1296 4977 1623 5040 confusam
1670 4987 1733 5040 et
1772 4979 1864 5040 in-

363 5078 733 5140 distinctam
792 5075 1105 5149 notitiam,
1155 5074 1398 5136 dictum
1455 5083 1551 5137 est
1609 5075 1860 5156 plenius

364 5195 557 5258 super
587 5175 911 5257 primum3
942 5183 1131 5256 atque
1164 5181 1233 5235 ut
1262 5173 1352 5234 ibi
1383 5181 1709 5236 ostensum
1740 5181 1855 5248 est,

364 5274 416 5336 si
455 5281 808 5356 conceptus
844 5291 955 5335 seu
992 5272 1217 5335 notitia
1258 5280 1519 5335 vocetur
1559 5272 1860 5335 distincta

1972 4287 2233 4368 cogitari
2282 4304 2411 4349 non
2459 4304 2616 4349 esse.
2669 4287 2984 4369 AmpliuS,
3024 4307 3224 4369 quum
3273 4306 3462 4353 omne

1972 4404 2350 4466 cognoscere
2392 4385 2472 4447 sit
2517 4388 2833 4466 quoddam
2880 4387 3134 4462 intueri,
3178 4396 3239 4449 et
3283 4389 3466 4451 intel-

1973 4483 2167 4564 ligere
2218 4484 2301 4546 sit
2350 4483 2680 4565 spirituale
2730 4485 2963 4558 videre,
3007 4493 3252 4548 constat
3297 4488 3467 4568 quod

1971 4583 2181 4645 omnis
2212 4583 2489 4662 cognitio
2519 4583 2602 4644 sit
2635 4582 2911 4656 intuitio,
2929 4591 2992 4645 et
3023 4583 3319 4646 intuitiva
3347 4584 3468 4646 rite

1972 4679 2220 4741 dicatur
2247 4699 2261 4742 :
2295 4679 2534 4742 idcirco
2563 4679 2889 4743 distinctio
2921 4681 3028 4742 illa
3059 4681 3136 4742 de
3167 4681 3470 4761 cognitio·

1972 4797 2051 4839 ne
2092 4776 2390 4839 intuitiva
2431 4785 2492 4838 et
2526 4778 2927 4853 abstractiva,
2963 4778 3195 4841 modici
3235 4779 3469 4860 ponde-

1970 4873 2056 4937 ris
2095 4893 2234 4937 esse
2275 4884 2587 4937 censetur.
2622 4875 2852 4937 Tamen
2891 4876 2968 4938 de
3010 4895 3128 4938 usu
3165 4876 3464 4939 termino-

1970 4992 2112 5034 rum
2153 4990 2280 5035 non
2319 4981 2413 5034 est
2453 4971 2779 5055 superflue
2820 4972 3349 5035 contendendum.

2046 5175 2237 5237 Porro
2283 5171 2592 5236 chricus
2639 5171 3012 5246 Quodlibeto
3070 5169 3460 5254 quintodeci-

1968 5289 2073 5335 mo
2118 5271 2497 5348 sciscitatur,
2527 5271 2624 5332 An
2665 5277 2844 5332 actus
2893 5270 3287 5352 intelligendi
3332 5288 3460 5354 quo
3513 5299 3727 5355 qma),
