4334 6242
893 448 1016 515 352

1569 467 1632 515 IN
1674 468 1895 515 LIBRUM
1938 468 1982 514 11
2025 464 2507 515 SENTENTMRUM.
2552 486 2633 496 -
2674 468 2827 515 ms'r.
2864 469 2966 533 vl;
3009 470 3231 525 QUAEST.
3278 470 3346 518 111

897 658 1045 700 nam
1089 639 1454 701 daemonum
1499 638 1860 721 aliqualiter
1899 638 2102 701 minui
2153 657 2231 699 ex
2280 638 2399 700 hoc
2430 638 2479 701 A
2510 656 2697 720 poena
2729 638 2893 719 ignis
2926 658 3127 722 usque
3160 648 3301 721 post
3326 640 3555 721 judicii
3586 641 3753 702 diem
3787 639 4001 701 differ-

897 737 1066 819 quod
1118 738 1402 799 nondum
1447 746 1595 799 sunt
1635 737 1968 799 actualiter
2014 738 2076 799 in
2124 736 2395 811 infernO,

893 842 1156 917 apparet
1208 854 1284 897 ex
1330 837 1471 911 hoc,
1507 838 1674 917 quod
1719 837 1784 897 in
1829 836 2118 917 Legenda
2159 836 2219 897 S.
2256 836 2397 897 Bar—

893 932 1213 996 tholomaei
1244 933 1512 1016 apostoli
1545 943 1833 997 narratur
1863 934 2397 1017 quemadmodum

892 1032 1156 1113 angelus
1187 1042 1444 1095 sanctus
1476 1033 1638 1095 dixit
1667 1032 2088 1096 diabolozl‘ro
2119 1051 2195 1095 eo
2227 1032 2395 1114 quod

891 1130 1176 1213 Apostoli
1220 1131 1574 1212 jussionem
1623 1132 1899 1213 implesti
1955 1131 2199 1193 idolum
2248 1150 2395 1193 con-

891 1228 1249 1309 fringendo,
1285 1232 1656 1294 conceditur
1683 1229 1802 1291 tibi
1834 1236 1904 1291 ut
1935 1230 2130 1291 intres
2164 1248 2237 1291 ac
2268 1248 2396 1291 ma-

891 1346 1042 1389 neas
1073 1329 1140 1390 in
1172 1328 1443 1405 deserto,
1478 1330 1589 1391 ubi
1630 1328 1790 1391 nulli
1830 1328 2164 1391 hominum
2200 1346 2393 1409 queas

891 1444 1138 1489 nocere.
1173 1428 1348 1491 Unde
1394 1428 1666 1501 videtur,
1698 1427 1868 1509 quod
1913 1428 2176 1509 cupiant
2218 1435 2394 1488 extra

890 1523 1214 1588 infernum
1263 1526 1630 1601 consistere,
1669 1544 1793 1589 non
1834 1526 2040 1589 solum
2081 1534 2151 1586 ut
2191 1525 2393 1587 horni-

888 1624 1079 1686 nibus
1113 1632 1402 1699 noceant,
1436 1626 1546 1687 sed
1579 1626 1729 1687 item
1763 1634 1834 1687 ut
1873 1644 1986 1707 per
2016 1624 2136 1687 hoc
2166 1642 2387 1687 eorum

889 1723 1204 1785 relevetur
1235 1731 1644 1786 tormentum.
1686 1724 1916 1786 Verum
1958 1723 2092 1785 haec
2123 1722 2391 1805 quaestio

887 1840 1080 1904 super
1122 1829 1420 1903 quartum
1463 1823 1675 1904 potius
1718 1822 1908 1884 habet
1949 1822 2181 1884 locum.

966 1919 1233 2002 Insuper
1262 1921 1702 1983 Bonaventura
1727 1937 1740 1981 :
1767 1920 1990 1993 LocuS,
2018 1919 2249 2001 inquit,
2275 1919 2392 1983 dae-

886 2036 1149 2080 monum
1197 2026 1339 2101 post
1383 2018 1657 2092 ruinam,
1692 2026 1788 2080 est
1829 2036 1936 2081 aer
1979 2016 2383 2097 caliginosus.

884 2117 1104 2179 Utrum
1151 2126 1365 2179 autem
1411 2117 1673 2199 quidam
1712 2134 1934 2179 eorum
1979 2116 2216 2178 detrusi
2261 2116 2387 2177 sint

885 2214 949 2275 in
1001 2214 1349 2289 infernum,
1385 2216 1628 2296 ignoro,
1660 2234 1778 2277 nec
1819 2235 1856 2277 a
1899 2215 2144 2277 Sanctis
2188 2215 2388 2276 deter-

883 2314 1196 2376 minatum
1229 2313 1518 2393 invenio;
1546 2314 1656 2376 sed
1688 2314 1897 2387 cred0,
1923 2313 2092 2395 quod
2124 2313 2385 2394 quidam

881 2429 958 2473 ex
990 2412 1083 2473 eis
1122 2412 1516 2473 descendunt
1555 2412 1634 2473 ad
1679 2411 2001 2473 infernum
2033 2412 2111 2473 ad
2141 2410 2385 2473 animas

880 2511 1285 2592 torquendaS,
1327 2511 1682 2573 secundum
1730 2511 1899 2592 quod
1952 2511 2116 2572 inter
2164 2529 2232 2571 se
2281 2510 2387 2571 ha-

881 2608 1035 2671 bent
1077 2609 1377 2690 deputata
1418 2610 1882 2672 maledictionis
1921 2608 2158 2671 officia.
2196 2610 2384 2671 Porro

881 2707 946 2769 in
1005 2726 1149 2770 aere
1207 2716 1356 2770 sunt
1403 2709 1481 2770 ad
1529 2708 1908 2770 exercitium
1962 2707 2309 2770 electorum
2364 2726 2378 2769 ε

882 2805 1032 2887 quia
1061 2813 1131 2867 ut
1159 2807 1384 2868 asserit
1413 2807 1826 2887 AugustinuS‚
1854 2825 2181 2888 nunquam
2219 2807 2381 2869 Deus

770 2944 774 2949 ·
879 2903 1136 2966 fecisset
1166 2923 1325 2987 quos
1357 2906 1556 2967 malos
1589 2906 1908 2987 praescivit
1947 2904 2219 2978 futuros,
2254 2904 2378 2966 nisi

2509 743 2629 796 tur.
2666 736 2813 808 Quae
2844 737 3069 800 harum
3102 738 3489 820 positionum
3522 738 3605 801 sit
3633 738 3859 811 verior,
3892 757 3999 799 ne-

2506 835 2658 897 scio.
2694 835 2850 897 Nam
2892 835 3111 898 Glossa
3148 856 3340 918 super
3374 838 3748 900 Canonicam
3786 836 3998 899 Jacobi
4026 856 4257 902 :amanti

2504 932 2799 1013 (scilicet,
2850 936 3017 1015 quod
3067 936 3232 997 sicut
3278 936 3567 1017 gehenna
3614 954 3865 1017 semper
3910 955 4002 997 ar-

2507 1031 2632 1105 det,
2676 1030 2769 1093 sic
2818 1032 3109 1095 diabolus
3159 1033 3552 1116 ubicumque
3600 1034 3705 1107 sit,
3748 1052 4003 1115 semper

2506 1129 2629 1192 fert
2669 1150 2888 1193 secum
2929 1141 3243 1195 tormenta
3286 1133 3744 1213 flammarum),
3781 1132 3833 1195 si
3872 1139 4003 1195 tota

2504 1228 2913 1309 adspiciatur,
2965 1249 3092 1294 non
3153 1231 3434 1313 loquitur
3482 1231 3559 1293 de
3614 1232 3835 1294 ardore
3894 1239 4001 1293 aut

2505 1325 2768 1389 flamma
2806 1327 2969 1409 ignis
3010 1329 3375 1402 materialiS,
3410 1330 3521 1392 sed
3552 1330 3853 1393 vitiorum
3894 1330 4003 1393 irae

2504 1433 2568 1486 et
2606 1424 2884 1500 invidiae,
2919 1427 3153 1508 quibus
3192 1435 3585 1510 torquentur.
3618 1428 3761 1491 Haec
3804 1428 4004 1491 Bona-

2506 1533 2790 1587 ventura.

2586 1623 2765 1686 Circa
2810 1644 2949 1707 quae
2994 1626 3246 1688 videtur
3286 1644 3413 1689 non
3464 1644 3603 1688 esse
3646 1627 3723 1689 ad
3773 1618 4004 1688 intelli-

2504 1724 2781 1804 gendum
2823 1743 2935 1785 seu
2977 1725 3363 1787 credendum
3401 1725 3694 1799 difficile,
3728 1724 4005 1806 qualiter

2426 1822 2474 1885 B
2506 1823 2825 1885 dae-mones
2865 1823 3003 1884 sine
3043 1823 3415 1904 corporibus
3456 1824 3579 1886 sibi
3618 1824 3828 1885 taliter
3862 1822 4005 1885 alli-

2501 1920 2663 2000 gatis
2712 1920 2999 1982 deferant
3046 1940 3265 1983 secum
3316 1921 3528 2002 ignem
3576 1920 4000 1994 materialem,

2501 2038 2700 2100 quum
2735 2020 2999 2082 materia
3028 2019 3394 2101 corporaliS,
3417 2027 3725 2101 quantum
3757 2020 3837 2081 ad
3870 2037 4006 2081 mo-

2500 2126 2638 2179 tum
2670 2118 2957 2193 localem,
2993 2118 3199 2181 subsit
3236 2118 3669 2200 spiritualium
3704 2118 3999 2201 potestati

2500 2215 3030 2296 substantiarum3
3062 2216 3579 2299 frequentissime
3608 2217 3799 2279 etiam
3832 2225 4003 2279 exte·

2498 2314 2774 2376 rioribus
2815 2316 3025 2377 visum
3066 2315 3150 2376 sit
3187 2315 3411 2390 oculiS,
3447 2312 3797 2397 corporalia
3828 2335 3999 2396 quae-

2498 2413 2642 2475 dam
2675 2414 2828 2475 hinc
2858 2414 3004 2476 inde
3036 2414 3290 2488 deferri,
3310 2414 3489 2477 nullo
3518 2415 3773 2477 vidente
3802 2434 3841 2477 a
3870 2432 4001 2496 quo

2496 2511 2965 2587 deferebantur,
3000 2521 3375 2594 certumque
3411 2512 3537 2574 fuit
3572 2532 3648 2575 ea
3685 2511 3921 2574 deferri
3962 2532 4000 2573 a

2496 2608 2725 2690 spiritu
2776 2612 3073 2693 quodam,
3125 2620 3315 2693 prout
3370 2611 3562 2673 etiam
3613 2610 3998 2673 Guillelmus

2494 2709 2773 2770 secunda
2803 2716 2979 2791 parte
3019 2710 3096 2771 de
3126 2708 3433 2771 Universo
3462 2708 3715 2790 plenius
3745 2708 3993 2770 scribit.

2492 2805 2635 2867 Vidi
2676 2807 2955 2887 puellam
2996 2826 3137 2887 quae
3177 2806 3593 2889 personaliter
3621 2806 3840 2868 retulit
3874 2808 3997 2869 mi—
4046 2828 4260 2883 epioni,

2495 2903 2581 2976 hi,
2617 2904 2890 2986 qualiter
2927 2905 3177 2968 diabolo
3221 2905 3477 2987 scripsit
3516 2924 3646 2967 suae
3686 2905 3996 2987 perditio·
4025 2904 4199 2945 ⁹·¹¹‘¹¹·

880 3002 1118 3083 pariter
1145 3003 1505 3083 agnovisset
1535 3004 1771 3085 quibus
1811 3004 2123 3066 bonorum
2156 3002 2380 3065 usibus
2418 3006 2461 3069 C
2494 3002 2594 3064 nis
2634 3003 3146 3094 chirographum.
3180 3004 3251 3066 In
3288 3003 3550 3067 brachio
3580 3021 3834 3086 quoque
3875 3022 3997 3067 suo

879 3118 986 3162 eos
1026 3102 1551 3164 accommodaret.
1589 3102 1762 3173 Unde
1802 3102 2019 3163 divina
2049 3101 2381 3183 dispositio

879 3198 999 3261 hoc
1048 3199 1265 3280 exigit,
1305 3208 1374 3262 ut
1424 3201 1615 3262 etiam
1665 3201 1742 3262 de
1786 3200 2381 3282 praevaricatoribus

877 3298 1119 3378 angelis
1180 3298 1537 3381 profectum
1600 3298 1950 3361 electorum
2008 3298 2239 3359 eliciat.
2300 3335 2381 3344 —

877 3395 1020 3457 Haec
1050 3396 1507 3459 Bonaventura.
1543 3397 1784 3470 Quibus
1815 3396 2006 3458 etiam
2041 3397 2258 3459 multae
2289 3397 2379 3460 vi-

877 3494 1088 3557 siones
1131 3504 1193 3557 et
1235 3496 1652 3559 revelationes
1697 3496 2100 3559 concordant.

957 3592 1260 3656 Praeterea
1302 3594 1530 3676 quaerit
1567 3593 1671 3656 hic
1715 3594 1965 3668 Doctor,
2003 3602 2219 3655 utrum
2261 3594 2380 3657 dae-

877 3709 1098 3754 mones
1130 3692 1476 3755 ceciderint
1507 3691 1572 3754 in
1607 3692 1916 3755 infernale
1959 3692 2375 3775 supplicium,

877 3790 943 3851 id
970 3798 1087 3864 est,
1107 3809 1185 3851 an
1219 3791 1584 3852 crucientur
1614 3790 2008 3873 ubicumque
2040 3792 2373 3853 exsistunt.

876 3889 953 3951 Et
1010 3890 1349 3971 respondet
1411 3907 1424 3952 :
1489 3890 1668 3953 Circa
1727 3889 1847 3952 hoc
1905 3898 2055 3952 sunt
2113 3890 2379 3953 diversae

874 3988 1223 4070 positiones
1266 3988 1615 4051 doctorum.
1651 3988 1808 4051 Nam
1839 3988 2100 4070 quidam
2132 3989 2374 4063 dicunt,

875 4088 1193 4150 daemones
1234 4087 1626 4169 ubicumque
1666 4096 1836 4161 sunt,
1872 4088 2087 4169 puniri
2133 4088 2376 4169 suppli-

2492 3100 2854 3163 cicatricem
2904 3101 3187 3163 vulneris
3246 3102 3407 3164 mihi
3464 3102 3869 3176 monstravit,
3914 3122 3995 3164 ex

2490 3217 2618 3280 quo
2660 3200 3033 3281 sanguinem
3084 3201 3273 3262 traxit
3323 3220 3448 3283 quo
3496 3201 3995 3282 chirographum

2490 3295 2648 3359 illud
2700 3297 3097 3379 conscripsit.
3131 3298 3331 3372 Quam
3375 3298 3665 3361 diabolus
3710 3298 3818 3360 ille
3862 3298 3994 3361 fre-

2489 3401 2759 3476 quenter
2786 3396 2863 3456 ad
2900 3395 3033 3457 loca
3072 3396 3220 3457 tulit
3249 3405 3511 3472 remota,
3544 3403 3607 3458 et
3646 3395 3861 3459 subito
3894 3416 3993 3459 re.-

2487 3493 2781 3575 portavit.
2816 3529 2895 3537 —
2923 3493 3223 3567 Quamvis
3262 3494 3453 3558 etiam
3494 3495 3811 3557 daemones
3849 3514 3995 3575 gra-

2488 3590 2651 3653 viter
2711 3590 3103 3672 affligantur,
3164 3611 3241 3653 ex
3307 3592 3427 3655 hoc
3490 3600 3703 3655 tamen
3762 3611 3991 3657 eorum

2489 3689 2886 3771 impugnatio
2928 3708 3055 3753 non
3098 3690 3445 3773 impeditur
3482 3708 3496 3752 ε
3539 3692 3690 3773 quia
3730 3709 3809 3753 ex
3850 3692 3992 3755 suis

2487 3788 2845 3869 suppliciiS‚
2905 3789 2983 3850 ad
3043 3789 3440 3871 phantasiam
3504 3796 3864 3871 protervam
3926 3799 3994 3853 et

2487 3885 2768 3949 furorem
2814 3896 3132 3951 amentem
3183 3888 3626 3951 vehementius
3684 3891 3994 3953 excande-

2485 3992 2690 4047 scunt.
2726 4021 2805 4029 —
2834 3987 2988 4048 Dato
3027 3988 3218 4049 etiam
3259 3988 3428 4069 quod
3468 3994 3613 4069 post
3649 3996 3991 4070 peccatum

2485 4091 2595 4145 aut
2638 4083 2885 4164 lapsum
2931 4084 3204 4146 habeant
3246 4101 3509 4166 corpora
3556 4085 3681 4146 sibi
3729 4094 3877 4168 apta
3924 4094 3993 4149 et

875 4186 975 4249 cio
1006 4186 1170 4267 ignis
1205 4187 1570 4261 materialis,
1604 4204 1730 4248 non
1763 4194 1976 4249 tamen
2009 4186 2095 4247 ita
2128 4187 2376 4249 intense
2404 4190 2455 4255 D
2485 4182 2759 4263 alligata,
2794 4182 2847 4244 si
2892 4190 3097 4244 tamen
3131 4202 3206 4245 ex
3248 4183 3405 4265 ipsis
3444 4191 3507 4245 et
3538 4183 3667 4245 illis
3706 4184 3991 4268 corpori-

875 4284 1040 4347 sicut
1080 4293 1222 4367 post
1262 4285 1432 4351 diem
1469 4286 1715 4365 judicii.
1752 4286 2086 4367 Quumque
2124 4303 2252 4349 non
2292 4286 2376 4348 sit

873 4382 1037 4446 bene
1070 4383 1474 4464 intelligibile
1508 4384 1676 4465 quod
1719 4384 1928 4465 ignem
1965 4401 2373 4447 concreman-

874 4490 1002 4543 tem
1044 4481 1284 4564 ubique
1329 4482 1784 4545 circumferant
1826 4501 2068 4557 secum,
2103 4483 2227 4545 nisi
2270 4485 2374 4546 ha-

871 4580 1064 4643 beant
1121 4599 1385 4663 corpora
1441 4581 1715 4661 alligata,
1771 4581 2051 4643 fatentur
2109 4583 2278 4663 quod
2336 4602 2373 4645 a

872 4698 1054 4742 casus
1085 4679 1184 4741 sui
1225 4680 1543 4762 principio
1583 4680 1818 4742 habent
1849 4680 1974 4742 sibi
2015 4688 2225 4761 aptata
2255 4681 2371 4742 hu-

867 4778 1147 4859 jusmodi
1192 4795 1475 4859 corpora,
1512 4778 1574 4839 in
1608 4777 1842 4859 quibus
1879 4786 2275 4859 torquentur,
2310 4788 2372 4842 et

871 4878 935 4938 in
978 4877 1214 4959 quibus
1259 4877 1640 4938 intrinsecus
1681 4876 2146 4938 circumferunt
2182 4886 2375 4940 mate-

869 4974 1024 5037 riale
1085 4975 1453 5037 incendium
1515 4992 1920 5056 quocumque
1981 4974 2368 5049 discurrunt,

871 5074 1070 5136 instar
1119 5073 1563 5148 febricitantiS,
1599 5072 1710 5153 qui
1759 5091 1978 5133 secum
2029 5092 2218 5134 suum
2267 5073 2373 5135 de-

869 5172 994 5235 fert
1039 5172 1350 5236 ardorem.
1386 5172 1507 5235 Sed
1557 5171 1708 5254 quia
1749 5169 2020 5232 difficile
2063 5179 2160 5233 est.
2202 5171 2373 5234 istud

873 5271 1236 5347 defendere,
1287 5272 1394 5335 alii
1448 5271 1692 5344 dicunt,
1746 5269 1914 5352 quod
1973 5269 2372 5334 daemonihus

2486 4280 2606 4343 bus
2649 4298 2776 4343 non
2820 4280 2899 4342 sit
2947 4299 3149 4343 unum
3192 4282 3571 4363 simpliciter
3618 4301 3731 4344 seu
3782 4302 3989 4347 unum

2485 4378 2911 4460 suppositum,
2932 4398 3056 4442 non
3086 4380 3384 4442 videntur
3403 4398 3481 4443 ex
3514 4380 3622 4443 illa
3651 4382 3993 4445 connexio-

2485 4497 2565 4540 ne
2595 4479 2725 4560 pati
2756 4478 2836 4540 ab
2880 4480 3041 4561 igne.
3078 4481 3337 4555 Rursus,
3372 4480 3425 4542 si
3467 4482 3531 4542 in
3573 4501 3703 4544 suae
3736 4482 3989 4564 simpli-

2484 4578 2671 4639 citate
2702 4587 2940 4642 naturae
2970 4580 3301 4654 manend0‚
3321 4598 3447 4643 non
3478 4590 3743 4662 possunt
3773 4582 3991 4663 ignem

2485 4676 2917 4751 circumferre,
2950 4679 3268 4759 quomodo
3305 4688 3571 4761 possunt
3616 4681 3990 4745 circumfer-

2484 4794 2551 4837 re
2594 4794 2858 4857 corpora
2900 4775 3047 4838 illa?

2591 4876 2770 4938 Circa
2837 4875 2968 4938 haec
3039 4877 3245 4958 primo
3312 4879 3538 4960 quaerit
3604 4880 3981 4955 Alexander,

2483 4982 2698 5036 utrum
2739 4975 2821 5037 sit
2860 4976 3254 5038 daemonibus
3298 4996 3507 5059 poena,
3550 4997 3687 5041 esse
3732 4978 3796 5039 in
3833 4996 3986 5040 aere

2483 5074 2603 5136 isto
2634 5074 3009 5155 caliginos03
3044 5076 3343 5150 secundo,
3366 5074 3685 5159 quomodo
3714 5076 3987 5159 punian-

2484 5180 2587 5233 tur
2636 5173 2912 5253 ibidem3
2963 5175 3169 5250 terti0,
3215 5194 3294 5237 an
3346 5183 3591 5239 tantum
3639 5176 3747 5239 ille
3794 5196 3984 5238 casus

2485 5270 2701 5333 localis
2733 5272 2815 5334 sit
2844 5274 2935 5335 eis
2969 5273 3034 5335 in
3071 5292 3347 5356 paenam,
3382 5294 3461 5337 an
3502 5276 3693 5338 etiam
3732 5275 3840 5337 alii
3876 5294 3983 5339 ca·
