4334 6242
885 467 1006 534 438
1817 488 1992 534 mmm
2033 489 2076 532 ιι
2120 487 2604 535 samm-rmum.
2650 506 2731 516 -
2771 488 2924 534 msr.
2963 488 3072 534 vm

887 664 1334 745 perstiterunt,
1367 663 1524 728 talia
1559 667 1716 730 sunt
1752 665 2096 728 observata
2135 682 2432 747 corpora,
2466 667 2639 728 utin
2669 665 2764 729 eis
2802 666 3061 746 possint
3100 665 3333 746 facere,
3368 669 3433 730 et
3458 683 3593 728 non
3627 664 3766 746 pati
3800 685 3816 727 ε
3850 681 4001 744 quae

887 781 1086 844 tantae
1135 781 1291 844 sunt
1335 781 1698 860 tenuitatis,
1740 781 1816 843 ut
1862 798 1903 843 a
1947 781 2342 844 mortalibus
2386 781 2595 844 videri
2646 799 2777 844 non
2821 781 3082 845 valeant
3122 783 3251 845 nisi
3298 782 3737 862 supervestita
3782 781 4005 862 aliqua

888 897 1202 976 grossiori
1252 897 1487 977 forma,
1530 915 1661 978 qua
1698 899 2040 979 assumpta
2075 898 2406 979 videntur,
2441 899 2871 979 depositaque
2910 899 3117 961 videri
3162 899 3493 962 desinunt.
3538 898 3811 978 Angelis
3848 916 4003 961 vero

891 1013 1084 1076 malis
1123 1014 1378 1076 mutata
1413 1016 1570 1076 sunt
1607 1014 1676 1076 in
1714 1032 1870 1078 casu
1919 1032 2193 1096 corpora
2230 1014 2296 1076 in
2338 1015 2731 1078 deteriorem
2771 1015 3157 1096 qualitatem
3206 1015 3543 1097 spissioris
3589 1015 3780 1078 aeris.
3822 1015 4010 1078 Sicut

799 1201 802 1204 ⁴
891 1130 1066 1192 enim
1121 1147 1159 1192 a
1207 1130 1349 1192 loco
1409 1131 1692 1212 digniori
1742 1131 1811 1193 in
1860 1131 2243 1195 inferiorem
2300 1132 2546 1210 locum,
2598 1133 2667 1195 id
2718 1134 2819 1195 est
2874 1133 2941 1195 in
3002 1131 3439 1213 caliginosum
3486 1149 3726 1210 aerem,
3766 1131 4006 1212 dejecti

889 1248 1074 1327 sunt3
1125 1247 1218 1308 ita
1263 1247 1377 1309 illa
1421 1265 1694 1328 corpora
1742 1247 1964 1311 tenuia
2012 1248 2266 1310 mutata
2316 1249 2473 1311 sunt
2512 1251 2577 1312 et
2625 1247 3089 1311 transformata
3134 1248 3201 1310 in
3244 1247 3568 1311 deteriora
3622 1264 3896 1328 corpora
3944 1248 4008 1310 et

870 1363 1225 1443 spissiora,
1258 1363 1327 1425 in
1366 1364 1608 1443 quibus
1645 1365 1782 1445 pati
1820 1365 2092 1445 possent
2127 1382 2166 1426 a
2204 1365 2529 1444 superiori
2568 1365 2917 1444 element0‚
2953 1365 3019 1426 id
3058 1365 3158 1426 est
3194 1362 3277 1426 ab
3316 1363 3487 1443 igne.

595 1492 770 1566 agdo
783 1492 861 1568 oo·
1023 1478 1107 1540 Et
1138 1479 1262 1541 hoc
1291 1479 1706 1560 Augustinus
1735 1480 2020 1542 sensisse
2041 1479 2304 1544 videtur
2333 1498 2533 1561 super
2557 1481 2892 1559 Genesim,
2910 1481 3002 1542 ita
3030 1480 3290 1542 dicens:
3312 1481 3665 1542 Daemones
3693 1478 4005 1541 dicuntur

594 1555 858 1668 ἷῖἶῗίιῗῗοῖἰιεξζ
888 1594 1063 1656 aeria
1103 1595 1438 1674 animalia,
1473 1577 1630 1674 quia
1667 1612 2019 1676 corporum
2057 1596 2388 1658 aeriorum
2429 1597 2662 1658 natura
2704 1597 2962 1676 vigent3
2996 1613 3114 1658 nec
3152 1613 3267 1676 per
3304 1595 3587 1657 mortem
3624 1593 4003 1656 dissolvun-

595 1693 638 1722 ¹¹'
667 1683 730 1724 ¹⁴·
887 1710 1016 1788 tur,
1050 1710 1205 1790 quia
1242 1711 1554 1792 praevalet
1590 1711 1658 1772 in
1706 1711 1801 1774 eis
1839 1711 2239 1775 elementum
2288 1713 2507 1792 aptius
2544 1711 2626 1773 ad
2674 1710 3048 1774 faciendum
3097 1729 3295 1792 quam
3336 1711 3417 1773 ad
3455 1710 3861 1791 patiendum.
3896 1709 4003 1771 Ad

887 1826 1268 1907 patiendum
1309 1827 1484 1889 enim
1527 1828 1768 1890 humor
1807 1829 1871 1890 et
1907 1828 2177 1907 humus,
2212 1828 2293 1890 ad
2337 1827 2707 1891 faciendum
2753 1845 2864 1890 aer
2901 1829 2965 1889 et
3002 1827 3175 1908 ignis
3212 1827 3651 1908 aptitudinem
3680 1824 3997 1906 praebent.

592 1955 685 2001 ibid
723 1961 838 2002 1115.
885 1941 1426 2022 Transgressores
1463 1961 1617 2006 vero
1666 1943 1884 2024 angeli
1922 1960 2073 2006 cum
2112 1944 2410 2025 principe
2448 1961 2595 2024 su0,
2636 1961 2811 2006 nunc
2858 1943 3145 2023 diaholo,
3189 1945 3344 2006 tunc
3390 1942 3825 2022 Archangelo‚
3868 1958 4003 2004 non

885 2058 1130 2120 mirum
1161 2059 1218 2120 si
1249 2060 1400 2140 post
1427 2060 1770 2140 peccatum
1801 2060 1868 2121 in
1900 2060 2066 2121 hanc
2097 2059 2445 2139 caliginem
2476 2060 2725 2123 det-rusi
2756 2061 2932 2122 sunt.
2956 2059 3187 2139 Neque
3216 2059 3415 2121 etiam
3448 2059 3573 2120 hoc
3603 2058 3845 2120 mirum
3874 2061 3997 2136 est,

883 2173 939 2234 si
972 2173 1268 2236 conversi
1300 2176 1454 2236 sunt
1483 2192 1564 2237 ex
1595 2191 1788 2254 poena
1819 2175 1887 2236 in
1918 2175 2164 2238 aeriam
2206 2175 2617 2256 qualitatem,
2654 2193 2784 2256 qua
2817 2175 3096 2256 possunt
3133 2174 3215 2236 ab
3247 2175 3396 2253 igne
3427 2174 3589 2254 pati.
3626 2173 4001 2255 Caliginosa

883 2289 1104 2352 tamen
1146 2290 1316 2352 aeris
1358 2291 1577 2354 tenere
1615 2290 1873 2352 tantum
1909 2290 2218 2372 permissi
2251 2293 2427 2372 sunt,
2472 2292 2587 2372 qui
2626 2293 2722 2354 eis
2760 2291 2948 2372 quasi
2990 2307 3205 2353 carcer
3242 2291 3329 2352 sit
3366 2307 3577 2370 usque
3614 2289 3696 2352 ad
3734 2291 3999 2371 tempus

875 2405 1135 2486 judicii.
1169 2441 1258 2450 —
1291 2407 1457 2469 Ecce
1506 2406 1610 2470 his
1649 2405 1867 2470 verbis
1915 2407 2176 2469 videtur
2219 2407 2632 2486 Augustinus
2682 2407 2748 2468 id
2794 2407 3047 2470 tradere
3097 2405 3275 2486 quod
3322 2404 3591 2486 quidam
3642 2406 3998 2486 opinantur

881 2522 962 2584 de
1002 2521 1385 2602 corporibus
1423 2522 1829 2602 angelorum.
1861 2523 2008 2585 Hoc
2046 2524 2267 2588 autem
2300 2539 2454 2584 eum
2492 2522 2605 2584 alii
2641 2522 2889 2585 dixisse
2926 2522 3297 2600 adstruunt,
3331 2538 3463 2583 non
3495 2521 3587 2582 ita
3623 2521 3991 2601 sentiend0,

881 2637 997 2699 sed
1035 2637 1415 2718 opinionem
1453 2637 1736 2700 aliorum
1774 2637 2112 2701 referendo
2158 2657 2173 2697 ε
2216 2637 2394 2717 quod
2433 2655 2513 2700 ex
2554 2638 2765 2719 ipsius
2804 2637 3020 2701 verbis
3057 2638 3419 2718 dijudicare
3455 2637 3710 2716 volunt,
3752 2639 3997 2718 quibus

881 2753 996 2831 ait,
1029 2751 1382 2815 Daemones
1411 2752 1719 2815 dicuntur
1745 2754 1920 2816 aeria
1947 2753 2259 2815 animalia
2289 2753 2449 2832 (non
2479 2753 2593 2832 ait,
2627 2751 2819 2834 Sunt)
2853 2774 2866 2814 :
2902 2755 2994 2816 ita
3023 2755 3199 2817 enim
3228 2754 3499 2834 quidam
3537 2751 3859 2815 dicebant.
3894 2754 3995 2815 De

883 2866 1286 2931 habitatione
1345 2886 1496 2931 vero
1557 2869 1899 2948 caliginosi
1957 2869 2149 2949 aeriS,
2203 2871 2272 2932 in
2330 2889 2528 2951 quem
2586 2872 2834 2935 detrusi
2893 2873 3071 2950 sunt,
3118 2889 3253 2934 non
3310 2871 3665 2951 opinandO,
3718 2870 3835 2932 sed
3900 2870 3993 2932 rei

883 2985 1226 3046 veritatem
1257 2985 1631 3065 asserendO,
1666 3003 1818 3048 eum
1850 2985 2199 3050 tradidisse
2228 2986 2455 3049 dicunt
2496 3007 2509 3048 ε
2546 2988 2723 3068 quod
2763 2989 2974 3069 ipsius
3014 2987 3367 3051 locutionis
3396 2986 3733 3049 distinctio
3773 2987 3997 3048 osten-

881 3100 1000 3163 dit.
1054 3100 1300 3163 Dicunt
1349 3119 1635 3182 quoque,
1689 3101 2014 3183 plurimos
2072 3102 2431 3165 catholicos
2483 3105 2867 3166 tractatores
2924 3103 2990 3164 in
3038 3103 3163 3164 hoc
3222 3101 3629 3179 convenisse,
3674 3101 3871 3180 atque
3929 3101 3995 3162 id

885 3217 1291 3281 concorditer
1325 3217 1654 3296 docuisse,
1696 3219 1873 3297 quod
1926 3218 2142 3298 angeli
2189 3219 2559 3299 incorporei
2606 3220 2783 3298 sunt,
2828 3236 2945 3281 nec
2996 3235 3269 3298 corpora
3314 3217 3557 3280 habent
3592 3215 3720 3279 sibi
3767 3217 3993 3296 unita3

883 3335 1232 3395 assumunt
1280 3336 1502 3396 autem
1561 3334 1914 3415 aliquando
1973 3351 2269 3415 corpora,
2319 3335 2459 3397 Deo
2510 3337 2941 3416 praeparante,
2994 3333 3076 3395 ad
3128 3333 3581 3414 impletionem
3640 3332 3994 3395 ministerii

882 3448 987 3510 sui
1026 3448 1151 3510 sihi
1184 3466 1223 3510 a
1251 3450 1390 3513 Deo
1421 3450 1725 3530 injuncti,
1755 3451 2116 3530 eademque
2152 3453 2306 3531 post
2342 3451 2780 3532 expletionem
2823 3450 3160 3532 deponunt
3193 3470 3207 3510 τ
3236 3451 3303 3511 in
3335 3448 3577 3530 quibus
3606 3448 3995 3530 corporibus

883 3564 1266 3628 hominibus
1322 3568 1765 3646 apparuerunt
1825 3567 2020 3647 atque
2078 3565 2283 3629 locuti
2342 3569 2532 3648 sunt3
2585 3570 2649 3630 et
2704 3567 3055 3648 aliquando
3114 3567 3382 3647 quidem
3439 3565 3641 3629 locuti
3698 3567 3857 3628 sunt
3912 3583 3995 3628 ex

883 3697 1164 3761 persona
1210 3681 1332 3744 Dei
1389 3681 1531 3744 sine
1578 3681 1998 3745 distinctione
2045 3681 2328 3764 alicujus
2375 3701 2697 3764 personae,
2748 3683 3101 3764 aliquando
3154 3700 3235 3746 ex
3282 3699 3562 3762 persona
3606 3681 3847 3761 Patris,
3890 3681 3993 3744 vel

882 3795 1063 3876 Filii,
1105 3795 1245 3859 sive
1293 3796 1580 3877 Spiritus
1627 3797 1871 3861 Sancti.

1148 4057 1225 4121 B.
1284 4063 1480 4128 Quod
1525 4064 1714 4124 Deus
1761 4065 1838 4124 in
1886 4065 2405 4135 corporalibus
2451 4065 2604 4126 illis
2650 4065 2980 4140 antiquis
3021 4065 3292 4138 formis
3338 4065 3718 4138 apparuit.

1016 4307 1152 4370 Nec
1189 4307 1623 4370 dubitandum
1670 4307 1790 4386 est,
1824 4306 2039 4368 Deum
2080 4303 2146 4365 in
2187 4304 2637 4384 corporalibus
2678 4305 2909 4367 formis
2946 4305 3328 4386 apparuisse
3371 4304 3778 4385 hominibus,
3821 4308 3995 4370 sicut

591 4449 858 4504 Augaeus-
885 4423 1296 4503 Augustinus
1351 4423 1419 4484 in
1479 4422 1765 4485 secundo
1825 4420 1993 4483 libro
2049 4419 2129 4482 de
2180 4419 2497 4482 Trinitate
2555 4420 2861 4500 ostendit,
2924 4421 3264 4484 conferens
3320 4421 3579 4484 diversa
3633 4421 3989 4503 Scriptura}

589 4512 856 4628 ’,ζ“ζ”57““’
886 4540 1287 4620 testimonia,
1325 4556 1406 4602 ex
1449 4538 1691 4619 quibus
1738 4539 1952 4601 Deum
2005 4537 2073 4599 in
2121 4537 2452 4616 corporeis
2496 4537 2727 4616 figuris
2776 4537 3159 4600 hominibus
3206 4538 3587 4619 apparuisse
3625 4539 3883 4619 probat,
3926 4543 3991 4604 et

886 4656 1236 4736 aliquando
1276 4673 1358 4718 ex
1395 4671 1674 4735 persona
1714 4654 1838 4716 Dei
1875 4653 2017 4715 sine
2058 4653 2503 4732 distinctione,
2537 4653 2889 4733 aliquando
2933 4653 3057 4716 sub
3095 4653 3513 4718 distinctione
3555 4672 3989 4735 personarum

885 4788 1254 4836 sermonem
1307 4771 1403 4834 eis
1451 4771 1697 4832 factum
1746 4787 1910 4833 esse.

885 5041 956 5104 C.
990 5045 1087 5103 De
1111 5044 1475 5114 perplexa
1517 5039 1913 5115 quaestione
1952 5055 2175 5114 quam
2206 5040 2418 5113 pontt
2447 5035 2921 5116 Auyusttnus,
2955 5057 3293 5117 quaerens
3323 5060 3347 5098 .·
3382 5058 3482 5106 an
3513 5049 3612 5106 ad
3648 5048 3993 5108 exhiben-

1021 5164 1194 5222 dum
1229 5162 1364 5222 has
1407 5159 1844 5230 corporales
1883 5159 2398 5230 apparitiones
2434 5158 2792 5221 creatura
2830 5174 3021 5222 nova
3060 5161 3160 5223 sit
3192 5159 3556 5234 formata,
3592 5175 3693 5224 an
3738 5167 3991 5238 aneoli

1021 5279 1146 5353 qui
1183 5276 1354 5338 ante
1391 5275 1611 5338 erant
1649 5276 1898 5350 missi,·
1936 5275 2006 5336 et
2032 5277 2100 5336 st
2129 5277 2272 5348 ipsi
2308 5277 2522 5338 missi
2556 5275 2751 5348 sunt,
2784 5277 3039 5339 utrum.
3066 5279 3367 5340 servata
3407 5280 3527 5340 sui
3560 5279 3985 5350 spiritualis
