4334 6242
789 474 910 542 346

1492 496 1554 541 ΙΝ
1596 496 1817 543 LIBRUM
1861 498 1904 543 ll
1946 496 2430 545 SENTENTtAch.
2476 515 2557 525 --
2600 496 2752 542 msT.
2790 498 2893 561 V13
2938 498 3161 552 QUAEST.
3209 497 3230 543 1

869 666 1202 729 Durandus
1245 686 1395 730 vero
1438 668 1542 729 hic
1587 668 1806 730 scribit
1843 686 1856 730 ε
1891 668 1978 730 De
2018 687 2146 751 quo
2188 686 2284 731 or·
2316 668 2366 731 A
2399 688 2545 731 eum
2583 690 2597 734 ε
2632 678 2695 733 et
2738 678 3003 744 constat,
3046 671 3214 751 quod
3262 668 3372 751 qui
3420 667 3905 742 occidebantur,

788 763 938 826 dine
994 764 1188 827 fuerit
1249 766 1524 841 Lucifer,
1585 784 1709 829 non
1771 775 1976 848 potest
2033 768 2288 829 certitu-

789 863 1086 925 dinaliter
1134 864 1306 937 sciri,
1354 865 1504 946 quia
1551 884 1669 927 nec
1719 866 2044 947 Scriptura
2093 884 2287 947 super

789 961 907 1023 hoc
965 961 1205 1043 aliquid
1273 962 1572 1044 loquitur.
1636 964 1812 1038 Quod
1878 964 2048 1027 enim
2111 964 2287 1027 lsaiae

551 1080 612 1122 1⁸.
631 1085 760 1132 xm*
790 1061 1264 1141 quartodecimo
1307 1062 1386 1123 de
1433 1061 1726 1124 Lucifero
1770 1063 2026 1132 dicitur,
2073 1063 2150 1125 de
2195 1081 2287 1123 re-

490 1147 536 1185 et
555 1156 644 1199 seq.

545 1274 696 1317 Ezech
706 1304 717 1317 .

491 1351 636 1387 xxvtu,
685 1341 701 1379 ¹
715 1340 757 1379 l·

495 1402 561 1443 ¹9.

510 3836 576 3879 Cf.
595 3835 754 3885 tom.v.

491 3912 534 3953 p.
563 3900 701 3943 woA.

513 5206 592 5249 Pe.
607 5219 754 5255 mxxvii.

491 5274 556 5314 35.

787 1178 864 1239 ge
915 1158 1252 1241 Babylonis
1309 1160 1387 1221 ad
1447 1159 1721 1223 litteram
1781 1162 2170 1243 exponitur:
2222 1169 2283 1223 et

789 1257 958 1338 quod
1017 1257 1365 1320 Ezechielis
1418 1258 1724 1320 vicesimo
1782 1268 2005 1322 octavo
2058 1261 2135 1322 de
2189 1278 2283 1321 re-

787 1373 862 1435 ge
906 1355 1209 1417 scribitur
1250 1357 1418 1439 Tyri,
1469 1376 1591 1419 non
1639 1358 1762 1419 nisi
1805 1358 2140 1439 allegorice
2184 1376 2286 1419 ex-

788 1454 1048 1535 ponitur
1104 1456 1182 1517 de
1243 1456 1451 1537 primo
1507 1464 1792 1538 apostata
1845 1457 2088 1537 angelo.
2141 1458 2286 1518 Haee

787 1552 1142 1625 DuranduS,
1178 1553 1288 1633 qui
1331 1552 1455 1615 alia
1499 1554 1682 1636 plura
1730 1554 1899 1616 circa
1947 1555 2081 1617 haec
2132 1554 2285 1615 scri-

787 1648 902 1722 bit,
955 1669 1096 1732 quae
1147 1649 1210 1711 in
1265 1651 1676 1733 responsione
1725 1652 1980 1715 Thomae
2031 1660 2287 1715 eonten-

786 1756 850 1811 ta
891 1756 1058 1810 sunt.

2400 787 2527 830 non
2572 768 3053 831 revertebantur
3096 769 3173 831 ad
3217 786 3365 829 eum
3409 767 3710 829 diluculo.

2480 966 2571 1027 Ad
2608 964 2887 1046 primum
2921 984 3070 1045 ergo
3100 965 3467 1037 dicendum,
3501 966 3669 1046 quod
3702 984 3911 1045 quan-

2402 1071 2818 1145 tumcumque
2858 1064 3112 1125 Lucifer
3154 1062 3275 1125 fuit
3314 1063 3654 1136 excellenS,
3686 1071 3913 1125 tamen

2401 1180 2476 1224 eo
2520 1162 2658 1243 ipso
2702 1163 2871 1244 quod
2918 1162 3041 1223 fuit
3087 1171 3373 1225 creatura
3416 1182 3489 1225 ac
3533 1162 3749 1225 liberae
3794 1180 3913 1224 vo-

2403 1260 2685 1333 luntatis,
2720 1280 2795 1323 ex
2838 1281 2904 1324 se
2939 1262 3077 1343 ipso
3108 1261 3332 1324 habuit
3360 1262 3469 1323 des
3474 1261 3636 1324 icere
3666 1268 3728 1323 et
3760 1280 3917 1343 pec-

2402 1378 2565 1433 care,
2620 1359 2743 1421 sibi
2808 1360 2930 1441 ipsi
2990 1359 3270 1432 relictuS,
3322 1378 3440 1421 nec
3496 1360 3697 1440 gratia
3754 1378 3915 1421 con-

2401 1456 2695 1519 firmatus
2734 1476 2749 1535 ;
2814 1459 2923 1519 sed
2992 1466 3230 1539 quanto
3298 1457 3611 1520 minorem
3678 1458 3919 1519 habuit:

2403 1555 2878 1618 inclinationem
2932 1564 2995 1617 et
3042 1556 3423 1637 pronitatem
3482 1556 3561 1618 ad
3619 1556 3911 1638 culpam,

2400 1672 2477 1716 eo
2520 1652 3015 1716 inexcusabilior
3056 1653 3198 1715 fuit.

2479 1752 2570 1813 Ad
2622 1753 2976 1814 secundum
3035 1754 3253 1815 Petrus
3302 1761 3365 1814 et
3412 1752 3763 1815 Richardus
3815 1773 3919 1817 re-

867 1848 1097 1909 Verum
1141 1848 1310 1909 circa
1353 1848 1487 1911 haec
1527 1849 1720 1910 verba
1764 1849 2041 1912 Durandi
2086 1850 2287 1911 scien·
2322 1853 2370 1915 B
2400 1852 2729 1931 spondent,
2747 1852 2915 1932 quod
2941 1850 3197 1913 Lucifer
3226 1850 3349 1913 fuit
3378 1850 3585 1913 ordini
3618 1853 3913 1914 terrestri

785 1946 964 2019 dum,
1008 1946 1176 2027 quod
1224 1946 1418 2007 verba
1468 1947 1577 2009 illa
1618 1948 1792 2010 Isaiae
1831 1956 1890 2009 et
1937 1948 2286 2010 Ezechielis

785 2064 822 2107 a
870 2046 1139 2109 diversis
1188 2046 1612 2108 diversimode
1663 2055 2086 2129 exponunt-ur.
2141 2046 2287 2119 Qui-

786 2145 929 2206 dam
979 2144 1150 2206 cnim
1205 2151 1406 2207 totum
1461 2164 1715 2225 passum
1767 2146 2100 2228 utriusque
2153 2145 2289 2206 Pro-

787 2242 994 2323 phetae
1051 2251 1380 2324 exponunt.
1426 2242 1504 2304 ad
1565 2243 1840 2304 litteram
1899 2244 1977 2305 de
2030 2241 2287 2323 regibus

787 2339 946 2417 illis;
976 2340 1231 2422 quidam
1268 2341 1344 2402 de
1379 2340 1587 2422 primo
1618 2340 2000 2421 impiissimo
2028 2340 2285 2421 angelo;

785 2438 1079 2501 nonnulli
1129 2439 1362 2520 partim
1413 2440 1490 2500 de
1540 2438 1796 2519 regibus
1851 2438 2000 2508 illis,
2055 2440 2287 2521 partim

785 2538 864 2599 de
901 2545 1184 2619 apostata
1222 2537 1432 2619 primo
1466 2554 1480 2598 :
1514 2554 1787 2619 quorum
1830 2538 2143 2618 expositio
2183 2557 2291 2619 ap-

786 2636 908 2698 tior
965 2654 1102 2697 esse
1161 2636 1430 2697 videtur.
1493 2634 1791 2708 Quamvis
1850 2636 2023 2697 enim
2086 2643 2288 2698 totum

786 2733 1001 2814 aliquo
1047 2734 1234 2796 modo
1279 2740 1466 2814 queat
1507 2734 1583 2795 de
1626 2733 1882 2813 regibus
1929 2733 2056 2795 illis
2096 2734 2288 2796 inter-

788 2831 1044 2913 pretari,
1078 2839 1141 2893 et
1171 2850 1297 2893 non
1329 2832 1406 2893 de
1437 2832 1660 2912 angelo
1703 2832 1812 2894 illo
1854 2850 2045 2913 pravo
2083 2852 2096 2896 :
2131 2842 2287 2895 atta-

789 2948 935 2991 men
982 2936 1226 2991 certum
1271 2938 1386 3001 est,
1433 2930 1833 3011 intuentique
1880 2940 2146 3004 constat,
2179 2932 2289 2992 ali-

2400 1950 2696 2031 praelatus
2747 1949 3114 2031 praelatione
3161 1950 3437 2030 generali
3490 1957 3554 2012 et
3604 1950 3909 2025 mediata,

2399 2055 2699 2129 tanquam
2731 2047 2979 2109 cunctis
3009 2047 3342 2109 ordinibus
3372 2048 3577 2121 altior,
3595 2066 3719 2111 non
3754 2068 3919 2131 prae—

2401 2144 2631 2207 latione
2665 2145 3031 2207 immediata
3059 2153 3118 2208 et.
3152 2145 3435 2227 speciali.
3468 2146 3765 2209 Albertus
3796 2167 3915 2209 ve-

2400 2260 2469 2305 ro
2512 2250 2574 2305 et
2614 2244 2969 2306 Alexander
3014 2245 3421 2325 respondent,
3455 2245 3624 2326 quod
3666 2244 3915 2306 dieitur

2400 2341 2606 2403 ordini
2654 2342 2933 2403 terrestri
2979 2342 3299 2423 praelatuS‚
3336 2343 3487 2424 quia
3533 2351 3596 2405 et
3636 2361 3744 2405 eos
3788 2344 3911 2425 qui

2400 2439 2665 2501 terrenis
2726 2440 3087 2521 praesident,
3150 2440 3477 2502 habuisset
3537 2440 3913 2503 illuminare

2398 2546 2587 2618 atque
2626 2538 2918 2618 dirigere.
2953 2574 3034 2583 —
3063 2539 3513 2601 Verumtamen
3556 2540 3691 2602 istae
3724 2548 3787 2601 et
3820 2540 3908 2601 si-

2401 2636 2583 2697 miles
2622 2635 2970 2698 solutiones
3001 2654 3127 2698 non
3162 2637 3515 2717 procedunt
3544 2638 3903 2700 secundum

2401 2734 2768 2796 Damasceni
2801 2734 3442 2815 intent-ionem,cujus
3472 2735 3523 2797 si
3559 2735 3751 2797 verba
3780 2737 3909 2798 rite

2399 2839 2767 2913 pensentur,
2802 2840 3049 2894 certum
3094 2841 3189 2893 est
3232 2834 3401 2913 quod
3446 2832 3656 2895 dicere
3700 2833 3915 2895 inten-

2399 2929 2609 3003 debat,
2644 2931 2812 3012 quod
2842 2930 3099 2992 Lucifer
3134 2930 3259 2992 fuit
3291 2932 3356 2992 in
3398 2931 3539 2993 loco
3568 2931 3905 2993 sublunari

787 3046 914 3110 qua
963 3027 1052 3088 ibi
1102 3027 1228 3088 dici
1280 3046 1420 3108 quae
1477 3028 1708 3109 exponi
1767 3047 1892 3091 non
1947 3029 2159 3091 valent
2208 3031 2285 3091 de
2324 3031 2367 3095 C
2399 3036 2460 3091 et
2509 3030 2585 3090 de
2635 3029 2855 3091 ordine
2907 3029 3213 3091 inferiori.
3268 3030 3528 3112 Propter
3576 3032 3743 3111 quod
3803 3050 3908 3093 se-

788 3127 1044 3207 regibus
1085 3126 1212 3187 illis
1243 3127 1318 3188 ad
1353 3126 1651 3200 litteram,
1685 3126 1808 3189 nisi
1853 3128 2126 3190 multum
2172 3129 2286 3190 im-

785 3225 1079 3307 proprie3
1120 3225 1334 3306 aliqua
1374 3244 1626 3307 quoque
1663 3225 1752 3287 ibi
1793 3227 2152 3308 conscripta
2189 3247 2288 3289 ac-

787 3324 914 3405 cipi
956 3331 1282 3406 nequeunt
1311 3324 1388 3385 ad
1430 3323 1704 3385 litteram
1741 3325 1818 3386 de
1855 3325 2285 3406 perditissimo

789 3421 898 3484 illo
931 3431 1235 3503 apostata,
1269 3422 1393 3483 nisi
1437 3422 1784 3504 improprie
1817 3422 2016 3485 valde.
2053 3423 2285 3504 Sicque

786 3521 1172 3583 credendum
1220 3529 1535 3591 censetur,
1568 3522 1737 3602 quod
1781 3522 2107 3602 Scriptura
2155 3521 2285 3583 illis

787 3617 851 3681 in
895 3618 1050 3680 locis
1088 3618 1166 3679 ad
1209 3618 1481 3680 litteram
1525 3618 1805 3699 loquitur
1833 3620 1909 3681 de
1940 3628 2284 3700 transgres-

785 3717 962 3779 sione
1007 3725 1069 3779 et
1109 3717 1512 3779 damnatione
1561 3717 1752 3797 primi
1803 3717 2056 3798 reprobi
2100 3736 2285 3798 ange-

787 3815 854 3889 li,
893 3816 1074 3895 juxta
1123 3834 1312 3877 unam
1365 3822 1610 3896 septem
1660 3814 2019 3894 regularum
2067 3816 2144 3877 ad
2194 3816 2285 3876 in—

784 3913 1106 3975 tellectum
1149 3914 1494 3995 Scripturae
1537 3913 2038 3975 necessariarum
2083 3933 2095 3975 :
2142 3934 2283 3995 qua}

781 4020 898 4083 est,
942 4013 1109 4093 quod
1151 4013 1477 4094 Scriptura
1526 4012 1846 4073 interdum
1891 4012 2010 4073 sub
2056 4012 2280 4073 eodem

782 4118 1080 4172 contextu
1144 4111 1458 4172 sermonis
1519 4110 1743 4171 transit.
1799 4128 1836 4170 a
1893 4108 2146 4172 diabolo
2204 4111 2282 4171 ad

2398 3128 2679 3190 cundum
2722 3127 3094 3189 Damasceni
3135 3128 3555 3190 intentionem
3586 3128 3791 3192 dixit:
3830 3130 3905 3191 111

2398 3226 2655 3297 coelum,
2694 3234 2847 3307 puta
2889 3245 3287 3307 empyreum,
3326 3226 3767 3288 conscendam.
3806 3227 3909 3289 ld-

2396 3344 2470 3388 eo
2514 3325 2742 3386 melius
2786 3325 3136 3386 seeundum
3178 3324 3483 3387 Thomam
3528 3325 3901 3397 dicendum,

2395 3424 2565 3504 quod
2608 3424 3031 3485 Damascenus
3075 3422 3195 3484 l'uit
3236 3422 3410 3484 illius
3448 3422 3799 3505 opinionis3
3834 3432 3905 3486 et

2397 3530 2466 3582 ut
2506 3522 2571 3582 in
2613 3522 2871 3583 Summa
2912 3540 3028 3583 sua
3066 3528 3334 3583 testatur
3370 3521 3688 3595 AlbertuS,
3724 3522 3899 3585 idem
3976 3542 4183 3592 quest.
4210 3542 4281 3581 ευ.

2395 3619 2657 3682 omnino
2707 3638 2853 3681 cum
2915 3620 3301 3682 Damasceno
3348 3620 3510 3682 dixit
3558 3620 3904 3701 Gregorius

2394 3718 2736 3799 Nyssenus,
2779 3717 2891 3797 qui
2940 3716 3063 3778 fuit
3111 3718 3173 3781 S.
3215 3717 3429 3779 Basilii
3480 3717 3691 3780 frater.
3736 3717 3905 3781 Hinc

2396 3831 2649 3896 quoque
2699 3814 3047 3877 Richardus
3097 3814 3348 3896 plenius
3392 3816 3835 3896 respondendo
3884 3834 3899 3878 τ

2395 3914 2842 3983 DamascenuS‚
2876 3912 3107 3993 inquit,
3146 3912 3339 3992 hujus
3382 3912 3507 3973 ruit
3548 3912 3903 3995 opinioniS,

2395 4011 2563 4092 quod
2608 4010 3107 4072 substant-iarum
3158 4010 3686 4072 intellectualium
3730 4030 3906 4091 qum-

2395 4110 2539 4171 dam
2572 4116 2721 4170 sunt
2749 4127 2785 4169 a
2814 4108 3003 4189 globo
3034 4108 3238 4170 lunari
3271 4110 3589 4191 superius,
3623 4128 3901 4190 quarum

783 4208 1070 4270 membra
1109 4208 1122 4268 i
1134 4208 1332 4289 psiuS‚
1365 4215 1426 4269 et
1461 4226 1828 4280 econver80‚
1861 4208 2283 4271 adscribendo
2314 4207 2362 4268 D
2394 4207 2681 4289 quaedam
2716 4216 2863 4267 sunt
2895 4206 3595 4287 adsist.enteS‚quaedam
3630 4226 3905 4288 corpora

780 4326 922 4387 quae
966 4306 1156 4367 unius
1198 4314 1346 4367 sunt
1388 4305 1593 4376 alteri,
1628 4313 1690 4366 et
1731 4313 2009 4367 econtra.
2050 4307 2281 4387 Sicque

779 4405 1111 4467 occasione
1169 4404 1615 4485 descriptionis
1677 4403 2034 4485 iniquitatis
2091 4412 2281 4486 atque

781 4502 1207 4567 damnationis
1274 4521 1494 4583 regum
1565 4502 1903 4584 Babylonis
1971 4522 2042 4564 ac
2110 4503 2277 4585 Tyri,

780 4610 1110 4665 transeunt
1159 4600 1360 4663 sancti
1417 4600 1508 4661 illi
1557 4601 1882 4681 Propheta.¹
1929 4602 2006 4662 ad
2051 4602 2284 4664 descri-

783 4702 1063 4763 bendum
1106 4699 1689 4781 praevaricationem
1735 4698 2045 4780 principis
2085 4707 2148 4761 et.
2189 4720 2285 4761 ca-

784 4801 936 4883 pitis
985 4818 1205 4879 regum
1269 4797 1522 4859 illorum
1573 4804 1636 4857 et
1684 4796 1971 4858 omnium
2035 4797 2282 4879 iniquo-

785 4918 951 4969 rum,
997 4895 1294 4959 vidclicet
1345 4894 1534 4975 primi
1585 4901 1884 4975 apostatffl
1937 4914 1950 4958 ε
2003 4896 2168 4956 sicut
2219 4896 2282 4956 in

785 4996 1032 5059 Psalmo
1062 4994 1343 5075 loquitur
1374 4992 1697 5073 Scriptura
1727 4992 1803 5053 de
1837 4992 2018 5054 bonis
2049 5012 2120 5054 ac
2157 5012 2283 5054 ma-

787 5094 864 5155 lis
915 5091 1285 5155 hominibus
1334 5090 1513 5171 quasi
1564 5089 1640 5150 de
1683 5089 1948 5161 eisdem,
1989 5090 2281 5161 dicendo,

785 5194 990 5268 Quum
1040 5191 1356 5254 occideret
1404 5206 1533 5260 θος,
1585 5188 1953 5269 quaerebant
2001 5208 2170 5263 eum,
2222 5199 2283 5251 et

787 5291 1286 5363 revertebantur,
1348 5295 1410 5350 et
1469 5286 1751 5350 diluculo
1810 5288 2145 5351 veniebant
2206 5289 2283 5351 ad

2395 4305 2677 4369 coelestia
2717 4305 3256 4378 administrantcS,
3289 4312 3352 4366 et
3392 4306 3559 4387 quod
3600 4306 3777 4368 nulla
3814 4307 3903 4369 is-

2394 4411 2600 4465 tarum
2663 4402 2995 4485 peccavit3
3046 4405 3332 4484 quaedam
3385 4422 3536 4466 vero
3595 4412 3739 4465 sunt
3801 4404 3903 4467 in-

2396 4502 2492 4564 fra
2528 4501 2791 4583 globum
2834 4501 3144 4574 lunarem,
3175 4508 3239 4563 et
3277 4520 3593 4582 supremae
3627 4502 3899 4565 istarum

2397 4600 2740 4681 multaeque
2770 4598 2907 4661 aliae
2940 4608 3385 4680 peccaverunt,
3418 4608 3479 4662 et
3509 4620 3652 4681 quae
3690 4620 3767 4662 ex
3798 4602 3899 4664 eis

2394 4706 2725 4769 steterunt,
2760 4698 3062 4759 inferiora
3102 4696 3235 4760 haec
3272 4697 3736 4760 administrant.
3771 4700 3897 4762 Sed

2395 4796 2613 4877 opinio
2653 4795 2933 4876 Gregorii
2976 4795 3177 4876 Papae,
3220 4796 3465 4857 scilicet
3508 4798 3676 4878 quod
3726 4798 3899 4860 Deus

2396 4894 2760 4955 Luciferum
2813 4894 3075 4975 reliquis
3124 4894 3365 4973 angelis
3406 4894 3897 4959 eminentiorem

2395 4992 2569 5065 fecit,
2623 4992 3057 5054 rationabilior
3106 4992 3634 5074 communiorque
3687 4995 3897 5057 consi-

2396 5091 2506 5153 stit
2556 5110 2570 5155 :
2630 5090 2769 5153 ideo
2826 5092 2887 5153 ei
2947 5092 3149 5172 magis
3204 5100 3301 5153 est
3355 5092 3897 5174 acquiescendum

2396 5209 2587 5272 quam
2633 5189 3037 5252 Damasceno.
3082 5191 3225 5252 Haec
3268 5190 3636 5253 Richardus.
3670 5228 3751 5237 —-
3782 5193 3900 5255 De-

2398 5288 2593 5372 nique
2634 5287 2863 5350 melius
2908 5307 3048 5350 reor
3088 5297 3332 5352 mentes
3373 5298 3703 5353 auctorum
3743 5311 3897 5357 vere
