4334 6242
981 525 1065 571 AN
1106 525 1329 572 ANGELI
1374 524 1509 600 SlNT
1550 523 1721 570 PURAE
1764 521 1838 567 m·
1878 521 2330 568 muATEmALES
2373 521 2698 579 EssENTIAE,
2739 520 2868 568 ETC.

3366 499 3477 563 191

366 700 623 757 tantum
655 696 888 758 realem
925 695 1291 759 relationem
1321 695 1397 758 ad
1430 696 1705 757 datorem
1737 692 1880 775 ipsi·
1908 691 1961 754 A
1989 691 2200 766 habet,
2235 692 2569 774 utriusque
2603 692 2924 774 opinionis
2963 696 3334 772 argumenta
3367 689 3488 750 dis-

366 811 450 854 us
489 811 651 855 esse.
687 794 854 856 Talis
894 814 1170 876 namque
1214 802 1311 858 est
1350 793 1675 856 distinctio
1717 792 1881 853 inter

368 891 799 955 substantiam
852 902 914 956 et
956 895 1273 966 accidenS,
1309 893 1475 974 quod
1528 890 1881 954 substantia

371 997 525 1052 nata
553 999 647 1052 est
679 993 985 1055 exsistere
1015 992 1083 1054 in
1114 1010 1204 1065 se,
1236 992 1532 1054 accidens
1569 998 1783 1052 autem
1814 988 1881 1050 in

371 1087 519 1151 alio.
558 1089 623 1151 Si
668 1090 863 1171 igitur
890 1109 1029 1152 esse
1071 1096 1237 1153 esset
1272 1089 1560 1152 absolute
1597 1087 1768 1150 aliud
1799 1086 1879 1148 ab

372 1188 677 1262 essentia,
709 1207 909 1270 quum
944 1206 1069 1251 non
1110 1188 1316 1250 valeat
1352 1187 1655 1250 exsistere
1688 1186 1753 1248 in
1785 1204 1875 1258 se,

372 1286 489 1346 sed
530 1285 597 1347 in
639 1285 779 1367 ipsa
814 1287 1109 1360 essentia,
1144 1294 1309 1348 esset
1347 1285 1639 1348 accidens
1669 1301 1877 1346 essen-

374 1383 483 1444 1136
518 1401 532 1444 z
568 1384 737 1465 quod
768 1401 907 1446 esse
948 1403 1074 1446 non
1116 1391 1343 1466 potest,
1377 1403 1576 1465 quum
1616 1401 1753 1444 esse
1794 1382 1877 1444 sit

372 1482 694 1544 actualius
741 1502 932 1564 quam
983 1483 1275 1547 essentia.
1321 1482 1605 1564 Denique
1653 1500 1878 1544 secun-

372 1580 531 1642 dum
574 1580 1028 1664 Philosophum
1074 1581 1281 1664 primo
1320 1581 1398 1642 de
1438 1579 1873 1652 Generatione,

376 1679 737 1741 substantia
776 1697 903 1742 non
945 1679 1134 1742 habet
1172 1697 1309 1742 esse
1348 1677 1726 1759 simpliciter
1768 1697 1881 1759 per

374 1777 637 1860 aliquod
668 1777 986 1850 accidens,
1020 1778 1128 1840 sed
1160 1796 1298 1840 esse
1332 1777 1473 1838 tale.
1498 1777 1882 1858 Sequeretur

1988 789 2339 863 solvenS,et
2373 791 2539 852 inter
2568 798 2777 853 cetera
2806 791 3046 863 (1166113,
3067 789 3234 871 quod
3268 806 3489 850 secun-

1988 888 2141 949 dum
2179 888 2542 962 nonnuHOS,
2575 889 2828 951 Boetius
2871 909 2983 970 per
3011 891 3184 968 quod
3212 897 3328 957 est,
3359 902 3484 947 non

1988 986 2196 1049 solum
2229 987 2515 1067 designat
2544 987 2910 1062 essentiam,
2944 987 3054 1050 sed
3083 985 3484 1067 suppositum

1991 1091 2296 1156 creatum,
2359 1085 2530 1165 quod
2591 1085 2746 1147 dicit
2810 1093 3084 1146 creatam
3146 1081 3486 1146 essentiam

1990 1202 2136 1245 cum
2201 1182 2598 1244 naturalibus
2658 1183 2790 1244 suis
2851 1181 3382 1264 proprietatibus3
3427 1187 3489 1242 et

1993 1300 2106 1363 per
2145 1301 2274 1340 esse
2313 1299 2424 1343 seu
2464 1285 2637 1360 quod
2673 1291 2790 1352 esc,
2822 1281 3082 1363 quidam
3126 1279 3490 1360 intelligunt

1992 1399 2131 1442 esse
2189 1378 2481 1442 divinum
2539 1386 2602 1441 et
2660 1380 3034 1452 increatum,
3092 1396 3220 1460 quo
3277 1376 3491 1439 omnia

1993 1488 2143 1541 sunt
2181 1478 2561 1552 efficienter,
2603 1495 2729 1541 non
2771 1478 3142 1541 formaliter.
3176 1513 3255 1522 —
3293 1478 3489 1557 Argu-

1997 1585 2282 1640 mentum
2342 1594 2596 1658 quoque
2655 1595 2782 1659 quo
2840 1575 3110 1639 Thomas
3171 1575 3489 1658 praecipue

1992 1675 2196 1736 utitur
2237 1693 2312 1736 ac
2356 1675 2542 1737 inniti
2586 1676 2861 1750 videtur,
2899 1677 3068 1756 quod
3112 1674 3357 1737 scilicet
3399 1694 3492 1736 es-

1992 1773 2197 1835 sentia
2245 1781 2451 1855 potest
2496 1774 2763 1854 intelligi
2815 1781 3045 1856 praeter
3091 1792 3279 1836 suum
3327 1791 3487 1847 esse,

376 1876 807 1958 itaque,quod
837 1877 1111 1939 essentia
1138 1875 1345 1957 angeli
1378 1895 1493 1957 per
1521 1893 1709 1937 suum
1741 1893 1879 1936 esse
1916 1873 1964 1936 B
1995 1871 2123 1932 imo
2173 1879 2235 1933 et
2285 1870 2606 1933 intellecto
2654 1871 2763 1933 illo
2814 1889 2938 1933 non
2989 1891 3150 1945 esse,
3195 1872 3352 1933 dicit
3400 1873 3491 1934 sic

378 1993 509 2037 non
542 1975 804 2037 haberet
834 1993 972 2037 esse
1011 1974 1389 2056 simpliciter
1419 1992 1495 2036 eo
1536 1973 1721 2036 modo
1753 1990 1879 2054 quo

376 2093 519 2136 esse
569 2073 952 2155 simpliciter
1000 2073 1305 2155 competit
1354 2082 1675 2135 creaturae.
1726 2072 1878 2134 Esse

377 2189 553 2252 erge,
594 2173 763 2234 ultra
808 2172 1149 2234 essentiam
1198 2171 1405 2252 angeli
1457 2191 1569 2233 seu
1618 2170 1879 2232 alterius

380 2275 689 2332 creaturae
756 2287 885 2332 non
951 2269 1106 2332 dicit
1174 2268 1297 2331 nisi
1364 2268 1737 2331 relationem
1802 2269 1879 2330 ad

382 2368 585 2430 Deum
638 2369 703 2430 in
749 2375 1057 2449 quantum
1100 2375 1195 2430 est
1239 2386 1428 2429 causa
1476 2365 1770 2428 efficiens
1818 2373 1882 2427 et

379 2465 563 2528 dator
622 2465 827 2548 ipsius
884 2485 1042 2528 esse.
1105 2465 1251 2528 ldeo
1307 2482 1433 2528 non
1490 2463 1879 2537 conceditur,

380 2565 553 2646 quod
582 2583 725 2626 esse
764 2572 1067 2628 creaturae
1096 2571 1193 2626 est
1221 2583 1336 2625 sua
1376 2563 1683 2642 essentia3
1718 2563 1882 2626 sicut

381 2681 501 2725 nec
551 2663 694 2737 ista,
730 2663 994 2726 Currere
1041 2670 1138 2724 est
1184 2681 1408 2725 cursus
1455 2680 1468 2724 ε
1513 2662 1664 2743 quia
1714 2661 1883 2742 quod

380 2780 610 2824 cursus
639 2761 797 2822 dicit
825 2760 1133 2834 absolute,
1166 2780 1422 2823 currere
1453 2759 1777 2840 significat
1815 2760 1881 2820 in

382 2859 689 2921 relatione
720 2859 797 2920 ad
830 2867 1210 2922 currentem.
1236 2859 1711 2931 Verumtamen,
1735 2875 1887 2939 quo-

384 2958 559 3020 niam
611 2957 833 3020 relatio
882 2966 1185 3020 creaturae
1226 2958 1303 3019 ad
1348 2958 1630 3019 datorem
1684 2957 1884 3039 ipsius

384 3155 531 3217 ideo
557 3155 697 3217 sive
734 3155 980 3216 dicatur
1008 3155 1178 3236 quod
1207 3173 1346 3216 esse
1378 3162 1680 3217 creaturae
1720 3153 1887 3214 dicat

385 3271 523 3314 rem
569 3253 853 3334 aliquam
900 3252 1256 3314 absolutam
1308 3252 1473 3314 ultra
1518 3251 1883 3324 essentiam,

386 3351 523 3412 sive
567 3351 772 3413 solam
818 3349 1209 3424 relationem,
1247 3349 1727 3412 concedendum
1768 3357 1884 3422 est,

388 3449 559 3530 quod
592 3449 660 3510 in
698 3448 924 3529 angelo
952 3450 1265 3530 omnique
1295 3456 1506 3511 creata
1535 3448 1889 3510 substantia

386 3555 484 3609 est
524 3546 908 3628 compositio
948 3548 1237 3628 quaedam
1282 3547 1470 3610 realis
1508 3566 1586 3609 ex
1623 3565 1763 3608 esse
1800 3553 1890 3608 at-

388 3664 515 3726 que
555 3645 853 3707 essentia.
886 3681 967 3690 —
996 3646 1068 3707 Et
1106 3647 1159 3708 si
1200 3645 1349 3707 huic
1386 3645 1729 3725 objiciatur
1758 3644 1891 3726 opi-

390 3743 592 3818 nioni,
618 3744 790 3824 quod
822 3761 1160 3825 possumus
1192 3744 1545 3825 intelligere
1575 3743 1890 3805 actualem

388 3843 833 3907 exsistentiam
876 3843 1082 3924 angeli
1126 3861 1251 3906 non
1294 3843 1707 3924 intelligendo
1749 3861 1890 3904 eam

392 3942 514 4005 sub
546 3942 791 4004 ratione
822 3960 949 4022 qua
985 3949 1231 4003 creatus
1262 3949 1357 4003 est
1376 3959 1391 4021 ;
1425 3942 1568 4003 dico
1607 3941 1776 4022 quod
1816 3959 1892 4002 60

398 4041 587 4103 modo
618 4057 747 4123 quo
786 4039 1073 4119 intelligo
1110 4039 1421 4101 actualem
1453 4039 1891 4102 exsistentiam

394 4139 629 4220 angeli,
665 4138 951 4219 intelligo
994 4139 1365 4200 relationem
1410 4137 1550 4217 ejus
1596 4138 1672 4199 ad
1719 4138 1896 4200 Crea-

1993 1987 2178 2052 posse
2219 1970 2377 2032 solvi
2414 1988 2427 2030 :
2461 1970 2759 2043 Quamvis
2799 1971 3074 2032 essentia
3114 1969 3322 2051 angeli
3364 1989 3490 2033 non

1992 2077 2183 2151 queat
2225 2069 2491 2149 intelligi
2534 2077 2759 2150 praeter
2801 2069 2861 2130 id
2903 2069 3072 2150 quod
3114 2069 3368 2131 realiter
3395 2078 3492 2131 est

1992 2188 2180 2230 suum
2228 2187 2388 2240 esse,
2441 2175 2718 2230 attamen
2780 2174 2987 2250 potest
3036 2167 3304 2248 intelligi
3363 2186 3490 2240 non

1992 2266 2113 2328 sub
2145 2266 2395 2329 formali
2429 2285 2501 2328 ac
2536 2267 2791 2348 propria
2831 2267 3072 2329 ratione
3104 2285 3230 2348 qua
3257 2266 3493 2328 dicitur

1991 2385 2151 2440 esse,
2187 2365 2337 2447 quia
2374 2365 2662 2445 ejusdem
2711 2365 3121 2428 materialiter
3158 2384 3270 2426 seu
3311 2365 3491 2426 reali-

1993 2471 2088 2526 ter
2137 2472 2402 2546 possunt
2451 2482 2588 2525 esse
2647 2463 2921 2525 rationes
2980 2463 3263 2526 diversae.
3319 2463 3494 2526 Unde
3535 2525 3548 2530 -

1994 2562 2265 2643 intelligi
2308 2568 2511 2643 potest
2552 2560 2725 2623 color
2761 2579 2888 2623 non
2929 2561 3048 2623 sub
3091 2561 3332 2625 ratione
3369 2581 3496 2643 qua

1994 2661 2288 2743 specialis
2339 2659 2532 2732 color,
2587 2659 2792 2722 nihilo
2842 2660 3056 2722 minus
3116 2661 3286 2722 idem
3343 2668 3494 2722 sunt

1994 2760 2167 2822 color
2211 2766 2274 2821 et
2316 2758 2613 2840 specialis
2658 2758 2848 2821 color.

2074 2858 2377 2920 Praeterea
2421 2857 2574 2938 quid
2620 2858 2739 2919 hac
2779 2857 2856 2919 de
2897 2876 2962 2918 re
3006 2857 3235 2919 sentiat
3272 2855 3493 2919 Henri-

1996 2976 2129 3030 6113,
2183 2956 2426 3018 dietum
2480 2963 2576 3017 est
2629 2974 2821 3036 supra
2880 2955 3185 3037 primum,
3239 2955 3347 3017 ubi
3406 2955 3496 3017 in·
3547 2967 3779 3020 tom.xtx‚

381 3075 546 3130 esse,
570 3076 673 3119 res
702 3056 918 3138 aliqua
945 3064 1061 3130 est,
1090 3056 1383 3138 quamvis
1414 3074 1542 3118 non
1572 3055 1882 3127 absoluta,
1923 3051 2186 3117 Cducta
2242 3062 2336 3116 est
2395 3053 2536 3134 ejus
2599 3054 2927 3135 responsio
2985 3053 3053 3114 in
3114 3054 3321 3135 primo
3378 3071 3495 3116 suo
3521 3030 3728 3086 ‘'⁴⁰⁵¹'’

1997 3151 2392 3226 QuodlibetO,
2426 3151 2775 3233 quaestione
2815 3168 2999 3213 nona.
3035 3151 3268 3213 Verum
3307 3151 3494 3214 tertio

1996 3251 2392 3325 Quodlibeto,
2453 3250 2802 3332 quaestione
2862 3267 3046 3324 nona,
3107 3251 3353 3332 quaerit,
3413 3269 3494 3312 an

2000 3350 2292 3432 ponenda
2339 3349 2422 3411 sit
2468 3349 2740 3411 essentia
2787 3348 3008 3430 aliqua·
3049 3349 3114 3411 in
3164 3349 3492 3422 creaturiS,

2001 3467 2113 3531 per
2174 3446 2672 3509 indifferentiam
2721 3466 2788 3509 se
2837 3447 3077 3508 habens
3125 3447 3203 3509 ad
3251 3465 3389 3510 esse
3436 3454 3500 3508 et

2002 3564 2127 3609 non
2158 3563 2316 3608 esse.
2353 3545 2428 3607 Et
2457 3544 2662 3626 arguit
2694 3545 2862 3626 quod
2905 3545 2997 3607 sic
3031 3564 3044 3608 :
3079 3545 3382 3626 quoniam
3421 3545 3501 3607 ad

2002 3643 2334 3708 scientiam
2376 3641 2732 3704 habendam
2763 3643 2840 3711 de
2874 3662 2964 3718 re,
2996 3660 3125 3705 non
3158 3643 3506 3725 requiritur

2001 3761 2141 3805 esse
2191 3760 2398 3822 neque
2457 3759 2582 3803 non
2635 3759 2775 3803 esse
2833 3741 2946 3803 rei.
2997 3740 3155 3803 Nam
3217 3741 3351 3802 sive
3405 3760 3504 3804 res

2003 3840 2336 3902 actualiter
2380 3840 2483 3913 sit,
2528 3839 2662 3901 sive
2713 3857 2838 3901 non
2890 3839 2993 3912 sit,
3039 3838 3244 3900 nihilo
3293 3838 3506 3901 minus

2005 3939 2204 4000 scitur
2233 3938 2310 3999 de
2351 3956 2426 3999 ea
2464 3936 2618 4018 quid
2660 3937 2760 3998 sit.
2797 3936 2872 3997 Et
2907 3936 3246 4018 respondet
3281 3953 3296 3998 ε
3331 3935 3508 3998 Sicut

2005 4038 2143 4099 vult
2199 4036 2520 4099 Avicenna
2585 4035 2790 4116 primo
2847 4033 3289 4116 Metaphysicae
3351 4053 3502 4109 suae,

2006 4153 2403 4217 unaquaeque
2466 4151 2564 4194 res
2625 4132 2690 4193 in
2749 4151 2864 4194 sua
2923 4139 3145 4193 natura
3202 4131 3506 4213 specifica

396 4247 623 4301 torem.
678 4237 742 4299 Si
790 4237 961 4298 enim
1021 4236 1307 4317 intelligo
1364 4237 1676 4299 actualem
1735 4237 1895 4299 exsi-
1923 4235 1972 4297 D
2006 4233 2199 4297 habet
2229 4232 2676 4295 certitudinem
2710 4230 3210 4312 propriam,quae
3239 4237 3336 4292 est
3363 4230 3504 4310 ejus

396 4337 698 4398 stentiam
738 4335 879 4415 ejus
920 4336 982 4397 in
1025 4335 1373 4408 communi,
1409 4335 1695 4416 intelligo
1738 4335 1895 4398 rela—

398 4435 641 4497 tionem
671 4432 814 4513 ejus
844 4432 922 4494 ad
961 4435 1243 4496 datorem
1273 4433 1373 4495 sui
1405 4451 1543 4495 esse
1583 4433 1894 4515 implicite

396 4539 589 4614 atque
623 4531 687 4593 in
718 4531 1035 4612 generali3
1068 4531 1121 4592 si
1159 4538 1373 4592 autem
1412 4531 1699 4612 intelligo
1727 4539 1897 4594 actu-

394 4631 564 4694 alem
594 4629 1033 4692 exsistentiam
1063 4630 1203 4710 ejus
1233 4629 1532 4692 distincte
1563 4638 1627 4691 et
1658 4631 1723 4692 in
1757 4649 1895 4712 spe-

396 4730 569 4804 ciali,
626 4727 914 4808 intelligo
972 4727 1341 4790 relationem
1401 4727 1603 4809 ipsius
1663 4729 1741 4790 ad
1798 4729 1899 4790 sui

394 4847 539 4890 esse
586 4829 869 4890 datorem
923 4826 986 4887 in
1037 4825 1297 4907 speciali
1347 4833 1410 4886 et
1456 4826 1776 4888 distincte.
1822 4861 1902 4871 —

398 4928 545 4990 Haec
586 4925 957 4989 RicharduS.

480 5024 598 5098 Qui
631 5022 889 5085 divertit
927 5022 1003 5084 ad
1046 5022 1185 5094 hoc,
1220 5021 1391 5102 quod
1430 5039 1567 5083 esse
1608 5021 1905 5103 superad-

402 5123 497 5185 dit
527 5121 819 5185 essentiae
850 5119 1004 5202 quid
1036 5120 1239 5197 reale3
1282 5119 1390 5182 sed
1420 5138 1499 5181 an
1532 5119 1903 5182 relationem

404 5223 757 5293 dumtaxat,
790 5237 871 5280 an
914 5217 1070 5300 quid
1110 5217 1499 5291 absolutum,
1533 5236 1660 5280 non
1702 5217 1906 5278 deter-

410 5321 632 5395 minat,
694 5319 805 5380 sed
862 5335 978 5400 per
1035 5316 1296 5378 modum
1356 5315 1781 5378 indifferentis
1838 5333 1906 5376 se

2008 4331 2352 4415 quidditas,
2405 4348 2532 4412 qua
2589 4336 2686 4391 est
2742 4328 2805 4390 id
2864 4329 3031 4410 quod
3090 4335 3208 4402 est,
3257 4336 3318 4390 et
3375 4345 3504 4390 non

2007 4428 2181 4490 aliud
2222 4447 2258 4489 a
2297 4447 2382 4489 se.
2419 4427 2578 4489 Hinc
2627 4425 2923 4488 convenit
2965 4425 3022 4486 ei
3074 4425 3342 4488 intentio
3391 4445 3503 4488 3611

2010 4527 2169 4589 ratio
2219 4545 2345 4607 qua
2392 4524 2627 4587 dicitur
2676 4543 2775 4586 res
2821 4540 2834 4585 :
2876 4542 3018 4605 quae
3066 4523 3337 4586 intentio
3381 4525 3506 4586 alia

2009 4634 2105 4688 est
2142 4625 2223 4687 ab
2268 4623 2623 4686 intentione
2673 4622 2875 4704 ipsius
2918 4641 3078 4694 esse,
3113 4641 3255 4703 quae
3297 4621 3506 4702 sequi-

2013 4731 2114 4785 tur
2152 4722 2573 4784 intentionem
2615 4720 2922 4782 essentiae.
2959 4719 3048 4780 Ex
3079 4719 3201 4781 hoc
3231 4737 3508 4800 namque

2012 4822 2183 4903 quod
2223 4820 2535 4882 certitudo
2575 4819 2665 4881 rei
2706 4826 2802 4881 est
2841 4818 2902 4879 id
2943 4816 3112 4898 quod
3153 4823 3250 4878 est
3285 4836 3508 4879 secun-

2013 4921 2165 4981 dum
2217 4938 2306 4992 se,
2358 4937 2435 4980 ex
2485 4918 2605 4980 hoc
2653 4916 2972 4998 (inquam)
3018 4914 3210 4977 habet
3257 4934 3394 4978 esse
3446 4915 3510 4978 in

2013 5018 2227 5080 anima
2276 5036 2388 5079 seu
2441 5016 2508 5078 in
2553 5023 2864 5097 conceptu
2914 5013 3274 5076 intellectus
3317 5014 3510 5076 creati

2014 5123 2124 5178 aut
2185 5115 2470 5187 increati,
2532 5121 2641 5176 aut
2700 5113 2766 5175 in
2825 5111 3254 5193 singularibus
3312 5119 3505 5174 extra.

2018 5213 2341 5277 Cer-titudo
2408 5212 2647 5294 quippe
2714 5218 2951 5272 naturae
3020 5209 3506 5292 cujuscumque,

2018 5320 2329 5394 quantum
2374 5318 2471 5372 est
2508 5312 2586 5373 de
2632 5329 2719 5383 se,
2753 5307 2942 5370 habet
2985 5316 3362 5390 conceptum
3406 5308 3512 5372 ab·
