4334 6242
883 463 964 528 64
1571 483 1634 530 111
1675 482 1896 529 aranon
1937 481 1982 528 11
2023 477 2509 527 saN'rENnAmm.
2551 499 2631 509 —
2672 482 2823 528 msr.
2872 481 2933 546 13
2976 484 3200 541 QUAEST.
3248 485 3315 531 111

887 652 1054 715 diate
1105 653 1476 734 producere,
1528 653 1697 735 quod
1749 653 1913 714 Deus
1971 669 2097 713 non
2148 657 2379 732 posset.
2416 651 2467 712 A
2501 658 2868 714 naturarum
2896 653 3029 733 jam
3060 653 3495 716 institutarum
3526 655 3877 716 secundum
3910 653 4001 715 in-

889 752 1212 826 Praeterea,
1247 753 1299 814 si
1341 752 1759 832 intelligentia
1798 771 1912 834 per
1950 751 2070 813 hoc
2099 759 2196 812 est
2227 749 2387 812 mul-

888 851 1182 912 titudinis
1214 870 1402 913 causa
1432 850 1602 933 quod
1635 849 1933 930 intelligit
1965 851 2385 931 plura,quum

888 949 1080 1012 etiam
1141 949 1348 1032 prima
1405 968 1594 1011 causa
1654 949 1965 1029 intelligat
2011 967 2079 1009 56
2129 955 2191 1009 61
2239 948 2383 1020 6116,

889 1049 1120 1130 poterit
1158 1066 1296 1110 esse
1337 1048 1705 1110 immediata
1745 1065 2187 1132 causasrerum
2228 1045 2389 1107 mul-

891 1154 1116 1209 tarum.
1165 1147 1426 1220 RursuS,
1480 1146 1838 1208 intellectus
1890 1145 2210 1229 practicus
2260 1163 2387 1206 non

889 1253 984 1307 est
1017 1245 1409 1327 principium
1450 1244 1672 1308 formae
1704 1245 1768 1306 in
1798 1263 2011 1326 opere,
2047 1243 2168 1305 nisi
2214 1243 2387 1305 illius

887 1344 965 1406 ad
1011 1364 1202 1426 quam
1247 1344 1440 1406 refert
1482 1361 1661 1425 opus.
1698 1344 1903 1416 Quum
1947 1351 2158 1406 autem
2207 1341 2388 1404 intel-

892 1443 1149 1524 ligentia
1185 1443 1483 1524 intelligit
1521 1461 1586 1504 sc
1627 1450 1690 1504 61
1721 1443 1877 1504 1111111
1918 1461 1955 1504 6
1992 1459 2121 1523 quo
2158 1447 2276 1512 est,
2308 1439 2387 1500 ad

890 1541 1048 1603 illud
1111 1541 1504 1603 intellectum
1569 1541 1706 1622 ipsa
1764 1558 1889 1602 non
1951 1539 2144 1601 refert
2203 1557 2383 1620 opuS.

890 1640 1052 1720 Ergo
1083 1659 1160 1702 ex
1190 1640 1310 1702 hoc
1343 1639 1502 1701 nihil
1545 1639 1806 1701 resultat
1837 1638 1902 1700 in
1933 1656 2124 1720 opere
2160 1655 2175 1699 :
2210 1644 2273 1698 et
2303 1637 2390 1698 ita

889 1757 1009 1801 nec
1047 1739 1254 1800 unitas
1286 1756 1403 1799 nec
1437 1738 1778 1800 multitudo
1813 1745 2020 1819 potest
2053 1755 2191 1798 esse
2224 1736 2289 1797 in
2322 1754 2388 1798 re

2500 748 2661 811 ditas
2706 750 2828 812 sibi
2879 751 3068 832 16365,
3102 772 3245 834 quae
3282 761 3345 814 et
3386 772 3499 834 per
3536 753 3807 815 alterum
3852 752 3995 814 fieri

2500 856 2728 930 potest.
2748 849 2818 910 In
2851 851 3059 931 primo
3086 851 3309 913 ordine
3340 851 3506 913 facta
3534 859 3685 914 sunt
3713 869 3856 933 11οω
3888 868 4003 933 per

2500 948 2971 1028 generationem
3016 949 3159 1011 fieri
3206 958 3562 1031 nequeunt3
3608 950 3673 1012 in
3721 949 4004 1013 secundo

2501 1045 2669 1108 fiunt
2699 1048 2891 1110 etiam
2922 1067 2996 1110 ea
3027 1068 3169 1130 quae
3201 1067 3315 1130 per
3346 1049 3819 1130 generationem
3863 1063 4004 1130 pos-

2502 1152 2650 1206 sunt
2692 1145 2977 1228 produci.
3013 1147 3201 1210 Porro
3239 1167 3378 1229 quae
3418 1166 3544 1210 non
3590 1147 3825 1209 habent
3864 1165 4003 1207 esse

2504 1261 2621 1305 nec
2662 1253 2928 1325 possunt
2965 1244 3109 1307 fieri
3152 1264 3266 1326 per
3304 1245 3799 1326 generationem,
3836 1243 4003 1306 sicut

2503 1341 2882 1423 spiritualia,
2936 1351 2999 1404 et
3047 1363 3188 1425 quae
3237 1361 3364 1407 non
3416 1343 3652 1406 habent
3700 1342 4005 1405 contrari-

2505 1459 2637 1513 um,
2672 1448 2740 1502 ut
2784 1441 3066 1504 coelestia
3107 1459 3391 1523 corpora,
3436 1451 3500 1504 et
3541 1461 3683 1524 quae
3729 1460 3855 1503 non
3901 1441 4005 1502 ha-

2504 1537 2659 1600 bent
2704 1547 2849 1601 ante
2898 1558 2965 1602 se
3016 1540 3225 1602 simile
3276 1560 3405 1603 suae
3463 1541 3723 1622 speciei,
3778 1548 3850 1601 ut
3896 1557 4002 1620 ge-

2504 1637 2886 1700 nerabilium
2944 1647 3008 1699 et
3057 1638 3571 1720 corruptibilium
3630 1639 4002 1721 hypostases

2507 1737 2749 1818 111-11016,
2784 1735 2950 1799 facta
2988 1744 3134 1799 sunt
3176 1737 3541 1800 immediate
3572 1758 3608 1800 a
3639 1739 3768 1800 Deo
3802 1756 3817 1801 :
3852 1756 4005 1819 quo-

891 1845 1118 1910 creata,
1153 1855 1230 1898 ex
1271 1836 1390 1898 hoc
1428 1836 1596 1917 quod
1638 1835 2056 1916 intelligentia
2093 1834 2391 1914 intelligit
2427 1835 2475 1897 B
2506 1835 2676 1896 niam
2712 1835 2924 1897 omnis
2961 1835 3283 1916 generatio
3317 1836 3621 1898 naturalis
3656 1835 3733 1898 fit
3762 1855 3839 1898 ex
3874 1855 4003 1898 ma-

891 1953 958 1996 se
998 1943 1060 1996 61
1095 1934 1158 1996 111
1198 1955 1234 1997 6
1275 1951 1401 2016 quo
1441 1942 1556 1996 est.
1591 1934 1734 1997 Haec
1771 1933 2060 1996 Albertus
2101 1933 2166 1995 in
2208 1933 2388 1995 Sum-

893 2053 1010 2095 mae
1054 2052 1184 2096 suae
1225 2033 1504 2095 secunda
1548 2041 1745 2114 parte,
1790 2033 2139 2115 quaestione
2183 2031 2384 2093 tertia.

969 2130 1156 2193 Porro
1187 2130 1252 2192 in
1285 2137 1646 2192 commento
1676 2146 1792 2192 5110
1823 2148 2013 2211 super
2045 2128 2280 2190 librum
2311 2127 2388 2188 de

891 2228 1132 2302 CausiS‚
1163 2227 1460 2290 Albertus
1501 2229 1869 2310 opinionem
1912 2227 2087 2288 illam
2124 2227 2389 2288 Avicen-

891 2347 989 2390 nae
1027 2335 1091 2389 et
1131 2327 1665 2390 consentientium
1706 2327 1764 2388 61
1805 2324 2107 2387 diffusius
2151 2331 2385 2396 narrat,

889 2445 1158 2508 eamque
1208 2425 1480 2488 multum
1533 2425 1978 2487 commendare
2029 2423 2280 2486 videtur
2328 2430 2391 2484 et

889 2524 1263 2607 approbare,
1288 2524 1622 2586 affirmans
1655 2523 2156 2606 propositionem
2188 2522 2386 2594 illam,

890 2622 986 2686 Ab
1019 2642 1148 2686 uno
1178 2623 1457 2704 simplici
1491 2641 1616 2685 non
1649 2631 1744 2684 est
1775 2622 1899 2684 nisi
1933 2641 2134 2684 unum
2167 2621 2389 2682 imme-

893 2723 1061 2784 diate
1106 2723 1459 2785 secundum
1507 2728 1746 2784 naturae
1788 2721 2100 2794 ordinem,
2133 2739 2170 2781 a
2214 2719 2391 2782 nullo

895 2821 1276 2902 philosopho
1323 2839 1461 2882 esse
1511 2828 1824 2901 negatam,
1868 2819 1991 2881 nisi
2041 2818 2121 2881 ab
2169 2818 2389 2880 Avice-

894 2919 1054 2981 bron
1087 2919 1151 2981 in
1185 2918 1350 2981 libro
1379 2919 1592 2981 Fontis
1623 2919 1790 2990 vitae,
1812 2917 1922 2979 ubi
1953 2918 2041 2979 ait
2072 2916 2391 2978 binarium

2504 1935 2663 1995 teria
2708 1934 2923 2014 aliqua
2980 1943 3093 2014 per
3150 1935 3465 1996 actionem
3514 1935 3999 2008 contrariorum,

2504 2032 2738 2094 virtute
2770 2040 3009 2094 naturae
3039 2051 3117 2094 ex
3146 2033 3467 2095 similibus
3503 2032 3740 2096 similia
3775 2035 4004 2115 produ—

2506 2129 2728 2192 centis,
2763 2130 2907 2193 Haec
2950 2131 3187 2192 PetruS.

2584 2229 2905 2290 Postremo
2963 2228 3028 2290 in
3088 2229 3297 2310 primo
3355 2229 3520 2292 libro
3567 2230 3647 2292 de
3696 2229 4003 2292 Universo

2504 2326 2883 2390 Guillelmus
2930 2327 3299 2390 Parisiensis
3342 2327 3419 2388 de
3463 2328 3565 2390 his
3613 2327 3837 2390 scribit
3884 2327 4005 2390 dif-

2505 2424 2643 2486 fuse
2668 2443 2682 2486 :
2705 2425 3057 2488 Posuerunt
3078 2425 3434 2508 (inquiens)
3461 2426 3843 2508 philosophi,
3874 2445 4005 2488 ma-

2504 2524 2673 2586 xime
2713 2524 3133 2605 Peripatetici,
3168 2524 3230 2587 id
3274 2532 3371 2586 est
3412 2543 3715 2607 sequaces
3763 2525 4000 2587 Aristo-

2504 2622 2668 2694 telis,
2724 2630 2786 2684 et
2843 2622 2953 2704 qui
3014 2620 3383 2685 famosiores
3442 2631 3621 2685 erant
3676 2623 3755 2685 de
3812 2631 4001 2704 gente

2501 2719 2782 2783 Arabum
2821 2721 2886 2782 in
2916 2721 3269 2784 Aristotelis
3299 2721 3682 2802 disciplinis,
3716 2721 4001 2804 primum

2504 2824 2787 2881 creatum
2845 2839 2922 2881 ex
2982 2820 3357 2882 necessitate
3414 2819 3615 2882 fuisse
3676 2838 3877 2880 unum
3936 2825 4002 2879 et

2504 2918 2767 2981 unicum
2795 2919 3003 3000 :quod
3033 2918 3331 2981 dixerunt
3360 2937 3500 2980 esse
3532 2917 4001 2980 nobilissimam

897 3018 1261 3079 immediate
1308 3017 1389 3079 ab
1439 3019 1679 3080 unitate
1729 3017 2087 3098 procedere.
2131 3016 2388 3090 Verum,
2429 3015 2472 3078 C
2505 3017 2989 3098 intelligentiam
3031 3025 3435 3078 emanantem
3475 3037 3512 3078 a
3555 3016 3843 3078 Creatore
3887 3033 4005 3097 per

896 3123 966 3177 ut
1012 3115 1281 3197 ipsemet
1324 3115 1620 3176 Albertus
1671 3115 1738 3176 in
1787 3114 1896 3175 illo
1944 3113 2179 3175 fatetur
2226 3130 2394 3175 com-

897 3220 1132 3287 mento,
1189 3214 1325 3295 ipse
1381 3231 1509 3275 non
1570 3213 1852 3295 loquitur
1903 3211 1994 3273 ibi
2049 3212 2170 3274 nisi
2230 3211 2392 3274 Peri-

897 3312 1320 3396 pateticorum
1379 3312 1760 3378 sententiam
1816 3311 2213 3392 exponendO,
2275 3328 2394 3372 nec

896 3411 1247 3493 quidquam
1315 3410 1393 3472 de
1462 3409 1737 3491 propriis
1805 3409 2257 3471 interserendo:
2324 3409 2393 3470 Iu

897 3511 1153 3572 Summa
1182 3517 1390 3571 autem
1423 3528 1530 3570 sua
1559 3509 2056 3590 propositionem
2088 3508 2263 3569 illam
2292 3526 2395 3568 ex-

896 3608 1098 3691 ponit,
1134 3615 1322 3690 prout
1357 3606 1546 3688 paulo
1586 3615 1730 3688 post
1771 3607 1836 3668 in
1873 3613 2392 3687 argumentorum

897 3706 1211 3768 solutione
1281 3705 1540 3788 patebit.
1617 3706 2067 3768 Verumtamen
2145 3704 2397 3785 objecta

897 3805 1186 3885 quaedam
1228 3822 1398 3866 nunc
1450 3810 1633 3878 tacta,
1676 3823 1818 3885 quae
1865 3803 2089 3884 objicit
2131 3803 2397 3866 Avicen-

897 3922 1000 3977 na,
1023 3923 1102 3965 ex
1133 3903 1232 3966 his
1263 3923 1404 3985 quae
1437 3902 1502 3964 in
1535 3901 1798 3985 praefato
1825 3921 1940 3965 5110
1971 3901 2197 3964 scribit
2226 3920 2395 3965 com-

898 4008 1113 4064 mento
1155 4001 1427 4063 faciliter
1471 4001 1885 4064 solverentur.

977 4099 1085 4161 His
1117 4099 1456 4161 concordat
1485 4099 1834 4173 Udalricus,
1869 4098 2055 4180 cujus
2087 4099 2256 4161 dicta
2286 4116 2395 4180 op·

898 4197 1378 4280 portunioribus
1423 4197 1577 4259 locis
1622 4196 1788 4259 infra
1833 4205 2168 4278 ponentur.

977 4297 1196 4359 Petrus
1244 4314 1498 4379 quoque
1548 4295 1716 4357 circa
1764 4295 1897 4358 haec
1947 4303 2335 4358 contestatur
2378 4314 2391 4359 :

898 4395 1146 4476 Duplex
1188 4403 1284 4456 est
1330 4414 1541 4456 rerum
1587 4394 1788 4455 ordo:
1824 4411 1990 4454 unus
2033 4392 2257 4474 111-111116
2302 4393 2396 4456 in·

897 4493 1246 4556 stitutionis
1285 4493 1350 4555 in
1391 4493 1616 4575 primis
1657 4492 1789 4554 suis
1830 4491 2207 4573 principiis3
2239 4491 2399 4554 alter

898 4591 1368 4674 propagationis
1411 4598 1472 4652 61
1516 4590 2034 4653 conservationis.
2076 4590 2144 4651 ln
2188 4591 2398 4673 primo

895 4689 1118 4752 ordine
1167 4690 1338 4753 solus
1399 4688 1564 4750 Deus
1623 4688 1988 4750 immediate
2035 4695 2130 4750 est
2177 4706 2398 4770 opera-

897 4795 1036 4868 tus;
1089 4788 1156 4850 in
1213 4787 1494 4850 secundo
1548 4793 1762 4848 autem
1822 4787 2042 4848 ordine
2099 4795 2400 4869 operatur

897 4904 1070 4948 nunc
1118 4904 1233 4967 per
1283 4877 1711 4948 ministerium
1761 4891 2215 4947 creaturarum.
2267 4886 2398 4949 Pri-

901 5003 1043 5047 mus
1073 4983 1312 5046 etenim
1342 4983 1496 5046 ordo
1528 4982 1650 5044 fuit
1679 4983 1996 5046 institutio
2026 4992 2397 5048 naturarum

899 5091 962 5145 et
989 5081 1374 5143 naturalium
1417 5081 1651 5162 legum,
1684 5101 1826 5163 quae
1872 5082 2147 5163 pertinet
2188 5083 2265 5144 ad
2306 5101 2401 5146 so·

900 5181 1036 5242 lum
1094 5180 1288 5243 totius
1345 5188 1584 5243 naturae
1643 5179 2004 5242 Dominum.
2069 5180 2399 5243 Secundus

899 5297 1050 5343 vero
1088 5279 1242 5342 ordo
1281 5286 1376 5342 651
1418 5278 1866 5361 multiplicatio
1904 5286 1966 5339 et
2001 5279 2399 5342 conservatio

2504 3115 2898 3177 intellectum
2934 3115 3134 3197 ipsius
3165 3133 3291 3197 quo
3326 3115 3636 3176 intellexit
3664 3132 3731 3176 se
3764 3115 3999 3196 ipsum,

2506 3222 2576 3275 ut
2619 3214 3090 3276 lucidissimum
3140 3214 3313 3276 illius
3355 3213 3701 3296 exemplar.
3744 3213 3857 3275 Illa
3900 3213 4004 3274 de-

2506 3332 2683 3374 mum
2734 3312 3153 3394 intelligentia
3211 3312 3438 3394 prima,
3491 3311 3771 3394 primum
3822 3311 4003 3373 intel-

2507 3411 2709 3493 ligens
2758 3419 3104 3473 creatorem
3164 3429 3351 3472 suum
3404 3410 3471 3472 in
3521 3409 4003 3495 magnificentia

2506 3529 2618 3572 sua
2676 3517 2741 3572 et
2796 3509 3016 3589 gloria,
3075 3509 3250 3571 velut
3309 3516 3483 3571 tanto
3547 3508 3791 3571 lumine
3846 3525 4001 3569 exu-

2506 3608 2801 3670 beranter
2842 3607 3138 3669 irradiata
3177 3615 3369 3688 atque
3412 3607 3694 3688 impleta,
3737 3607 4004 3669 emicuit

2506 3715 2807 3788 tanquam
2868 3705 3267 3787 splendorem
3325 3705 3665 3785 quemdam
3715 3725 3751 3767 a
3792 3724 3859 3767 se
3911 3705 4004 3766 in—

2506 3805 2920 3887 telligentiam
2982 3804 3369 3882 secundam3
3429 3803 3791 3884 intelligens
3851 3821 4004 3866 vero

2507 3903 3034 3986 potentialitatem
3066 3921 3270 3976 suam,
3302 3902 3494 3982 ejecit
3526 3909 3824 3984 tanquam
3864 3921 4004 3964 um-

2508 4002 2687 4064 bram
2725 4021 2762 4063 a
2801 4021 2867 4064 se
2913 4000 3243 4062 materiam
3294 3999 3487 4082 primi
3538 4000 3721 4079 coeli3
3770 4000 4005 4063 intelli-

2505 4118 2659 4181 gens
2708 4107 2918 4162 autem
2962 4117 3029 4161 56
3075 4099 3278 4180 ipsam
3322 4099 3387 4160 in
3434 4099 3823 4181 perfectione
3866 4119 4001 4172 sua,

2425 4206 2476 4266 D
2506 4198 2771 4261 emicuit
2809 4198 2885 4260 de
2926 4216 2993 4259 se
3032 4196 3435 4278 splendorem
3478 4196 3853 4270 secundum,
3888 4197 4007 4258 sic-

2503 4317 2631 4380 que
2670 4296 2867 4358 exivit
2905 4296 2982 4358 de
3020 4315 3095 4357 ea
3135 4302 3434 4377 tanquam
3479 4295 3694 4356 radius
3736 4294 4003 4356 minoris

2506 4395 2897 4476 secundique
2958 4393 3242 4468 luminiS,
3306 4393 3510 4456 forma
3574 4392 3765 4474 primi
3830 4393 3997 4456 coeli.

2506 4493 2737 4566 Quarto
2794 4509 3047 4573 quoque
3104 4491 3523 4571 intelligentia
3581 4489 3714 4552 haec
3773 4490 4004 4552 intelli-

2505 4611 2660 4672 gens
2703 4609 2891 4652 suum
2935 4608 3073 4652 esse
3117 4588 3469 4671 spirituale,
3503 4607 3631 4671 quo
3676 4597 3773 4650 est
3816 4589 4003 4651 intel-

2508 4690 2789 4772 ligentia,
2840 4688 3107 4750 emicuit
3154 4688 3231 4767 de
3290 4706 3357 4750 se
3407 4687 3668 4750 tertium
3726 4687 4000 4762 radium,

2506 4789 2786 4850 animam
2829 4787 3019 4869 primi
3053 4787 3221 4860 coeli,
3252 4806 3394 4868 quae
3424 4794 3517 4848 est
3548 4785 3752 4848 virtus
3792 4786 4004 4867 ipsum

2510 4906 2773 4950 movens
2824 4886 3126 4948 localiter.
3183 4885 3427 4948 Coelum
3476 4884 3718 4966 quippe
3767 4884 4005 4946 anima-

2510 4995 2647 5048 tum
2690 5005 2828 5049 esse
2873 4984 3191 5058 dixerunt,
3223 4991 3412 5065 atque
3456 4982 3883 5066 compositum
3926 5001 4005 5046 ex

2511 5103 2771 5167 corpore
2823 5083 3083 5165 proprio
3133 5091 3306 5146 moto
3353 5091 3657 5164 tanquam
3714 5081 4000 5155 materia,

2508 5190 2571 5244 et
2602 5201 2678 5244 ex
2715 5182 2930 5244 anima
2970 5181 3061 5242 sic
3104 5188 3397 5242 movente
3431 5187 3730 5261 tanquam
3772 5179 3999 5241 forma.

2513 5281 2834 5342 Decimam
2866 5296 3017 5341 vero
3060 5278 3544 5360 intelligentiam
3578 5278 3875 5339 dixerunt
3904 5296 4001 5340 es-
