4334 6242
617 1661 682 1703 Ie.
696 1673 865 1712 xxxviii,

601 1725 670 1767 21.

627 2947 680 2990 Ν
693 2948 802 3003 Rey.
819 2963 861 3000 ιι,

599 3013 666 3062 21,
689 3014 756 3054 22.

597 3537 712 3581 Ibat.
733 3551 774 3589 v,
795 3539 858 3580 tt.

595 4028 859 4081 Ibid.v1,5‚6.

888 473 970 538 62

1560 493 1624 538 ΙΝ
1665 493 1886 540 LIBRUM
1931 493 1974 538 11
2018 489 2500 539 SENTENTIARUU.
2546 509 2626 519 -
2667 492 2819 538 DIST.
2870 493 2928 554 13
2972 491 3195 548 QUAEST.
3240 491 3307 539 111

892 662 1061 743 quod
1103 681 1293 724 causa
1342 662 1844 724 instrumentalis
1883 681 2008 725 non
2054 660 2393 743 participat
2424 657 2472 720 A
2507 661 2829 723 concludit
2868 662 3131 743 capituli
3168 680 3183 724 ε
3216 662 3388 726 Patet
3429 681 3578 744 ergo
3617 662 3858 726 salsitas
3894 679 4005 744 po-

892 761 1208 822 actionem
1261 780 1465 824 causae
1515 762 1884 843 superioriS‚
1938 761 2060 823 nisi
2121 780 2235 842 per
2280 760 2395 822 ali-

895 858 1070 940 quid,
1123 867 1268 932 etc.,
1319 860 1571 922 videtur
1621 861 1982 941 procedere,
2038 858 2391 940 praesertim

892 976 1090 1038 quum
1137 958 1302 1020 Deus
1345 958 1751 1039 omnipotens
1795 959 2116 1020 interdum
2161 957 2391 1038 produ—

893 1054 1055 1116 xerit
1088 1057 1391 1135 quosdam
1423 1056 1694 1118 effectus
1733 1055 2247 1138 supernaturales
2279 1073 2394 1135 per

892 1170 1112 1214 causas
1148 1155 1555 1216 secundarias
1597 1153 2109 1216 instrumentales
2141 1173 2285 1235 quae
2313 1172 2390 1214 ex

892 1251 1150 1332 propria
1211 1253 1444 1314 virtute
1512 1272 1637 1314 non
1709 1253 1916 1315 solum
1983 1270 2110 1315 non
2173 1252 2391 1333 dispo-

893 1348 1128 1411 nebant
1178 1369 1296 1412 nec
1344 1351 1717 1432 dispositive
1767 1351 2271 1432 cooperabantur
2312 1350 2388 1412 ad

894 1448 1078 1510 illum
1122 1448 1451 1522 effectum,
1496 1450 1625 1511 imo
1670 1451 1861 1512 etiam
1906 1450 2145 1512 directe
2194 1449 2391 1530 impe-

894 1547 1106 1610 ditivae
1155 1557 1334 1610 erant
1376 1548 1648 1610 effectus
1698 1548 2064 1628 hujusmodi
2111 1567 2124 1611 :
2169 1566 2391 1630 quem—

892 1646 1236 1707 admodum
1295 1646 1361 1707 in
1415 1646 1572 1708 isaia
1631 1646 1920 1719 habetur,
1973 1647 2141 1727 quod
2201 1645 2390 1707 Isaias

896 1744 1199 1826 praecepit
1238 1752 1306 1805 ut
1348 1745 1641 1806 tollerent
1690 1763 1964 1806 massam
2011 1745 2089 1806 de
2139 1743 2284 1805 ficis
2328 1749 2391 1804 et

2505 757 2754 820 sitionis
2809 760 3255 841 quorumdam,
3308 760 3658 824 dicentium
3718 761 4007 823 substan-

2506 856 2657 917 tiam
2724 857 3081 919 coelestium
3145 877 3484 940 corporum
3550 879 3689 922 esse
3748 879 4005 921 causam

2507 955 2785 1018 materiae
2823 956 3306 1020 elementorum.
3341 959 3410 1019 In
3450 957 3583 1020 fine
3624 976 3876 1040 quoque
3908 977 4006 1019 ca-

2507 1052 2691 1133 pituli
2734 1054 3022 1116 vicesimi
3067 1055 3255 1136 primi
3300 1055 3491 1118 insert
3528 1074 3541 1119 ε
3576 1057 3691 1118 Per
3729 1056 3861 1118 haec
3900 1057 4006 1117 de-

2504 1151 2771 1212 struitur
2804 1171 2979 1214 error
3008 1155 3432 1234 quorumdam
3475 1155 4003 1236 philosophorum

2504 1248 2612 1328 qui
2659 1249 2958 1312 dixerunt
3000 1252 3199 1314 Deum
3245 1271 3492 1314 creasse
3536 1253 3809 1334 primam
3858 1251 4006 1314 sub-

2502 1347 2799 1408 stantiam
2841 1358 3217 1430 separatam,
3251 1358 3315 1411 et
3351 1350 3433 1412 ab
3473 1369 3545 1412 ea
3591 1350 3789 1412 fuisse
3833 1369 4004 1412 crea-

2502 1455 2630 1508 tam
2662 1448 3103 1521 secundam,et
3132 1449 3223 1511 sic
3254 1451 3525 1532 quodam
3552 1451 3773 1512 ordine
3805 1467 4003 1531 usque

2501 1544 2579 1604 ad
2639 1544 2949 1607 ultimam.
3004 1546 3178 1609 Unde
3238 1555 3299 1608 et
3355 1548 3777 1623 Damascenus
3840 1548 4005 1610 libro

2504 1642 2785 1705 secundo
2826 1652 3093 1706 testatur
3138 1663 3153 1707 :
3196 1647 3593 1729 Quicumque
3631 1647 3853 1709 dicunt
3896 1666 4007 1708 an-

2503 1741 2675 1820 gelos
2706 1760 2845 1803 esse
2877 1751 3188 1806 creatores
3222 1744 3687 1827 cujuscumque
3718 1745 4009 1807 substan-

894 1841 1423 1924 cataplasmarent
1479 1861 1671 1924 super
1729 1842 1910 1904 ulcus
1969 1842 2273 1914 Ezechiae,
2328 1848 2390 1902 et
2427 1843 2474 1904 B
2504 1841 2628 1912 tiae,
2672 1841 2738 1902 hi
2790 1859 3011 1903 omnes
3062 1851 3209 1904 sunt
3253 1843 3451 1925 patris
3500 1846 3599 1907 sui
3648 1843 3884 1906 diaboli
3928 1843 4007 1905 fi-

890 1949 1235 2002 sanaretur.
1291 1941 1406 2002 Ubi
1459 1960 1572 2022 per
1628 1940 1811 2003 u'lcus
1861 1940 2279 2023 Symmachus
2328 1948 2387 2001 et

888 2039 1118 2120 Aquila
1145 2058 1217 2100 ac
1249 2039 1633 2102 Theodotion
1667 2039 2116 2101 intellexerunt
2146 2038 2390 2119 regium

894 2137 1209 2212 morbum,
1251 2139 1361 2199 alii
1404 2144 1728 2219 apostema
1765 2157 1779 2201 ε
1814 2156 2086 2219 quorum
2137 2137 2390 2218 utrique

890 2236 1310 2298 contrariatur
1335 2229 1693 2318 'applicatio
1732 2235 2041 2307 dulcium,
2076 2242 2140 2296 et
2179 2243 2391 2297 tamen

891 2352 1005 2414 per
1043 2353 1118 2396 ea
1157 2342 1412 2396 sanatus
1454 2343 1550 2397 est
1591 2333 1888 2396 Ezechias
1932 2333 2149 2396 divina
2192 2334 2391 2395 virtu-

890 2440 971 2494 te.
1006 2432 1344 2515 Propterea
1382 2433 1551 2495 circa
1591 2434 1710 2496 hoc
1751 2432 2040 2495 scribunt
2077 2433 2392 2514 exposito—

891 2549 991 2592 res
1041 2539 1105 2593 et
1151 2541 1406 2594 sanctus
1461 2539 1725 2594 testatur
1771 2531 2193 2613 Hieronymus
2247 2547 2261 2593 ε
2316 2531 2391 2592 Ut

891 2630 1137 2692 curatio
1184 2630 1466 2692 Ezechiae
1515 2631 1954 2692 ostenderetur
2014 2629 2392 2691 miraculosa

891 2746 965 2789 ac
1011 2728 1249 2802 divina,
1285 2747 1398 2811 per
1441 2747 1538 2790 res
1583 2728 1802 2790 noxias
1845 2737 1907 2790 et
1947 2727 2245 2789 adversas
2287 2746 2392 2789 ex-

893 2827 1055 2888 stitit
1099 2826 1341 2889 collata.
1382 2826 1689 2889 Similiter
1736 2826 1964 2907 legitur
2010 2834 2234 2908 quarto
2283 2825 2393 2887 Re-

892 2945 1068 3009 gum,
1101 2926 1269 3007 quod
1315 2925 1560 2986 Eliseus
1615 2925 1921 3006 propheta
1971 2924 2146 2985 misit
2190 2924 2279 2986 sal
2326 2924 2391 2986 in

2505 1938 2592 2000 lii.
2648 1939 2881 2001 Eodem
2945 1940 3128 2014 libro,
3180 1941 3461 2022 capitulo
3518 1943 4005 2024 quadragesimo

2504 2038 2803 2110 secund0,
2865 2039 3134 2101 Thomas
3201 2040 3392 2102 insert
3454 2059 3468 2102 ε
3532 2041 3620 2102 Ex
3682 2041 4004 2123 praedictis

2502 2135 2863 2198 excluditur
2891 2137 3111 2217 opinio
3138 2138 3501 2212 Avicennae,
3528 2139 3801 2201 dicentis
3830 2140 4007 2221 quod

2502 2234 2667 2296 Deus
2700 2233 3113 2315 intelligendo
3143 2255 3231 2308 se,
3267 2238 3561 2318 produxit
3598 2257 3786 2314 unam
3821 2238 4007 2299 intel-

2504 2332 2829 2412 ligentiam
2882 2333 3175 2414 primam,
3223 2335 3289 2396 in
3333 2355 3458 2415 qua
3500 2343 3649 2398 sunt
3693 2344 3871 2408 actus
3910 2345 4005 2398 at-

2500 2449 2625 2512 que
2659 2432 2939 2512 potentia
2966 2451 2981 2494 ε
3014 2452 3155 2514 quae
3186 2433 3536 2495 secundum
3569 2434 3736 2516 quod
3771 2434 4005 2496 intelli-

2500 2529 2591 2608 git
2627 2530 2851 2604 Deum,
2886 2531 3180 2611 producit
3214 2539 3277 2593 et
3310 2541 3481 2594 creat
3512 2533 4001 2614 intelligentiam

2503 2628 2885 2706 secundam3
2931 2628 2993 2689 in
3035 2637 3345 2710 quantum
3392 2648 3542 2693 vero
3592 2630 3887 2712 intelligit
3931 2649 4003 2692 se

2503 2727 2856 2788 secundum
2898 2727 3067 2808 quod
3107 2735 3202 2790 est
3234 2728 3296 2789 in
3339 2737 3506 2803 actu,
3542 2729 3835 2811 producit
3868 2729 4007 2792 ani·

2504 2843 2671 2886 mam
2715 2825 2907 2906 primi
2939 2825 3151 2905 orbis;
3194 2827 3259 2888 in
3299 2836 3608 2910 quantum
3640 2847 3788 2890 vero
3820 2829 4005 2891 intel-

2504 2922 2643 3004 ligit
2691 2943 2759 2986 se
2806 2925 3159 2986 secundum
3208 2926 3375 3008 quod
3426 2933 3523 2988 est
3571 2927 3636 2988 in
3694 2928 4001 3008 potentia,

891 3044 1088 3107 aquas
1123 3022 1584 3086 Jerichontinas
1621 3041 1887 3096 amaraS,
1920 3022 2114 3085 salsas
2157 3041 2232 3083 ac
2272 3030 2393 3084 ste-
2427 3027 2470 3090 C
2504 3022 2794 3102 producit
2826 3023 3017 3104 primi
3048 3022 3221 3085 orbis
3253 3025 3601 3086 materiam.
3629 3025 4007 3087 Excluditur

893 3123 1064 3197 riles,
1092 3130 1162 3184 ut
1190 3121 1270 3184 ab
1299 3121 1722 3183 amaritudine
1756 3121 1862 3182 illa
1891 3127 2267 3182 eruerentur
2291 3140 2305 3185 :
2329 3128 2391 3181 et

891 3223 1131 3284 factum
1173 3229 1268 3282 est
1300 3220 1406 3292 ita,
1441 3238 1640 3301 quum
1675 3227 1886 3280 tamen
1928 3218 2203 3298 adjectio
2242 3218 2391 3281 salis

891 3341 970 3382 ex
1031 3338 1145 3382 sua
1206 3327 1430 3381 natura
1493 3317 1984 3380 amaritudinem
2049 3317 2223 3378 illam
2282 3336 2391 3378 au-

891 3420 1104 3482 xisset.
1141 3416 1563 3481 conformiter
1605 3416 1846 3496 Regum
1893 3423 2116 3497 quarto
2163 3416 2393 3497 legitur

890 3517 1168 3580 Naaman
1208 3517 1401 3598 Syrus
1436 3534 1474 3576 a
1513 3515 1688 3596 lepra
1727 3514 1792 3575 in
1821 3514 2088 3576 Jordane
2131 3514 2392 3575 munda-

893 3626 994 3679 tus
1037 3636 1051 3680 :
1093 3616 1171 3677 ad
1217 3632 1410 3697 quam
1461 3614 1651 3696 leprae
1695 3614 2215 3695 expurgationem
2264 3631 2388 3675 non

891 3717 1188 3778 videntur
1230 3733 1410 3796 aquae
1460 3713 1583 3775 illae
1627 3731 1703 3774 ex
1753 3732 1867 3773 sua
1910 3713 2144 3774 virtute
2194 3712 2389 3775 ullam

892 3814 1186 3876 habuisse
1217 3810 1682 3894 dispositoriam
1713 3811 2391 3892 cooperationemltur-

891 3931 998 3974 sus
1043 3910 1344 3972 recitatur
1389 3908 1649 3982 ibidem,
1692 3907 1860 3990 quod
1906 3907 2243 3970 manubrio
2286 3927 2391 3969 cu-

886 4010 1141 4089 jusdam
1173 4008 1526 4080 submerso,
1562 4007 1736 4068 misit
1768 4006 2013 4067 Eliseus
2047 4006 2289 4086 lignum
2322 4006 2387 4068 in

889 4126 1142 4190 aquam,
1176 4106 1581 4186 enatavitque
1613 4104 1853 4166 serrum
1889 4123 1903 4167 :
1937 4105 2013 4166 ad
2056 4123 2248 4186 quem
2290 4124 2389 4165 su-

2502 3138 2756 3201 quoque
2800 3139 2914 3202 per
2958 3121 3091 3183 haec
3134 3139 3311 3184 error
3350 3123 3755 3205 antiquorum
3804 3124 4003 3186 haere-

2500 3218 2772 3281 ticorum
2822 3219 2932 3300 qui
2980 3220 3279 3282 dixerunt
3328 3223 3526 3283 Deum
3576 3239 3703 3284 non
3754 3241 4004 3285 creasse

2502 3317 2673 3378 hunc
2707 3318 3040 3390 mundum,
3074 3318 3184 3380 sed
3214 3319 3469 3400 angelos
3504 3336 3518 3382 :
3553 3321 3739 3400 cujus
3768 3322 4005 3383 erroris

2504 3413 3086 3496 primus‘inventor
3126 3415 3329 3479 fertur
3367 3418 3565 3480 fuisse
3606 3419 3823 3482 Simon
3868 3438 4005 3481 ma-

2502 3531 2638 3593 guS.
2674 3513 2817 3576 Haec
2850 3513 2959 3575 ibi.
2986 3551 3065 3560 —
3094 3515 3185 3576 Ex
3224 3515 3459 3597 quibus
3500 3525 3746 3578 constat
3774 3536 4005 3579 verum

2502 3630 2641 3674 esse
2690 3612 2857 3694 quod
2908 3613 3063 3686 dixi,
3108 3614 3494 3676 Avicennam
3538 3622 3602 3676 et
3643 3614 4005 3696 Algazelem

2502 3711 2847 3772 asseruisse
2910 3711 3238 3773 materiam
3300 3713 3725 3794 corporalium
3784 3733 4005 3775 rerum

2500 3807 2580 3869 ab
2612 3808 3049 3890 intelligentiis
3078 3829 3215 3872 esse
3246 3819 3519 3872 creatam
3556 3831 3571 3876 ε
3607 3812 3775 3892 quod
3806 3813 4005 3874 etiam

2502 3925 2577 3968 ex
2622 3907 3039 3988 sequentibus
3082 3907 3403 3970 elucescit.

2581 4005 2894 4067 Consonat
2922 4005 3022 4066 his
3053 4005 3549 4088 Richardus,qui
3582 4007 3659 4070 de
3690 4007 3807 4069 hac
3837 4027 4010 4089 quae-

2498 4103 2702 4165 stione
2759 4103 2911 4164 satis
2970 4103 3169 4166 solide
3227 4103 3453 4165 scribit
3500 4122 3515 4166 ε
3565 4105 3831 4178 Quidam
3878 4107 4009 4185 (in-

891 4206 1358 4289 pernaturalem
1411 4203 1715 4266 effectum
1778 4221 1903 4265 non
1953 4202 2269 4283 disposuit
2320 4203 2389 4265 ti-
2418 4207 2467 4267 D
2498 4201 2753 4282 quiens)
2792 4202 2869 4264 de
2912 4220 3184 4282 quorum
3230 4202 3529 4283 opinione
3574 4203 3815 4264 exstitit
3856 4204 4006 4266 Avi-

887 4324 1085 4385 gnum
1133 4304 1289 4365 illud
1337 4322 1413 4365 ex
1458 4321 1571 4364 sua
1617 4302 1868 4362 virtute.
1915 4300 2127 4362 Nihilo
2173 4301 2385 4362 minus

888 4402 970 4465 ob
1002 4401 1410 4465 rationabiles
1451 4419 1671 4462 causas
1715 4401 1878 4460 Deus
1915 4398 2106 4478 jussit
2150 4397 2257 4460 illa
2300 4399 2388 4459 in-

887 4501 1389 4563 strumentaliter
1435 4498 1725 4560 adhiberi
1775 4498 1852 4558 ad
1903 4497 2385 4579 producendum

888 4600 1030 4663 illos
1078 4598 1368 4661 effectus.
1414 4596 1586 4658 Istud
1637 4613 1751 4678 p-ro
1801 4595 2177 4657 scholastica
2215 4614 2388 4657 exer—

888 4697 1188 4760 citatione
1231 4696 1324 4758 sic
1367 4703 1574 4775 tango.

965 4797 1252 4876 insuper,
1297 4794 1362 4855 in
1408 4793 1670 4855 Summa
1715 4798 1933 4853 contra
1979 4791 2269 4871 gentileS‚
2316 4791 2386 4852 li-

887 4894 1002 4956 bro
1031 4893 1332 4966 secund0,
1362 4889 1644 4972 capitulo
1673 4889 1978 4951 vicesimo
2010 4889 2240 4970 primo,
2275 4908 2389 4971 per

887 4992 1061 5054 varia
1091 4990 1302 5052 media
1331 4988 1601 5051 Thomas
1635 4986 1879 5069 probat,
1910 4987 2079 5069 quod
2109 4987 2229 5049 soli
2260 4988 2389 5050 Deo

887 5090 1123 5153 creatio
1152 5095 1494 5170 competat,
1530 5105 1648 5148 nec
1679 5085 1822 5147 aliis
1853 5086 2056 5147 valeat
2089 5086 2387 5148 conveni-

887 5209 973 5252 re.
1021 5189 1096 5250 Et
1145 5185 1528 5270 praecedenti
1579 5183 1818 5246 ibidem
1869 5183 2172 5265 capitulo,
2218 5187 2386 5266 quod

886 5288 1137 5350 nullum
1173 5303 1404 5366 corpus
1447 5281 1646 5364 possit
1677 5299 1909 5344 creare.
1944 5281 2119 5344 Unde
2151 5282 2215 5343 in
2255 5282 2387 5345 sine

2498 4318 2719 4373 cenna,
2754 4299 3050 4361 dixerunt
3089 4301 3257 4381 quod
3290 4319 3327 4362 a
3357 4302 3484 4363 Deo
3518 4319 3647 4364 non
3689 4302 4009 4383 processit

2499 4399 2864 4459 immediate
2907 4397 3027 4459 nisi
3072 4417 3198 4460 una
3232 4407 3541 4474 creatura,
3576 4400 3874 4462 videlicet
3906 4401 4005 4462 in·

2499 4497 2849 4577 telligentia
2892 4497 3097 4578 prima
3132 4515 3145 4559 :
3181 4497 3246 4558 in
3289 4516 3435 4579 qua,
3482 4506 3551 4559 ut
3594 4517 3762 4562 nono
3811 4499 4005 4562 Meta·

2499 4593 2777 4676 physicae
2827 4613 2956 4657 suae
3013 4594 3295 4675 loquitur
3338 4595 3680 4674 Avicenna,
3730 4615 3807 4659 eo
3858 4597 4006 4678 ipso

2498 4710 2626 4774 quo
2663 4691 2853 4754 fluxit
2884 4692 2964 4754 ab
3001 4693 3147 4766 alin,
3180 4701 3275 4754 est
3308 4694 3695 4774 possibilitas
3734 4714 3846 4757 seu
3890 4714 4007 4777 po·

2499 4790 2842 4852 tentialitas
2892 4790 3122 4871 aliqua.
3167 4792 3483 4853 intellexit
3528 4793 3719 4874 igitur
3769 4793 4009 4856 intelli·

2498 4889 2713 4970 gentia
2743 4889 2851 4951 illa
2882 4889 3024 4964 tria,
3053 4889 3372 4964 videlicet,
3407 4910 3661 4953 causam
3696 4893 4003 4975 primam,

2499 4988 2825 5070 propriam
2854 4988 3305 5063 actualitatem,
3330 4997 3391 5050 et
3423 4991 3747 5072 propriam
3779 4999 4007 5072 poten·

2499 5088 2852 5150 tialitatem.
2896 5089 2963 5148 In
3006 5095 3315 5169 quantum
3366 5088 3677 5151 intellexit
3721 5091 4002 5171 primam

2500 5205 2779 5260 causam,
2831 5186 3136 5267 processit
3186 5184 3265 5246 ab
3312 5204 3386 5248 ea
3436 5186 3853 5268 intelligentia
3902 5208 4005 5251 se-

2500 5283 2725 5346 cunda.
2762 5283 2830 5345 In
2864 5291 3173 5364 quantum
3208 5283 3520 5346 intellexit
3560 5303 3740 5346 suam
3779 5293 4003 5350 actua·
