4334 6242
854 461 973 527 160
1522 477 1586 526 m
1626 476 1848 524 manum
1890 477 1933 522 11
1976 473 2459 522 snmsmmnuu.
2506 491 2587 500 —
2627 473 2780 519 ms‘r.
2829 473 2912 536 113
2957 474 3179 529 Quffisr.
3229 473 3288 520 ιν

854 657 1115 734 propter
1156 651 1326 733 quod
1371 659 1593 714 octavo
1635 649 1870 712 dicitur
1917 646 2351 730 Physicorum,
2383 645 2434 707 A
2465 643 2992 727 compositionem
3024 643 3434 720 inferiorum3
3465 644 3576 706 sed
3605 613 3974 705 virtualiter

856 750 1025 831 quod
1079 757 1287 813 motus
1330 750 1470 831 ejus
1514 756 1609 810 est
1652 748 1832 830 quasi
1876 748 2008 809 vita
2050 745 2356 807 exsisten-

852 848 1027 911 tibus
1070 848 1389 911 omnibuS.
1418 848 1591 910 Unde
1632 855 1696 908 et
1735 844 1937 908 Rabbi
1980 845 2222 927 Moyses
2267 842 2354 905 lo-

853 947 1093 1029 quitur,
1127 949 1295 1029 quod
1340 947 1573 1010 coelum
1617 946 1683 1007 in
1726 945 2024 1007 universo
2062 950 2158 1005 est
2189 942 2356 1004 sicut

853 1064 961 1108 cor
1001 1047 1065 1107 in
1105 1046 1366 1108 animali
1403 1063 1416 1107 :
1452 1045 1637 1125 cujus
1678 1043 1887 1105 cordis
1926 1042 1979 1104 si
2024 1049 2234 1104 motus
2276 1040 2353 1102 ad

851 1144 1074 1207 horam
1117 1144 1495 1226 quiesceret,
1530 1142 1661 1204 vita
1704 1140 1989 1224 corporis
2031 1139 2348 1202 finiretur.

850 1242 1188 1325 Quumque
1228 1242 1463 1305 coelum
1502 1259 1879 1322 empyreum
1923 1245 2196 1320 ponatur
2235 1237 2352 1298 im-

850 1339 1109 1416 mobile,
1152 1358 1279 1403 non
1325 1347 1531 1422 potest
1581 1336 2042 1401 rationabiliter
2085 1335 2212 1397 dici
2264 1334 2355 1395 in-

849 1438 1183 1501 fluentiam
1222 1457 1417 1520 super
1458 1436 1761 1499 inferiora
1808 1434 2060 1497 habere.
2098 1433 2354 1496 Constat

848 1537 1087 1619 quippe
1132 1537 1302 1619 quod
1346 1555 1473 1598 non
1525 1534 1713 1597 habet
1758 1531 2164 1596 influentiam
2216 1530 2352 1591 sine

850 1642 1026 1697 motu
1056 1636 1134 1697 ad
1169 1636 1427 1710 modum
1462 1633 1748 1696 creantis,
1774 1632 1903 1694 Nec
1934 1640 2144 1694 tamen
2177 1647 2353 1709 nega-

849 1740 953 1794 tur
983 1733 1138 1815 quin
1171 1734 1335 1795 Deus
1368 1731 1646 1815 potuerit
1674 1730 1732 1793 ei
1764 1731 1913 1792 dare
1945 1727 2349 1791 influentiam

2463 743 2556 806 eis
2601 742 2894 816 influere,
2928 762 3001 805 ac
3044 742 3325 806 diversos
3370 742 3459 804 ibi
3503 741 3776 804 effectus
3819 759 3974 823 pro-

2464 842 2696 904 ducere
2731 861 2744 904 :
2779 842 2948 924 quod
2982 840 3194 922 negari
3227 859 3354 902 non
3387 839 3575 914 valet,
3599 848 3662 902 et
3693 840 3976 923 ipsemet

2465 939 2734 1002 Thomas
2777 939 2930 1001 alibi
2981 939 3102 1001 hoc
3147 940 3456 1001 concedit.
3499 939 3628 1002 Nec
3673 939 3980 1001 inconve-

2465 1038 2649 1100 niens
2698 1047 2796 1100 est
2845 1038 3013 1120 quod
3075 1037 3184 1098 lux
3237 1037 3484 1099 dicatur
3532 1037 3741 1099 media
3799 1037 3980 1098 inter

2463 1137 2742 1199 animam
2773 1145 2835 1198 et
2866 1155 3096 1218 corpus
3123 1155 3136 1199 :
3163 1136 3469 1210 medium,
3504 1136 3786 1219 inquam,
3820 1153 3979 1209 con-

2465 1235 2842 1309 ciliativum,
2878 1234 3369 1316 praeparativum
3403 1243 3593 1317 atque
3623 1233 3976 1315 aptificans

2462 1334 2540 1395 ad
2589 1334 2709 1397 hoc
2759 1335 2930 1416 quod
2981 1352 3212 1414 corpus
3272 1332 3637 1395 immediate
3697 1333 3973 1414 recepti-

2462 1451 2616 1494 vum
2659 1433 2742 1494 sit
2783 1433 3030 1496 animae.

2542 1532 2700 1593 Hinc
2732 1532 2992 1593 demum
3033 1532 3201 1594 idem
3243 1540 3498 1593 sanctus
3528 1550 3601 1593 ac
3633 1530 3968 1593 venerabi-

2465 1630 2542 1692 lis
2573 1631 2801 1693 Doctor
2831 1631 2896 1692 in
2929 1631 3136 1713 prima
3166 1637 3342 1713 parte
3375 1631 3674 1704 Summae,
3706 1630 3965 1713 quaesti-

2463 1747 2582 1792 one
2615 1729 3004 1811 sexagesima
3035 1737 3229 1803 sexta,
3254 1730 3331 1791 de
3360 1728 3478 1791 hac
3509 1747 3576 1791 re
3608 1728 3966 1791 consultius

848 1831 1089 1914 absque
1139 1840 1352 1911 motu3
1404 1832 1513 1894 sed
1563 1830 1866 1913 quoniam
1914 1829 2035 1890 hoc
2085 1845 2204 1888 nec
2247 1846 2351 1888 au-
2387 1823 2436 1886 B
2466 1827 2752 1909 loquenS‚
2804 1828 2895 1889 sic
2945 1827 3152 1908 arguit
3197 1845 3210 1888 :
3257 1827 3620 1890 Secundum
3669 1827 3968 1908 Augusti·
4065 1851 4219 1889 aas.

848 1930 1136 1992 ctoritate
1182 1929 1601 1993 confirmatur
1650 1946 1768 1990 nec
1811 1926 2076 2000 ratione,
2112 1925 2352 1987 idcirco

850 2028 1109 2108 praefata
1158 2029 1266 2091 illa
1315 2028 1534 2110 opinio
1580 2028 1803 2089 eadem
1855 2024 2159 2087 facilitate
2208 2040 2354 2085 con·

849 2127 1156 2189 temnitur
1195 2146 1321 2208 qua
1362 2125 1670 2207 recipitur
1704 2141 1717 2186 :
1752 2123 2107 2206 praesertim
2151 2141 2351 2203 quum

850 2225 915 2286 in
966 2224 1199 2287 talibus
1246 2243 1375 2287 non
1422 2230 1763 2306 quaeratur,
1816 2221 1971 2304 quid
2022 2222 2189 2283 Deus
2242 2239 2354 2301 per

850 2323 1233 2385 miraculum
1275 2323 1483 2386 facere
1524 2329 1736 2404 queat,
1770 2321 1881 2383 sed
1922 2319 2076 2402 quid
2119 2319 2210 2380 rei
2251 2337 2356 2379 na-

848 2431 1008 2486 turae
1037 2422 1393 2496 conveniat,
1416 2428 1603 2502 prout
1633 2420 1913 2482 secundo
1946 2436 2133 2499 super
2164 2417 2357 2480 Gene-

849 2521 973 2584 sim
1018 2521 1319 2584 disseruit
1362 2519 1775 2600 Augustinus
1806 2553 1887 2563 —
1918 2517 2093 2580 Unde
2135 2515 2355 2598 opinio

853 2619 962 2681 illa
996 2638 1190 2701 super
1220 2618 1342 2681 tria
1372 2617 1530 2680 falsa
1561 2616 1883 2679 fundatur.
1919 2615 2202 2677 Primum
2235 2622 2351 2689 est,

851 2719 1021 2800 quod
1060 2716 1396 2799 dispositio
1433 2735 1575 2798 quae
1606 2722 1702 2777 est
1731 2714 1797 2775 in
1831 2731 2093 2795 corpore
2133 2712 2357 2773 huma-

854 2833 958 2888 no,
992 2833 1130 2877 esse
1161 2832 1289 2876 non
1320 2814 1525 2876 valeat
1556 2831 1632 2875 ex
1664 2812 1816 2874 solis
1846 2812 2123 2874 virtute:
2153 2830 2355 2894 quum

852 2922 1065 2976 tamen
1106 2912 1506 2976 nobilissima
1534 2911 1869 2993 dispositio
1897 2930 2039 2992 quae
2070 2929 2354 2992 unquam

2464 1945 2621 1987 num
2660 1926 2846 1988 tertio
2884 1926 2962 1987 de
3001 1925 3325 1999 Trinitate,
3359 1924 3661 1987 inferiora
3698 1943 3968 2007 corpora

2463 2042 2577 2106 per
2625 2024 2952 2107 superiora
2994 2025 3267 2106 quodam
3312 2024 3533 2087 ordine
3573 2023 3960 2104 diriguntur.

2462 2122 2526 2184 Si
2577 2141 2726 2204 ergo
2784 2123 3017 2185 coelum
3075 2141 3448 2205 empyreum
3497 2130 3594 2184 est
3639 2121 3963 2204 quoddam

2463 2239 2692 2303 corpus
2753 2239 3148 2303 supremum,
3201 2229 3448 2303 oportet
3503 2221 3672 2303 quod
3733 2220 3966 2282 habeat

2462 2319 2742 2401 aliquam
2785 2318 3190 2382 influentiam
3232 2319 3297 2380 in
3329 2337 3594 2402 corpora
3635 2318 3958 2380 inferiora.

2461 2454 2542 2463 —
2569 2419 2663 2481 Ad
2702 2419 2872 2502 quod
2915 2420 3254 2500 respondet
3294 2418 3534 2480 ibidem
3570 2435 3583 2479 :
3619 2417 3782 2480 Satis
3822 2435 3966 2499 pro-

2466 2516 2676 2579 babile
2727 2525 2843 2591 est‚
2895 2517 3064 2600 quod
3123 2517 3358 2580 eoelum
3415 2533 3812 2599 empyreum,
3865 2534 3965 2578 se-

2464 2617 2745 2678 cundum
2780 2616 3110 2698 quosdam,
3144 2635 3345 2698 quum
3379 2615 3461 2678 sit
3490 2616 3852 2678 ordinatum
3882 2615 3966 2677 ad

2462 2715 2678 2796 gloriae
2727 2722 2982 2788 statum,
3027 2731 3152 2776 non
3200 2712 3392 2776 habet
3439 2713 3845 2776 influentiam
3895 2712 3966 2774 in

2465 2831 2729 2894 corpora
2768 2812 3089 2886 inferiora,
3123 2831 3266 2895 quae
3304 2820 3451 2874 sunt
3482 2810 3602 2874 sub
3637 2812 3763 2874 alio
3792 2810 3964 2874 ordi-

2464 2931 2567 2987 ne,
2603 2920 2901 2994 tanquam
2933 2912 3231 2992 deputata
3257 2912 3333 2973 ad
3367 2911 3720 2974 naturalem
3751 2930 3963 2974 rerum

852 3019 1061 3094 potest
1100 3030 1237 3074 esse
1279 3010 1345 3072 in
1386 3027 1648 3092 corpore
1691 3010 1768 3071 ad
1812 3007 2105 3082 formam,
2139 3008 2223 3069 sit
2261 3008 2356 3069 in-
2391 3001 2436 3066 C
2465 3011 2825 3072 decursum.
2868 3008 3265 3072 Probabilius
3311 3017 3522 3072 tamen
3570 3009 3823 3071 videtur
3867 3011 3964 3072 di·

853 3111 951 3174 fra
994 3111 1139 3174 eoeli
1188 3109 1609 3183 nobilitatem,
1653 3107 1740 3169 ita
1784 3108 1952 3190 quod
1995 3108 2216 3169 eadem
2259 3114 2356 3168 est

853 3211 1055 3274 virtus
1095 3209 1371 3273 coelestis
1419 3227 1545 3290 qua
1594 3226 1823 3289 corpus
1874 3206 2236 3288 disponitur
2276 3206 2354 3267 ad

853 3309 1125 3372 formam
1161 3307 1462 3370 elementi
1493 3313 1558 3368 et
1588 3305 1792 3380 mixti,
1826 3312 1888 3366 et
1917 3304 2147 3367 animae
2178 3321 2358 3384 vege-

854 3406 1091 3481 tabiliS,
1124 3405 1473 3478 sensibiliS‚
1506 3423 1579 3466 ac
1619 3403 1963 3467 rationalis.
2003 3403 2129 3465 Nec
2173 3419 2356 3484 opor-

854 3513 945 3568 tet
1002 3506 1056 3568 si
1116 3505 1238 3567 hoc
1298 3504 1531 3566 coelum
1591 3502 1884 3584 disponat
1940 3503 2017 3563 ad
2075 3501 2356 3563 animam

856 3603 1301 3685 vegetativam,
1355 3602 1524 3685 quod
1573 3601 1912 3683 disponere
1960 3606 2233 3682 nequeat
2278 3599 2355 3661 ad

858 3703 1252 3776 sensitivam,
1303 3701 1430 3763 nisi
1489 3698 1793 3782 probetur
1838 3699 2008 3781 quod
2068 3697 2228 3759 illud
2276 3696 2360 3758 sit

863 3801 1162 3864 ultimum
1213 3820 1343 3864 suae
1381 3799 1637 3861 virtutis
1680 3818 1695 3862 ε
1740 3798 1907 3880 quod
1957 3796 2191 3858 falsum
2239 3803 2353 3858 est.

861 3901 1225 3963 Secundum
1267 3905 1383 3972 est,
1417 3898 1586 3980 quod
1628 3897 1736 3958 lux
1776 3897 1860 3959 sit
1892 3914 2123 3977 corpus
2164 3901 2359 3956 mate-

861 3997 1101 4060 rialiter
1158 3995 1423 4059 veniens
1485 3995 1550 4056 in
1612 3994 1892 4076 aliquam
1954 3993 2357 4076 compositio-

861 4115 1028 4159 nem.
1064 4094 1371 4168 Tertium,
1404 4094 1573 4176 quod
1606 4093 1687 4155 sit
1719 4093 2001 4154 medium
2036 4093 2202 4153 inter
2229 4090 2360 4153 ani-

2465 3110 2761 3183 cendum,
2805 3108 2976 3189 quod
3023 3107 3189 3170 sicut
3237 3108 3520 3190 supremi
3569 3107 3798 3189 angeli,
3847 3109 3962 3190 qui
4017 3129 4276 3173 meet-⁵2.

2463 3208 2798 3282 adsistunt,
2850 3206 3256 3269 influentiam
3305 3206 3541 3268 habent
3588 3226 3781 3289 super
3831 3226 3964 3270 me-
3993 3191 4275 3236 ¹¹⁵⁸·⁰·''¹²

2464 3306 2600 3369 dios
2660 3311 2722 3368 et
2779 3304 3038 3368 infimos
3094 3305 3372 3386 angelos,
3426 3305 3536 3386 qui
3596 3305 3962 3381 mittuntur,

2464 3404 2758 3486 quamvis
2789 3403 3302 3485 ipsi,secundum
3333 3403 3398 3465 Β.
3421 3402 3965 3486 Dionysium,non
4011 3417 4268 3462 tamem.

2467 3503 2840 3581 mittantur3
2897 3501 2983 3563 ita
3038 3501 3274 3564 coelum
3329 3519 3704 3584 empyreum
3762 3501 3964 3565 influ-

2465 3602 2704 3664 entiam
2755 3608 2851 3663 est
2899 3600 3192 3662 sortitum
3249 3619 3444 3681 super
3499 3617 3763 3681 corpora
3820 3620 3967 3682 quae

2467 3706 2823 3772 moventur,
2857 3698 3149 3781 quamvis
3190 3697 3401 3780 ipsum
3444 3715 3570 3760 non
3613 3706 3964 3761 moveatur.

2465 3797 2611 3859 Ideo
2649 3797 2775 3858 dici
2825 3803 3051 3878 potest,
3093 3795 3262 3877 quod
3305 3794 3538 3858 coelum
3587 3813 3968 3878 empyreum

2468 3894 2684 3956 influit
2715 3895 2781 3956 in
2812 3895 3092 3976 primum
3135 3894 3370 3956 mobile
3402 3893 3658 3968 coelum‚
3692 3912 3820 3957 non
3855 3895 3972 3956 ali-

2468 3993 2622 4074 quid
2667 3992 2979 4054 transiens
3021 3990 3494 4073 adveniensque
3537 4011 3652 4073 per
3694 3999 3974 4066 motum,

2469 4091 2579 4152 sed
2607 4090 2849 4173 aliquid
2880 4088 3106 4151 stabile
3137 4096 3200 4150 et
3230 4087 3457 4163 fixum,
3483 4097 3636 4171 puta
3661 4089 3972 4152 virtutem

864 4214 1033 4257 mam
1082 4201 1145 4256 et
1188 4210 1439 4274 corpuS.
1484 4191 1631 4265 Quae
1680 4198 1828 4252 sunt
1874 4189 2167 4252 absurda.
2217 4189 2358 4252 Haec
2390 4192 2439 4253 D
2472 4188 2837 4250 continendi
2866 4196 2931 4249 et
2961 4187 3283 4261 causandi,
3316 4195 3427 4248 aut
3461 4187 3705 4269 aliquid
3735 4187 3860 4249 tale
3890 4188 3976 4250 ad

862 4293 1133 4356 Thomas
1179 4292 1244 4352 in
1288 4289 1555 4372 Scripto.

942 4392 1245 4454 Praeterea
1295 4388 1566 4451 Thomas
1614 4386 1869 4449 videtur
1928 4387 2047 4449 hoc
2097 4387 2235 4449 loco
2283 4387 2360 4448 de

866 4490 1109 4552 incerto
1151 4487 1345 4549 nimis
1388 4486 1692 4548 assertive
1736 4486 2009 4559 loeutus,
2043 4504 2160 4547 nec
2205 4484 2363 4548 ratio

866 4588 1005 4669 ejus
1038 4585 1380 4649 concludit.
1416 4583 1609 4647 Multa
1638 4583 1879 4646 etenim
1918 4592 2111 4664 agunt
2144 4584 2209 4645 in
2239 4583 2363 4645 alia

866 4688 1004 4750 sine
1036 4693 1213 4749 motu
1244 4702 1361 4747 suo
1392 4683 1575 4747 locali
1612 4700 1625 4744 :
1660 4683 2200 4764 quemadmodum
2234 4701 2363 4744 ma-

865 4805 1019 4868 gnes
1077 4783 1336 4847 attrahit
1393 4782 1656 4855 ferrum,
1708 4788 1771 4843 et
1821 4780 2011 4862 lupus
2059 4780 2247 4842 etiam
2308 4780 2362 4842 si

866 4883 1284 4948 immobiliter
1312 4879 1687 4956 stet,influit
1716 4879 1820 4941 ovi
1852 4878 2202 4942 inimicitiae
2232 4899 2368 4961 spe-

866 4985 1033 5046 ciem
1092 5001 1167 5044 ac
1227 4981 1523 5043 timorem
1581 4986 1643 5041 et
1694 4978 1932 5058 fugam,
1984 4984 2048 5038 et
2106 4977 2367 5040 candela

865 5089 1039 5144 stans
1069 5079 1224 5154 fixa,
1258 5078 1580 5140 illuminat
1609 5096 1744 5139 rem
1776 5076 1835 5138 ei
1866 5075 2205 5157 objectam.
2239 5077 2364 5138 Nec

867 5179 1099 5263 positio
1150 5179 1259 5240 illa
1306 5195 1499 5260 quam
1550 5173 1865 5257 reprobat,
1919 5175 2099 5257 ponit
2148 5175 2365 5237 lumen

866 5297 1005 5342 esse
1050 5295 1303 5359 corpuS‚
1345 5282 1454 5338 aut
1498 5272 1908 5337 materialiter
1954 5273 2256 5336 advenire
2301 5273 2365 5335 in

2471 4287 2842 4368 dignitatem
2887 4285 3231 4367 pertinens.
3267 4285 3409 4348 Haec
3453 4284 3518 4347 in
3561 4286 3842 4348 Summa.

2551 4386 2725 4447 Idem
2782 4385 3036 4462 Petrus;
3097 4392 3159 4448 et
3215 4384 3390 4446 addit
3442 4400 3456 4445 ε
3508 4383 3975 4446 Inconveniens

2473 4482 2744 4556 videtur,
2778 4482 2948 4565 quod
2989 4499 3218 4564 corpus
3251 4489 3380 4543 tam
3423 4499 3723 4562 magnum
3755 4499 3828 4542 ac
3859 4500 3974 4544 no-

2472 4581 2624 4656 bile,
2659 4580 2996 4642 influentia
3025 4587 3087 4642 et
3117 4580 3482 4662 operatione
3524 4587 3731 4642 eareat
3765 4598 3974 4662 usque

2472 4680 2551 4742 ad
2595 4678 3126 4742 resurrectionem
3168 4678 3470 4739 futuram.
3507 4678 3652 4740 Ideo
3693 4677 3822 4739 dici
3864 4695 3978 4760 po-

2474 4785 2619 4852 test,
2651 4778 2822 4860 quod
2866 4778 3100 4840 coelum
3149 4794 3524 4858 empyreum
3569 4783 3977 4857 comparatur

2473 4877 2667 4938 etiam
2711 4877 2788 4938 ad
2835 4892 3098 4957 corpora
3148 4874 3469 4948 inferiora,
3502 4882 3692 4956 atque
3735 4874 3811 4936 ad
3862 4873 3976 4936 ho-

2476 4976 2740 5050 minem,
2776 4981 3034 5056 propter
3072 4992 3264 5056 quem
3305 4981 3589 5035 creatum
3628 4979 3746 5045 est,
3778 4979 3842 5034 et
3879 4991 3979 5035 se-

2477 5073 2758 5136 cundum
2798 5079 3032 5134 statum
3078 5077 3454 5153 praesentem
3501 5069 3718 5132 influit
3757 5087 3976 5152 corpo—

2476 5173 2655 5235 ribus
2708 5170 3139 5244 inferioribuS‚
3192 5169 3512 5232 mediante
3562 5168 3974 5231 multitudine

2478 5271 2806 5334 stellarum
2855 5289 2928 5332 ac
2977 5268 3252 5343 orbium,
3295 5268 3682 5331 continendo
3725 5286 3976 5330 conser-
