4334 6242
540 1419 671 1465 Pron.
682 1434 708 1463 x

602 1722 637 1751 s.
661 1721 731 1759 xv,
748 1710 787 1751 Ξ.

838 430 957 499 104

1497 452 1562 500 IN
1602 452 1822 499 LIBRUM
1864 452 1908 497 II
1948 448 2432 497 SENTENUARUM.
2475 467 2556 477 ·-·-·
2597 449 2749 495 DIST.
2798 449 2857 511 13
2899 449 3124 505 QUAEST.
3169 448 3279 497 vm

836 622 991 685 ritas
1032 629 1130 685 est
1162 640 1176 685 ε
1210 640 1359 703 ergo
1403 621 1467 684 in
1512 641 1725 683 rerum
1770 622 2087 685 creat-ione
2133 618 2333 700 magis
2362 618 2413 682 A
2448 618 2687 681 utilitas
2734 638 2887 682 vero
2946 619 3326 701 proveniens
3372 619 3790 694 domificanti‚
3838 628 3942 682 est

840 722 1115 784 intendit
1167 740 1380 783 rerum
1432 721 1769 784 utilitatem
1826 740 2017 803 quam
2065 719 2332 801 gloriam

840 839 1041 881 suam.
1077 820 1373 883 Creatura
1415 838 1669 901 quoque
1718 819 2144 881 communiter
2188 816 2332 899 plus

837 918 1080 1000 appetit
1110 937 1289 980 suam
1322 918 1657 980 utilitatem
1688 937 1875 1000 quam
1906 917 2165 998 gloriam
2197 916 2334 979 Cre-

839 1018 1050 1079 atoris.

917 1115 1471 1197 Respondendum‚
1523 1117 1691 1198 quod
1753 1114 2125 1198 principalis
2179 1114 2331 1175 finis

838 1213 1173 1275 creationis
1230 1221 1293 1274 et
1352 1233 1563 1275 rerum
1624 1221 1999 1286 creatarum,
2049 1220 2145 1275 est
2202 1220 2328 1274 tam

836 1312 1037 1393 gloria
1075 1331 1186 1374 seu
1228 1311 1477 1374 bonitas
1502 1312 1654 1386 Dei,
1687 1331 1879 1393 quam
1929 1312 2168 1373 utilitas
2202 1330 2333 1374 cre-

710 1433 751 1461 w
796 1417 1055 1484 -aturae,
1104 1410 1285 1491 juxta
1342 1409 1523 1483 illud,
1584 1410 1887 1472 Universa
1946 1417 2205 1491 propter
2263 1428 2330 1471 se

835 1509 1049 1590 ipsum
1098 1516 1394 1590 operatus
1442 1517 1535 1571 est
1585 1509 1891 1571 Dominus
1944 1527 1958 1570 :
2013 1527 2138 1572 non
2191 1528 2330 1591 pro-

838 1615 978 1689 pter
1009 1608 1347 1669 utilitatem
1378 1616 1487 1669 aut
1516 1608 1929 1689 indigentiam
1962 1608 2332 1689 suam‚quia

836 1706 1151 1769 bonorum
1196 1714 1555 1768 nostrorum
1599 1725 1727 1769 non
1770 1714 1958 1787 eget:
1992 1724 2144 1787 ergo
2192 1724 2334 1789 pro-

2445 718 2596 780 finis
2637 738 2716 780 ex
2756 726 2932 801 parte
2970 719 3232 799 agentis
3269 718 3500 801 Sicque
3539 718 3692 780 finis
3724 719 3940 801 operis

2445 824 2653 899 potest
2680 836 2818 879 esse
2852 817 2916 879 in
2945 816 3102 897 ali03
3134 816 3289 879 finis
3318 824 3531 879 autem
3568 818 3812 898 agentis
3839 825 3942 879 est-

2443 934 2699 998 semper
2745 915 2810 977 in
2870 916 3010 997 ipso
3065 922 3308 996 agente.
3362 916 3696 997 Quumque
3747 934 3941 979 omne

2395 1057 2404 1066 ·
2444 1032 2604 1095 opus
2649 1013 2938 1075 divinum
2982 1014 3045 1075 in
3085 1013 3366 1095 aliquem
3409 1013 3608 1076 finem
3653 1013 3736 1076 sit
3773 1014 3944 1077 ordi-

2443 1120 2686 1186 natum,
2739 1120 2983 1173 certum
3041 1119 3138 1173 est
3193 1112 3360 1193 quod
3412 1112 3577 1174 Deus
3633 1131 3710 1174 ex
3757 1120 3940 1195 parte

2441 1210 2654 1291 operis
2700 1210 2829 1291 agit
2878 1217 3136 1291 propter
3185 1209 3404 1271 finem.
3460 1210 3578 1272 Sed
3629 1210 3936 1292 quoniam

2443 1307 2594 1369 finis
2651 1307 2861 1388 operis
2917 1326 3172 1389 semper
3228 1307 3553 1368 reducitur
3610 1306 3670 1368 in
3733 1306 3936 1370 finem

2443 1406 2786 1487 operantis,
2837 1412 3085 1487 oportet
3142 1405 3310 1487 quod
3373 1406 3566 1467 etiam
3623 1424 3698 1468 ex
3757 1414 3940 1487 parte

2443 1504 2764 1586 operantis
2807 1503 3244 1566 consideretur
3281 1504 3434 1566 finis
3477 1523 3608 1566 suae
3643 1504 3937 1578 actioni5‚

2443 1603 2551 1684 qui
2603 1610 2698 1663 est
2741 1602 2979 1664 bonum
3032 1602 3232 1684 ipsius
3285 1602 3349 1664 in
3399 1602 3556 1684 ipso.
3593 1602 3938 1666 Sciendum

2442 1719 2613 1780 ergo,
2647 1701 2816 1782 quod
2849 1699 2969 1762 hoe
3012 1700 3198 1763 modo
3229 1718 3412 1780 agere
3446 1708 3705 1783 propter
3732 1700 3939 1763 finem

836 1812 978 1886 pter
1032 1804 1297 1886 gloriam
1352 1824 1555 1880 suam,
1609 1823 1735 1867 non
1792 1806 2167 1887 augendam,
2220 1806 2330 1867 sed
2362 1801 2409 1862 B
2443 1798 2752 1878 contingit
2791 1798 3135 1880 dupliciter
3166 1816 3181 1860 ε
3217 1798 3447 1880 primo,
3480 1806 3740 1881 propter
3776 1799 3941 1861 desi-

835 1902 1363 1965 manifestandam
1427 1912 1616 1985 atque
1680 1904 2276 1966 communicandam
2312 1921 2328 1982 ;

834 2001 900 2062 in
951 2001 1137 2082 cujus
1180 2000 1690 2063 manifestatione
1738 2010 1801 2063 et
1852 2002 2332 2063 communicati-

834 2116 955 2162 one
999 2118 1109 2161 seu
1162 2099 1646 2181 participatione
1691 2100 2037 2162 attenditur
2080 2119 2331 2162 summa

834 2197 1073 2259 utilitas
1124 2204 1447 2271 creaturae,
1492 2197 1792 2259 videlicet
1838 2196 2221 2279 glorificatio
2269 2206 2331 2259 et

833 2293 1224 2357 beatificatio
1281 2295 1439 2376 ejus,
1506 2295 1743 2358 Caritas
1801 2295 1995 2376 igitur
2052 2296 2330 2357 increata

833 2413 961 2474 qua
991 2394 1155 2455 Deus
1187 2393 1395 2474 diligit
1428 2412 1493 2455 se
1533 2403 1596 2456 et
1635 2412 1773 2468 nOS,
1808 2395 2033 2476 quaerit
2064 2394 2172 2456 Dei
2203 2394 2332 2475 glo-

833 2492 993 2553 riam
1024 2500 1088 2553 et
1126 2490 1431 2553 honorem
1467 2508 1481 2553 :
1516 2492 1819 2574 quoniam
1861 2492 2130 2574 ipsemet
2165 2493 2330 2554 Deus

832 2596 930 2651 est
969 2608 1293 2651 summum
1326 2597 1389 2651 et
1428 2590 2028 2652 communissimum
2063 2589 2328 2662 bonum,

834 2696 897 2749 et
936 2688 1176 2749 bonum
1215 2688 1423 2749 omnis
1465 2687 1635 2749 boni.
1672 2689 1824 2750 Tota
1867 2706 2121 2770 quoque
2160 2688 2331 2749 salus

835 2793 898 2847 et
936 2804 1086 2846 vera
1124 2785 1365 2847 utilitas
1405 2793 1707 2848 creaturae
1744 2786 2091 2848 attenditur
2132 2786 2198 2847 in
2237 2804 2332 2848 or-

836 2880 1160 2944 dinatione
1204 2900 1318 2943 sua
1358 2882 1437 2943 ad
1481 2882 1701 2944 Deum.
1749 2883 1895 2944 Ideo
1944 2884 2170 2945 caritas
2219 2883 2330 2945 Dei

2443 1897 2691 1959 derium
2755 1897 2942 1976 finis3
2993 1898 3296 1971 secund0‚
3348 1905 3608 1979 propter
3653 1916 3940 1961 amorem

2445 1995 2664 2077 ipsius,
2720 1995 3114 2057 Desiderium
3164 2003 3377 2059 autem
3427 2004 3526 2057 est
3582 1995 3733 2059 boni
3782 2014 3940 2059 non-

2444 2094 2596 2155 dum
2637 2094 2886 2175 adepti3
2923 2112 3101 2157 amor
3139 2112 3290 2157 vero
3329 2102 3425 2155 est
3466 2093 3617 2157 boni
3654 2094 3785 2175 jam
3829 2096 3940 2157 ha-

2443 2192 2582 2254 biti.
2634 2192 2779 2254 Ideo
2828 2192 3002 2254 omni
3053 2199 3356 2255 creaturae
3409 2192 3706 2255 convenit
3753 2211 3940 2274 agere

2442 2298 2702 2372 propter
2749 2290 3136 2352 desiderium
3188 2289 3339 2353 finis
3388 2308 3402 2352 :
3448 2292 3754 2373 quoniam
3800 2293 3944 2354 uni-

2442 2389 2673 2469 cuique
2704 2396 3007 2452 creaturae
3035 2388 3388 2471 acquiritur
3418 2388 3653 2452 bonum
3681 2410 3756 2452 ex
3787 2390 3936 2461 alio,

2442 2488 2611 2568 quod
2652 2506 2776 2549 non
2825 2487 3015 2549 habet
3053 2508 3130 2550 ex
3176 2508 3262 2550 se.
3301 2489 3420 2551 Sed
3466 2490 3595 2552 Deo
3633 2490 3942 2571 compet-it

2441 2605 2626 2667 agere
2685 2594 2946 2667 propter
2997 2605 3280 2649 amorem
3338 2587 3512 2662 finis,
3563 2608 3766 2669 quum
3825 2589 3940 2651 Dei

2443 2685 2708 2748 bonitati
2750 2685 2896 2747 addi
2938 2686 3096 2747 nihil
3139 2695 3347 2768 queat.
3382 2687 3523 2768 Ipse
3563 2687 3800 2749 etenim
3833 2686 3942 2750 bo·

2444 2784 2707 2845 nitatem
2761 2802 2942 2845 suam
2992 2792 3160 2846 amat
3219 2783 3521 2866 perfecte,
3572 2792 3636 2847 et
3687 2804 3766 2847 ex
3817 2786 3940 2848 hoc

2444 2881 2581 2943 vult
2619 2883 2786 2963 quod
2832 2882 3082 2944 bonitas
3123 2902 3237 2944 sua
3276 2883 3787 2945 communicetur
3825 2903 3941 2965 per

840 2979 1194 3042 rectissime
1232 2980 1447 3042 omnia
1486 2980 1639 3042 fecit
1678 2988 1739 3042 et
1780 2982 2087 3044 convertit
2119 3000 2193 3043 ac
2235 2998 2330 3043 or·
2369 2984 2412 3047 C
2447 2980 2706 3042 modum
2738 2980 3132 3062 possibilem,
3168 2981 3232 3043 in
3273 2982 3413 3062 ejus
3453 2980 3698 3044 scilicet
3737 2982 3942 3043 imita-

834 3078 1013 3140 dinat
1040 3078 1117 3140 ad
1148 3098 1235 3141 se.
1262 3078 1558 3141 Creatura
1587 3079 1778 3141 etiam
1810 3078 1972 3142 bene
2001 3080 2329 3163 disposita,

840 3176 1117 3239 maxime
1164 3177 1407 3259 appetit
1450 3177 1650 3239 finem
1696 3178 1927 3258 istum3
1964 3179 2074 3241 sed
2122 3179 2332 3241 incur-

836 3283 980 3338 vata
1008 3284 1072 3337 et
1114 3294 1431 3357 perversa,
1467 3276 1820 3339 reflectitur
1860 3277 2217 3366 inordina-te
2254 3280 2331 3339 ad

838 3374 1171 3435 commoda
1210 3392 1341 3435 sua.
1374 3410 1456 3419 —
1486 3375 1549 3437 Si
1580 3393 1729 3437 vero
1763 3374 2125 3456 objiciatur,
2160 3377 2329 3458 quod

836 3471 1058 3535 fruitio
1109 3472 1308 3552 magis
1350 3472 1607 3553 perficit
1650 3474 1909 3535 Sanctos
1952 3494 2141 3556 quam
2196 3476 2331 3537 laus

840 3569 1174 3643 CreatoriS‚
1207 3588 1357 3650 ergo
1394 3570 1614 3633 fruitio
1655 3571 1763 3633 illa
1805 3580 1900 3634 est
1944 3574 2217 3635 maxime
2257 3572 2332 3635 fi-

840 3667 942 3729 nis
974 3667 1297 3749 ipsorum3
1330 3669 1695 3743 dicendum,
1730 3671 1899 3751 quod
1932 3671 2066 3732 laus
2096 3671 2206 3733 Dei
2240 3680 2336 3733 est

840 3764 1100 3845 duplex,
1134 3765 1434 3828 videlicet
1474 3766 1847 3849 imperfecta
1891 3778 1955 3829 et
1993 3768 2276 3849 perfecta
2318 3787 2331 3831 :

841 3864 977 3926 laus
1009 3864 1223 3945 itaque
1255 3864 1630 3946 imperfecta
1664 3866 1875 3928 minus
1907 3866 2163 3948 perficit
2193 3868 2340 3929 San-

839 3970 975 4024 ctos
1022 3981 1214 4044 quam
1264 3962 1519 4041 fruiti03
1557 3965 1666 4026 sed
1713 3964 1849 4027 laus
1894 3966 2004 4027 Dei
2058 3965 2338 4047 perfecta

843 4059 1041 4141 magis
1093 4059 1349 4143 perficit
1395 4080 1526 4135 εοε,
1574 4063 1725 4143 quia
1774 4064 1945 4125 Beati
1997 4064 2141 4146 plus
2190 4084 2338 4145 gau-

2442 3078 2614 3140 tione
2651 3096 2664 3140 :
2697 3098 2774 3140 ex
2806 3098 2932 3160 qua
2961 3079 3538 3142 communic-atione
3576 3080 3781 3142 oritur
3809 3100 3941 3142 ma-

2444 3176 2614 3239 xima
2645 3177 2885 3239 utilitas
2917 3185 3239 3251 creatum,
3269 3178 3335 3240 in
3365 3186 3674 3260 quantum
3705 3179 3939 3242 divinae

2445 3275 2674 3357 recipit
2729 3275 3218 3338 similitudinem
3278 3276 3598 3339 bonitatis.
3650 3314 3733 3323 —
3777 3278 3938 3340 Hinc

2445 3374 2648 3435 fertur
2679 3375 2743 3436 in
2786 3374 3015 3448 littera,
3051 3376 3218 3456 quod
3259 3376 3424 3437 Deus
3456 3375 3608 3438 fecit
3638 3394 3753 3439 nos
3795 3396 3936 3459 pro·
4003 3402 4217 3455 9-3253„

2445 3482 2587 3554 pter
2615 3472 2964 3535 bonitatem
2996 3481 3058 3535 et
3087 3473 3354 3554 gloriam
3389 3493 3592 3549 suam,
3625 3484 3938 3557 quantum
3969 3468 4073 3509 flm-

2444 3572 2523 3632 ad
2569 3571 2765 3632 finem
2810 3572 3167 3653 operantis3
3200 3580 3258 3634 et
3303 3581 3561 3653 propter
3601 3574 3940 3637 utilitatem

2447 3677 2771 3741 creaturae,
2805 3677 3115 3751 quantum
3161 3670 3236 3731 ad
3284 3669 3483 3731 finem
3530 3670 3762 3752 operis,
3797 3673 3946 3735 ldeo

2448 3767 2506 3829 S.
2542 3766 2878 3848 Dionysius
2911 3766 3066 3828 dicit
3095 3774 3322 3847 quarto
3353 3767 3635 3850 capitulo
3663 3769 3742 3831 de
3774 3770 3944 3833 Divi-

2447 3865 2547 3927 nis
2605 3864 2996 3937 nominibuS‚
3049 3866 3217 3947 quod
3275 3866 3532 3928 divinus
3586 3885 3768 3929 amor
3817 3887 3946 3931 non

2447 3964 2707 4045 reliquit
2755 3964 2954 4025 Deum
3000 3964 3137 4025 sine
3181 3965 3466 4045 germine
3510 3984 3686 4045 esse3
3717 3974 3776 4027 et
3821 3968 3945 4029 Au-

2446 4063 2762 4143 gustinuS‚
2806 4062 2974 4143 quod
3024 4063 3177 4143 quia
3219 4063 3384 4125 Deus
3435 4062 3639 4126 bonus
3681 4074 3799 4139 est,
3843 4086 3945 4128 su-

840 4159 993 4221 dent
1022 4159 1100 4221 de
1131 4159 1239 4220 Dei
1282 4159 1484 4240 gloria
1520 4167 1583 4221 et
1614 4162 1851 4225 honore
1890 4181 2082 4244 quarn
2114 4163 2192 4225 de
2223 4182 2336 4224 sua
2365 4160 2414 4222 D
2451 4180 2610 4223 muS.
2658 4161 2800 4223 Haec
2845 4161 3115 4223 Thomas
3161 4160 3225 4222 in
3270 4161 3538 4243 Scripto.

839 4255 1323 4337 glorificatione.
1358 4292 1438 4301 —
1468 4258 1610 4319 Haec
1652 4258 2109 4322 Bonaventura.

922 4355 1111 4417 Porro
1158 4354 1428 4416 Thomas
1467 4373 1480 4415 :
1520 4355 1719 4434 Agere
1765 4357 2032 4438 (inquit)
2079 4366 2338 4441 propter

843 4452 1066 4525 finem,
1110 4451 1377 4533 intelligi
1427 4460 1634 4533 potest
1680 4454 2021 4535 dupliciter
2054 4474 2068 4518 :
2101 4458 2332 4538 primo,

845 4557 1104 4631 propter
1133 4549 1330 4612 finem
1364 4551 1612 4631 operis;
1644 4553 1944 4628 secundo,
1979 4562 2238 4635 propter
2269 4555 2338 4617 fi-

842 4668 989 4711 nem
1021 4648 1361 4731 operantiS.
1396 4650 1569 4711 Finis
1598 4651 1809 4731 operis
1839 4659 1934 4713 est
1964 4652 2027 4714 id
2057 4654 2135 4715 ad
2167 4654 2334 4735 quod

840 4767 1002 4831 opus
1041 4748 1120 4810 ab
1160 4755 1383 4829 agente
1424 4748 1773 4823 ordinatur,
1807 4758 1870 4811 et
1909 4751 2143 4813 dicitur
2176 4754 2336 4815 ratio

841 4846 1070 4928 operis,
1122 4846 1295 4907 Finis
1353 4855 1564 4908 autem
1624 4848 1944 4928 operantis
1996 4858 2091 4911 est
2143 4870 2334 4932 quem

840 4962 1111 5025 operans
1150 4944 1589 5025 principaliter
1622 4945 1912 5008 intendit.
1949 4947 2123 5020 Quod
2166 4956 2337 5029 patet

843 5043 910 5104 in
952 5040 1413 5115 domificatore,
1449 5043 1558 5124 qui
1603 5054 1939 5125 congregat
1983 5046 2224 5129 lapides
2267 5054 2338 5109 ut

842 5159 947 5204 eos
998 5148 1358 5222 componat,
1391 5148 1453 5203 et
1502 5142 1881 5224 compositio
1930 5144 2059 5217 illa,
2095 5144 2161 5206 in
2212 5164 2338 5227 qua

841 5240 1131 5303 consistit
1179 5242 1405 5303 domus
1454 5240 1679 5315 forma,
1731 5242 1881 5304 finis
1930 5250 2023 5304 est
2078 5244 2330 5324 operis;

2527 4260 2796 4341 Insuper
2825 4259 3031 4341 prima
3062 4267 3240 4340 parte
3271 4260 3569 4333 Summae,
3593 4261 3942 4343 quaestione

2447 4358 2931 4439 quadragesima
2975 4350 3206 4440 'quarta
3253 4375 3266 4419 :
3315 4358 3514 4421 Omne
3559 4359 3704 4441 (ait)
3748 4378 3940 4441 agens

2447 4458 2577 4539 agit
2636 4463 2897 4537 propter
2952 4456 3203 4535 finem3
3262 4457 3499 4538 alioqui
3557 4476 3635 4519 ex
3693 4458 3943 4522 actione

2447 4555 2691 4637 agentis
2739 4571 2867 4617 non
2915 4555 3113 4635 magis
3162 4563 3537 4636 sequeretur
3580 4556 3698 4618 hoc
3749 4576 3942 4639 quam

2449 4655 2629 4727 illud,
2677 4653 2799 4715 nisi
2847 4672 2884 4715 a
2933 4672 3103 4714 casu.
3153 4653 3258 4715 Est
3306 4661 3518 4715 autem
3572 4654 3738 4717 idem
3790 4655 3943 4717 finis

2447 4752 2691 4833 agentis
2722 4759 2784 4813 et
2823 4751 3122 4832 patientis
3163 4751 3226 4812 in
3269 4760 3578 4832 quantum
3619 4752 3946 4834 hujusmo-

2449 4851 2550 4928 di;
2583 4849 2767 4911 aliter
2797 4857 3008 4911 tamen
3039 4857 3102 4910 et
3130 4848 3332 4911 aliter.
3367 4849 3619 4912 Etenim
3653 4870 3852 4913 unum
3881 4860 3946 4914 et

2450 4949 2616 5010 idem
2661 4955 2756 5009 est
2798 4947 2965 5028 quod
3011 4965 3202 5027 agens
3257 4948 3529 5010 intendit
3575 4949 3946 5030 imprimere

2447 5055 2510 5109 et
2553 5046 2722 5128 quod
2767 5045 3014 5127 patiens
3060 5045 3332 5107 intendit
3376 5047 3681 5128 recipere.
3714 5048 3948 5130 Aliqua

2447 5163 2702 5227 quoque
2744 5150 2894 5205 sunt
2934 5163 3076 5225 quae
3119 5143 3312 5206 simul
3355 5154 3551 5225 agunt
3593 5153 3654 5207 et
3695 5146 3948 5227 patiun-

2447 5252 2550 5305 tur
2603 5262 2615 5304 :
2667 5262 2808 5324 quae
2856 5250 3005 5304 sunt
3050 5242 3300 5323 agentia
3350 5242 3758 5324 imperfecta3
3799 5264 3945 5326 quae

4031 4384 4116 4423 tri..
4140 4384 4177 4424 ὅ.
