4334 6242
897 472 975 537 74
1575 494 1639 540 m
1680 492 1903 541 Limum
1944 493 1989 538 11
2030 492 2514 540 sauram-runnu.
2560 511 2640 520 —
2682 494 2834 539 msr.
2883 494 2944 556 13
2986 494 3211 550 oufflsr.
3259 495 3318 540 iv

897 672 1300 727 mensuratur
1343 686 1517 727 nunc
1560 666 1825 739 fluente,
1859 666 2028 747 quod
2074 683 2200 728 non
2247 682 2393 726 con·
2419 663 2470 725 A
2503 683 2669 739 rum,
2702 664 3000 727 videlicet
3041 667 3211 748 quod
3257 687 3456 729 unum
3501 667 3625 729 fuit
3658 674 3994 750 acceptum

894 762 1080 845 tingit
1124 764 1364 845 pluries
1402 765 1712 847 accipere,
1750 764 1861 826 sed
1906 784 2088 825 nunc
2130 770 2336 825 stante
2371 780 2384 825 τ

892 862 1034 923 talis
1082 862 1248 924 actio
1302 881 1426 925 non
1477 862 1745 944 impedit
1797 862 1955 945 quin
2006 863 2388 944 productum

891 978 1005 1042 per
1035 979 1197 1029 eam,
1234 961 1434 1043 possit
1464 980 1717 1043 semper
1749 961 2132 1023 coexsistere
2165 961 2393 1043 produ-

891 1060 1077 1121 centi.
1114 1060 1177 1122 Si
1217 1061 1388 1122 enim
1430 1069 1595 1123 esset
1635 1061 2014 1135 successiva,
2050 1060 2388 1142 impediret

890 1158 1403 1221 coexsistentiam
1458 1166 1749 1241 respectu
1805 1158 2150 1239 cujuslibet
2203 1178 2390 1239 agen-

890 1256 989 1317 tis,
1017 1257 1348 1331 RursuS,si
1382 1258 1593 1319 subita
1622 1265 1786 1319 esset
1818 1266 1878 1319 et
1913 1266 2388 1319 mensuraretur

890 1376 1065 1414 mmo
1115 1355 1378 1428 fluente,
1432 1374 1558 1418 non
1610 1356 1943 1437 impediret
1996 1355 2386 1419 coexsisten-

889 1452 1041 1515 tiam
1082 1461 1375 1535 respectu
1414 1454 1782 1536 temporalis
1815 1455 2083 1535 agentis,
2118 1454 2386 1536 impedi·

888 1558 983 1612 ret
1033 1558 1241 1613 tamen
1286 1559 1580 1634 respectu
1624 1552 1867 1625 aeterni,
1909 1552 2212 1633 quoniam
2265 1552 2385 1615 tale

888 1670 1066 1711 nunc
1110 1667 1233 1712 non
1278 1650 1589 1732 contingit
1632 1651 1871 1732 pluries
1920 1652 2210 1733 accipere
2245 1668 2260 1713 ε
2295 1652 2386 1713 id-

889 1748 1061 1812 circo
1089 1768 1287 1830 quum
1322 1749 1520 1810 semel
1549 1757 1884 1831 acceptum
1926 1750 2030 1822 sit,
2065 1750 2244 1831 prius
2283 1768 2384 1811 ac-

2499 770 2645 825 ante
2695 764 2868 825 aliud
2911 766 3010 827 vel
3057 773 3198 847 post
3239 766 3434 839 aliud,
3467 766 3847 848 nullumque
3887 768 3998 830 ali-

2503 869 2616 933 ter,
2653 864 3010 925 necessario
3047 872 3214 925 esset
3253 865 3402 927 dare
3440 864 3697 947 aliquod
3726 884 3996 947 granum

2499 967 2644 1021 ante
2675 960 2843 1041 quod
2877 961 3128 1024 nullum
3159 970 3324 1024 esset
3353 971 3712 1044 acceptum,
3737 963 3834 1025 vel
3871 982 3998 1025 non

2500 1058 2714 1120 omnia
2765 1077 2960 1139 grana
3017 1067 3224 1122 essent
3283 1068 3545 1142 accepta
3595 1070 3856 1143 propter
3903 1080 4000 1124 or-

2499 1156 2714 1218 dinem
2747 1157 3157 1239 acceptioni8‚
3183 1159 3424 1221 ratione
3453 1160 3640 1240 cujus
3674 1180 3874 1222 unum
3907 1161 4001 1222 in-

2499 1253 2701 1316 cludit
2748 1255 2942 1317 aliud.
2978 1256 3184 1318 Potest
3233 1275 3488 1338 quoque
3535 1258 3696 1320 ratio
3739 1258 3832 1320 sic
3874 1258 3998 1321 for-

2500 1353 2661 1414 mari
2695 1370 2710 1414 :
2745 1354 2914 1435 quod
2964 1356 3392 1417 necessarium
3437 1364 3607 1418 esset
3649 1374 3884 1438 ponere
3931 1357 3996 1419 in

2497 1450 2888 1533 accipiendis
2940 1452 3443 1515 revolutionibus
3491 1473 3603 1516 seu
3651 1456 3888 1535 graniS,
3943 1456 3994 1518 si

2498 1549 2905 1611 deveniretur
2941 1551 3020 1613 ad
3065 1552 3184 1613 hoc
3228 1552 3396 1633 quod
3441 1560 3654 1615 essent
3695 1562 3993 1636 acceptae,

2499 1648 2928 1710 necessarium
2975 1657 3071 1710 est
3112 1668 3344 1730 ponere
3387 1650 3448 1712 in
3486 1650 3618 1732 jam
3661 1652 3944 1734 acceptis
3979 1670 3994 1714 τ

2499 1746 2608 1807 sed
2653 1746 2718 1808 in
2765 1746 3179 1828 accipiendiS,
3213 1749 3267 1809 si
3311 1749 3718 1811 deveniretur
3759 1751 3838 1812 ad
3878 1750 3998 1813 hoc

888 1847 1016 1928 cipi
1066 1846 1324 1929 nequit3
1375 1847 1594 1929 sicque
1640 1848 1722 1909 ab
1771 1857 2009 1911 aeterno
2061 1866 2186 1910 non
2237 1848 2379 1910 suit.
2422 1846 2468 1908 B
2497 1844 2667 1925 quod
2715 1854 2925 1907 essent
2975 1854 3274 1927 acceptae,
3307 1855 3474 1909 esset
3521 1848 3672 1909 dare
3721 1849 3996 1929 primam

886 1945 995 2007 His
1042 1964 1194 2007 vero
1239 1946 1489 2018 amotiS‚
1544 1946 1704 2007 nihil
1758 1946 2025 2028 impedit
2078 1965 2154 2008 ex
2206 1955 2382 2027 parte

885 2043 1152 2106 actionis
1184 2044 1695 2106 coexsistentiam
1728 2044 1999 2107 effectus
2029 2064 2174 2107 cum
2204 2064 2385 2125 agen·

885 2149 945 2204 te
995 2148 1249 2204 auterno.
1287 2131 1533 2204 Creatio
1578 2151 1791 2205 autem
1842 2150 1939 2205 est
1988 2144 2220 2215 subita,
2264 2162 2380 2204 nec

886 2247 1291 2303 mensuratur
1320 2260 1497 2301 nunc
1533 2240 1798 2310 fluente,
1832 2243 1940 2304 sed
1984 2249 2208 2303 stante.
2245 2240 2378 2303 Non

882 2354 1033 2419 ergo
1074 2345 1383 2419 repugnat
1425 2348 1729 2401 creaturae
1772 2339 2011 2401 ratione
2062 2359 2194 2402 suae
2244 2356 2382 2420 pro·

881 2436 1225 2511 ductionis,
1272 2437 1429 2518 quin
1480 2437 1681 2519 possit
1726 2436 1808 2499 ab
1856 2447 2091 2501 aeterno
2141 2437 2380 2500 coexsi-

881 2544 1047 2597 stere
1092 2533 1391 2607 Creatori,
1429 2535 1745 2617 loquendo
1788 2536 1865 2597 de
1906 2543 2196 2598 creatura
2241 2554 2380 2617 per-

884 2634 1198 2695 manentis
1241 2642 1499 2695 naturae.

960 2732 1151 2794 Porro
1210 2732 1409 2794 motui
1466 2751 1579 2794 seu
1635 2740 1939 2795 ereaturae
1999 2731 2119 2796 sub
2181 2740 2376 2805 motu,

883 2837 1191 2912 repugnat
1220 2829 1303 2891 ab
1335 2838 1571 2892 aeterno
1610 2830 1827 2892 fuisse.
1863 2832 1931 2892 In
1964 2830 2380 2912 quibuscum—

882 2948 1006 3011 que
1036 2928 1203 2990 enim
1232 2936 1328 2991 est
1356 2930 1505 2991 dare
1535 2930 1817 3011 primum
1847 2937 1911 2991 et
1943 2930 2252 3002 ultimum,
2271 2929 2380 2991 illa

2496 1950 2558 2003 et
2609 1942 2900 2005 ultimam
2935 1960 2950 2005 :
2985 1962 3132 2025 ergo
3181 1953 3242 2006 et
3289 1946 3353 2007 in
3395 1946 3695 2027 acceptis,
3729 1982 3810 1991 —
3839 1947 3996 2010 Prae-

2497 2048 2687 2113 terea,
2722 2041 3035 2104 revolutio
3075 2042 3380 2106 hodierna
3421 2052 3530 2105 aut
3568 2044 3760 2107 distat
3797 2045 3863 2107 in
3901 2046 3994 2108 in-

2494 2138 2754 2200 finitum
2798 2139 2879 2201 ab
2927 2140 3050 2201 alia
3100 2142 3326 2222 posita,
3361 2147 3582 2223 utpote
3624 2142 3852 2224 prima,
3885 2152 3996 2205 aut

2495 2254 2620 2298 non
2657 2254 2672 2298 τ
2705 2237 2758 2298 si
2805 2238 2919 2311 sic,
2953 2258 3152 2319 quum
3195 2257 3318 2301 non
3361 2240 3563 2321 possit
3607 2240 3864 2304 infinita
3899 2242 3992 2303 di-

2493 2335 2724 2397 stantia
2771 2336 2904 2398 dari
2952 2336 3176 2418 major,
3209 2338 3500 2420 sequitur
3541 2340 3710 2421 quod
3756 2340 3868 2402 illa
3905 2361 3996 2404 re-

2493 2433 2734 2496 volutio
2775 2434 2895 2496 suit
2939 2435 3168 2517 prima,
3200 2436 3422 2518 sicque
3460 2437 3734 2500 habetur
3769 2457 3998 2521 propo-

2493 2531 2735 2611 situm;
2796 2534 2850 2595 si
2919 2552 3068 2608 non,
3128 2554 3280 2616 ergo
3340 2553 3467 2598 non
3531 2546 3994 2618 praeeesserunt

2495 2630 2782 2693 infinitae..

2592 2730 2878 2812 Insuper,
2943 2729 2995 2793 si
3057 2731 3380 2813 generatio
3442 2732 3650 2813 potuit
3709 2752 3849 2796 esse
3909 2734 3992 2797 ab

2491 2834 2748 2896 aeterno,
2782 2829 2902 2891 hoc
2955 2830 3230 2892 maxime
3280 2830 3510 2893 fuisset
3557 2833 3852 2913 ponendo
3897 2834 3992 2895 vi-

2491 2944 2634 2987 rum
2674 2933 2736 2987 et
2783 2928 3118 2989 mulierem
3155 2936 3398 2990 creatos
3437 2928 3518 2991 ab
3557 2937 3794 2993 aeterno
3829 2931 3994 3011 (imo

880 3034 1031 3091 sunt
1088 3027 1293 3089 finita.
1357 3028 1477 3089 Sed
1538 3028 1601 3090 in
1662 3027 2169 3091 revolutionibus
2232 3028 2377 3089 coeli
2417 3024 2459 3085 C
2493 3042 2618 3087 non
2667 3025 2918 3087 videtur
2968 3026 3271 3107 possibile
3321 3026 3525 3100 aliter,
3577 3048 3778 3110 quum
3826 3048 3992 3111 opus

880 3125 1218 3208 praeteritis
1270 3135 1333 3188 et
1385 3128 1685 3210 acceptiS‚
1740 3134 1988 3209 oportet
2047 3128 2197 3189 dare
2255 3127 2380 3209 pri-

881 3244 1051 3286 mam
1083 3232 1145 3286 et
1186 3223 1475 3287 ultimam
1512 3243 1527 3287 :
1562 3244 1712 3306 ergo
1752 3244 1877 3288 non
1917 3234 2378 3307 praecesserunt

880 3322 1170 3385 infinitae.
1212 3323 1414 3386 Minor
1462 3324 1765 3405 probatur
1807 3342 1821 3385 :
1865 3325 2015 3406 quia
2064 3324 2130 3385 in
2179 3324 2378 3386 omni-

880 3421 999 3483 bus
1032 3421 1367 3503 praeteritis
1398 3421 1902 3484 revolutionibus
1933 3422 2056 3483 fuit
2086 3422 2242 3483 ordo
2272 3422 2380 3483 du-

878 3519 1164 3592 rationiS,
1200 3519 1285 3581 ita
1328 3520 1497 3601 quod
1547 3539 1875 3602 nunquam
1928 3519 2188 3582 fuerunt
2236 3520 2376 3583 duae

876 3618 1093 3691 simul,
1128 3618 1237 3680 sed
1284 3636 1409 3679 una
1452 3626 1595 3699 post
1637 3618 1825 3680 aliam
1868 3619 1933 3679 in
1980 3626 2378 3700 postsumen-

877 3719 980 3791 do,
1019 3717 1117 3780 vel
1172 3736 1296 3778 una
1342 3724 1487 3779 ante
1534 3716 1722 3779 aliam
1778 3717 1839 3778 in
1890 3717 2371 3779 antesumendo.

880 3816 1041 3897 Ergo
1071 3835 1269 3898 quum
1302 3814 1600 3898 quaelibet
1631 3824 1893 3897 accepta
1922 3816 2003 3877 sit
2033 3823 2097 3877 et
2126 3833 2372 3889 omnes,

876 3924 985 3977 aut
1013 3922 1110 3977 est
1137 3921 1399 3995 accepta
1435 3922 1778 3995 antequam
1818 3913 2014 3988 nulla,
2048 3922 2157 3975 aut
2195 3932 2321 3976 non
2357 3932 2371 3975 :

876 4014 929 4076 si
961 4014 1076 4087 sic,
1111 4012 1315 4076 habeo
1346 4012 1765 4094 propositum,
1800 4012 2103 4093 quoniam
2142 4011 2251 4073 illa
2280 4021 2376 4074 est

876 4112 1103 4195 prima,
1154 4120 1217 4174 et
1278 4112 1582 4174 hodierna
1640 4119 1736 4172 est
1793 4110 2055 4187 ultima3
2108 4110 2159 4171 si
2223 4129 2371 4183 non,

2492 3123 2966 3204 propagationis
3007 3134 3323 3206 supponat
3365 3143 3529 3207 opus
3571 3127 3942 3207 creationis)
3975 3146 3988 3190 ε

2491 3226 2548 3281 et
2603 3221 2689 3282 ita
2729 3221 3002 3284 fuissent
3044 3224 3171 3286 duo
3220 3223 3510 3287 homines
3561 3224 3777 3306 primi,
3825 3226 3994 3288 inter

2489 3337 2650 3401 quos
2679 3328 2742 3381 et
2771 3338 2880 3381 eos
2909 3320 3018 3401 qui
3053 3340 3222 3383 nunc
3259 3329 3428 3395 sunt,
3463 3340 3590 3384 non
3631 3322 3993 3403 potuissent

2489 3437 2627 3481 esse
2673 3418 3034 3481 intermedii
3080 3419 3338 3481 infiniti.
3373 3456 3454 3466 —
3482 3422 3663 3496 Item,
3708 3421 3760 3484 si
3805 3441 3993 3504 gene-

2489 3516 2650 3579 ratio
2679 3516 2887 3599 potuit
2927 3536 3066 3579 esse
3095 3518 3176 3580 ab
3206 3526 3461 3590 aeterno,
3495 3538 3646 3601 ergo
3675 3529 3740 3583 et
3778 3539 3992 3584 corru-

2489 3615 2643 3696 ptio,
2677 3635 2878 3697 quum
2928 3617 3254 3697 generatio
3301 3617 3492 3679 unius
3536 3618 3618 3680 sit
3661 3620 3994 3702 corruptio

2487 3713 2747 3775 alterius
2783 3731 2798 3775 t
2833 3715 3158 3796 corruptio
3195 3723 3408 3777 autem
3439 3734 3566 3778 non
3607 3718 3815 3798 potuit
3847 3737 3990 3781 esse

2487 3810 2566 3871 ab
2614 3818 2870 3880 aeterno,
2907 3812 3210 3893 quoniam
3259 3814 3696 3897 pra-,supponit
3739 3814 3989 3898 aliquid

2486 3928 2554 3971 se
2585 3910 2764 3990 prius
2794 3910 3148 3985 duratione,
3183 3912 3479 3974 videlicet
3509 3914 3986 3993 generationem

2487 4026 2598 4069 seu
2647 4008 2934 4088 genitum
2985 4017 3094 4070 aut
3149 4010 3586 4092 corruptibile,
3640 4030 3840 4093 quum
3879 4014 3988 4075 'sit

2483 4105 2758 4187 alicujus
2790 4107 3284 4187 praeexsistentis
3315 4108 3985 4191 corruptio.Amplius‚

875 4220 1116 4284 contra,
1141 4218 1287 4273 ante
1317 4228 1537 4273 omnes
1570 4210 1745 4271 nulla
1776 4208 1900 4270 fuit
1932 4226 1947 4269 :
1982 4209 2033 4270 si
2066 4226 2217 4290 ergo
2244 4226 2376 4271 om·
2405 4208 2454 4270 D
2487 4205 2675 4267 homo
2707 4212 2954 4267 creatus
2985 4205 3064 4267 ab
3095 4214 3350 4281 aeterno,
3383 4216 3493 4269 aut
3524 4208 3699 4290 prius
3733 4208 3984 4285 fuisset,

873 4330 989 4373 nes
1019 4316 1295 4390 acceptae
1333 4315 1505 4376 sunt,
1541 4325 1665 4369 non
1700 4307 1905 4389 potuit
1946 4326 2084 4368 esse
2120 4306 2262 4368 alia.
2301 4306 2376 4367 Et

875 4406 1296 4469 confirmatur
1324 4404 1630 4485 hoc,quia
1661 4404 1729 4465 in
1758 4403 2216 4484 postsumendo
2248 4421 2376 4464 non

872 4513 1085 4568 essent
1112 4522 1331 4566 omnes
1360 4510 1635 4584 acceptae
1666 4502 1789 4563 nisi
1820 4502 2218 4583 acciperetur
2251 4520 2376 4563 una

874 4605 1177 4667 claudens
1212 4620 1409 4682 :ergo
1458 4619 1573 4662 nec
1626 4600 1689 4661 in
1740 4600 2201 4662 antesumendo
2246 4617 2378 4663 om-

874 4722 987 4765 nes
1034 4699 1440 4781 accipiuntur
1481 4696 1605 4758 nisi
1656 4702 1945 4758 sumatur
1996 4715 2118 4757 una
2172 4696 2376 4777 prima

874 4800 1176 4862 claudens
1221 4814 1462 4859 omnes.
1500 4795 1629 4857 Hoc
1670 4794 1930 4855 demum
1973 4794 2376 4855 manifestius

872 4900 1080 4970 fieret,
1114 4897 1168 4959 si
1209 4895 1347 4958 loco
1377 4891 1723 4974 cujuslibet
1762 4891 2178 4954 revolutionis
2222 4912 2375 4973 prae-

873 4996 1074 5059 teritae
1122 5000 1483 5056 sumeretur
1524 4990 1767 5071 aliquid
1819 5008 2222 5071 permanenS‚
2257 4990 2376 5051 sci-

875 5095 1023 5157 licet.
1067 5111 1335 5174 granum
1382 5089 1568 5160 milii,
1602 5096 1665 5149 et
1709 5088 2129 5150 deduceretur
2173 5088 2238 5149 in
2283 5089 2377 5151 eis

876 5193 1037 5256 ratio
1078 5189 1487 5273 praeinducta.
1523 5188 1591 5249 ln
1637 5194 1768 5249 tota
1812 5186 2052 5268 quippe
2095 5186 2380 5249 multitu-

877 5291 1027 5353 dine
1085 5305 1427 5371 granorum
1479 5285 1755 5367 quodam
1816 5284 2037 5346 ordine
2092 5292 2380 5366 accepto-

2484 4313 2547 4367 et
2575 4305 2891 4386 posterius
2920 4304 3266 4385 genuisset,
3287 4313 3349 4367 et
3377 4305 3470 4367 sic
3499 4308 3822 4386 generatio
3853 4327 3986 4372 non

2484 4402 2710 4464 fuisset
2751 4402 2830 4463 ab
2879 4410 3150 4480 aetern03
3194 4410 3304 4463 aut
3352 4421 3478 4465 non
3528 4405 3706 4486 prius
3753 4406 3985 4471 fuisset

2483 4519 2674 4582 quam
2716 4508 3126 4581 generasset:
3161 4500 3280 4563 hoe
3321 4508 3534 4563 autem
3581 4502 3984 4585 impossibile

2483 4605 2601 4672 est,
2634 4598 2938 4679 quoniam
2986 4616 3178 4679 agens
3227 4617 3342 4680 per
3391 4605 3634 4661 motum
3684 4604 3985 4683 praeexsi-

2484 4696 2592 4757 stit
2627 4696 2897 4757 termino
2939 4704 3146 4757 motus
3178 4714 3302 4759 non
3341 4697 3551 4759 solum
3591 4706 3834 4773 natura,
3868 4703 3982 4764 sed

2484 4794 2676 4856 etiam
2707 4794 3058 4856 durat-ione.
3096 4794 3326 4875 Sicque
3360 4796 3684 4875 generatio
3715 4816 3840 4861 non
3875 4818 3984 4881 po-

2485 4892 2605 4953 tuit
2637 4910 2775 4954 esse
2804 4891 2885 4954 ab
2916 4900 3170 4955 aeterno.
3197 4892 3532 4955 Concludit
3560 4913 3814 4977 quoque
3843 4897 3984 4961 haec

2485 4990 2646 5052 ratio
2693 5007 2822 5051 non
2871 4989 3078 5051 solum
3128 4990 3206 5051 de
3254 4991 3660 5071 generatione
3709 4992 3830 5055 ista
3877 4996 3983 5058 vel

2488 5087 2616 5159 illa,
2672 5088 2782 5149 sed
2832 5094 2896 5149 et-
2945 5088 3020 5149 de
3079 5087 3484 5168 generatione
3535 5090 3920 5172 simpliciter
3967 5111 3980 5155 :

2487 5206 2634 5248 nam
2666 5186 2833 5248 sicut
2863 5186 2968 5248 hic
3006 5204 3314 5266 generans
3344 5188 3648 5269 praecedit
3683 5190 3846 5252 hanc
3875 5210 3984 5273 ge-

2491 5284 2910 5357 nerationem,
2963 5284 3053 5346 sic
3112 5303 3420 5365 generans
3479 5286 3859 5369 simpliciter
3919 5298 3988 5352 et
