4334 6242
875 497 961 543 AN
1001 496 1225 544 ANGRLI
1266 497 1481 544 cumr!
1524 497 1600 544 ΕΤ
1639 497 1963 545 COLLOCATI
2002 497 2282 545 reanum·
2321 498 2386 544 IN
2426 497 2606 544 GOELo
2648 495 2931 542 EMPYnEo

3341 473 3458 540 169

363 665 713 748 gnitudinis
750 675 847 730 est
875 669 1137 732 omnino
1172 667 1545 731 abstractus.
1582 669 1856 732 Omnino
1885 668 1938 731 A
1966 669 2129 731 nihil
2168 668 2714 732 determinationis
2754 666 2934 750 ponit
2968 665 3034 728 in
3073 663 3214 745 ejus
3252 683 3460 726 essen-

364 783 508 847 ergo
548 765 949 848 impossibile
978 775 1075 829 est
1105 775 1173 828 ut
1201 767 1462 847 angelus
1502 769 1855 830 secundum

362 863 779 926 substantiam
822 884 1001 927 suam
1040 865 1123 926 sit
1160 865 1225 926 in
1265 864 1403 927 loco
1440 872 1550 926 aut
1588 865 1736 937 situ,
1771 865 1857 926 ita

364 968 431 1022 ut
474 981 591 1023 sua
636 962 913 1024 essentia
953 962 1011 1024 ei
1062 961 1143 1026 sit
1185 961 1345 1024 ratio
1392 962 1737 1025 exsistendi
1791 963 1855 1024 in

366 1061 478 1122 hoe
526 1069 636 1122 aut
684 1061 795 1123 illo
842 1061 969 1124 situ
1016 1080 1129 1123 seu
1182 1061 1319 1123 loco
1368 1061 1783 1124 determinate
1838 1081 1851 1125 :

366 1157 490 1220 imo
527 1159 735 1220 adhuc
776 1160 1036 1221 omnino
1077 1159 1475 1241 impossibile
1514 1168 1609 1222 est
1644 1166 1713 1220 ut
1754 1179 1857 1222 ne-

367 1275 535 1318 cesse
584 1255 665 1318 sit
717 1257 929 1338 ipsum
988 1275 1128 1319 esse
1176 1257 1241 1319 in
1301 1257 1517 1340 aliquo
1564 1258 1690 1320 situ
1747 1267 1856 1321 aut

369 1354 502 1417 loco
548 1355 627 1416 ad
679 1355 939 1416 modum
991 1355 1231 1436 puncti.
1286 1356 1460 1419 Unde
1510 1355 1665 1418 dicit
1710 1357 1855 1418 Avi-

368 1471 563 1514 cenna
620 1453 811 1515 tertio
864 1453 1303 1536 Metaphysicae
1362 1473 1492 1516 suae
1550 1472 1563 1515 :
1623 1454 1857 1517 Natura

366 1569 503 1632 quae
558 1558 657 1613 est
702 1550 944 1632 aliquid
1001 1551 1175 1613 aliud
1236 1561 1463 1633 praeter
1520 1551 1640 1614 hoc
1686 1553 1855 1635 quod

366 1665 488 1710 non
529 1648 860 1721 dividitur,
894 1647 948 1710 si
992 1648 1101 1710 illa
1142 1657 1367 1712 natura
1410 1658 1505 1711 est
1547 1651 1707 1712 situs
1748 1657 1858 1713 aut

365 1748 527 1829 quod
568 1747 868 1810 convenit
906 1747 1078 1821 situi,
1111 1747 1233 1810 hoc
1270 1756 1367 1810 est
1407 1755 1718 1830 punctus3
1754 1748 1855 1811 vel

1966 767 2052 829 tia
2100 767 2201 829 vel
2261 775 2501 829 natura.
2553 766 2710 828 Nam
2769 771 2830 826 et
2880 764 2999 826 hoc
3059 763 3249 825 modo
3293 763 3460 824 Deus

1963 865 2155 927 habet
2185 884 2322 928 esse
2363 866 2428 926 in
2470 865 2608 927 loco
2644 870 2706 926 et
2745 862 2982 925 dicitur
3011 879 3148 924 esse
3189 861 3254 923 in
3296 861 3457 937 loc0,

1964 964 2217 1026 dicente
2261 965 2645 1026 Damasceno
2679 981 2693 1026 :
2729 962 2974 1025 Dicitur
3009 963 3178 1024 Deus
3217 980 3355 1024 esse
3394 960 3460 1022 in

1968 1062 2128 1132 loco,
2181 1071 2242 1124 et
2292 1061 2526 1124 dicitur
2576 1061 2751 1123 locus
2805 1061 2916 1123 Dei
2965 1059 3074 1121 uhi
3127 1059 3463 1122 manifesta

1965 1159 2043 1221 sit
2086 1160 2368 1242 operatio
2415 1159 2574 1239 ejus.
2619 1159 2910 1221 Secundo
2959 1159 3148 1221 modo
3198 1175 3322 1220 non
3368 1164 3463 1220 est

1966 1258 2228 1339 angelus
2274 1258 2338 1319 in
2381 1258 2520 1320 loco
2561 1265 2670 1319 aut
2713 1256 2839 1319 situ
2890 1256 3133 1319 ratione
3182 1276 3312 1319 suae
3357 1273 3464 1336 po-

1965 1357 2180 1419 tentiae
2209 1365 2318 1418 aut
2347 1355 2729 1438 operationis
2767 1355 2966 1437 magis
2997 1374 3189 1437 quam
3219 1353 3462 1416 ratione

1966 1475 2096 1518 suae
2146 1454 2458 1527 essentiae,
2510 1454 2810 1536 quoniam
2873 1472 3000 1516 non
3050 1460 3146 1515 est
3196 1452 3462 1515 minoris

1965 1551 2408 1615 abstractionis
2451 1572 2488 1614 a
2529 1552 2880 1635 quantitate
2928 1551 3142 1614 situali
3193 1570 3308 1613 sua
3354 1568 3462 1632 po-

1967 1651 2164 1714 tentia
2212 1670 2403 1734 quam
2465 1652 2760 1726 essentia,
2812 1658 2929 1714 etc.
2982 1685 3062 1696 —
3111 1651 3253 1713 Haec
3301 1650 3463 1712 Hen-

1968 1770 2174 1813 ricus.-

366 1846 415 1908 si
454 1854 681 1908 natura
719 1845 828 1907 illa
865 1864 993 1908 non
1028 1853 1125 1908 est
1154 1846 1313 1908 situs
1353 1865 1470 1908 nec
1500 1847 1669 1929 quod
1709 1865 1854 1910 con·
1892 1850 1939 1912 B
2050 1849 2169 1911 Sed
2202 1847 2352 1930 quia
2389 1849 2524 1912 haec
2558 1848 2699 1930 ejus
2735 1847 3178 1910 determinatio
3209 1846 3465 1910 videba-

365 1945 532 2006 venit
576 1944 751 2017 situi,
784 1943 907 2006 erit
948 1945 1115 2006 sicut
1158 1944 1578 2026 intelligentia
1618 1952 1682 2006 et
1722 1944 1856 2007 ani-

367 2061 481 2104 ma.
533 2041 651 2116 Qui
701 2060 853 2123 ergo
901 2050 1224 2124 nequeunt
1271 2043 1569 2122 angelum
1626 2043 1857 2106 intelli-

367 2159 507 2222 gere
549 2141 904 2204 secundum
958 2140 1264 2203 rationem
1314 2140 1683 2205 substantiae
1727 2161 1857 2204 suae

366 2247 433 2300 ut
478 2239 789 2302 unitatem
840 2238 1081 2320 absque
1130 2239 1371 2302 ratione
1421 2240 1665 2322 puncti,
1710 2248 1857 2302 sunt

368 2338 456 2400 illi
498 2339 578 2400 de
623 2337 861 2420 quibus
911 2337 1190 2420 loquitur
1236 2337 1706 2401 Commentator
1754 2358 1855 2400 su-

368 2455 477 2519 per
520 2436 875 2498 secundum
921 2436 1384 2519 Metaphysicae,
1437 2437 1605 2518 quod
1653 2436 1856 2500 virtus

369 2534 773 2617 imaginativa
808 2534 1172 2596 dominatur
1210 2534 1277 2610 in
1308 2535 1399 2596 eis
1440 2552 1633 2615 super
1662 2535 1857 2595 virtu-

366 2642 490 2696 tem
533 2632 1012 2695 intellectivam.
1055 2632 1172 2705 Qui
1201 2633 1301 2711 (ut
1344 2632 1526 2713 dicit)
1557 2650 1683 2695 non
1728 2652 1857 2695 cre-

365 2734 519 2795 dunt
554 2730 1205 2794 demonstrationibus
1244 2730 1367 2793 nisi
1408 2751 1513 2794 eas
1556 2731 1855 2812 imagina-

367 2831 447 2893 tio
482 2831 824 2893 comitetur
856 2848 870 2893 :
903 2846 1030 2891 non
1074 2829 1247 2891 enim
1292 2831 1549 2892 credere
1592 2839 1857 2912 possunt

365 2947 477 2990 nec
508 2929 773 3010 plenum
814 2945 931 2989 nec
959 2947 1233 2989 vacuum
1278 2947 1393 2990 nec
1426 2934 1677 3010 tempus
1718 2947 1856 2991 esse

1968 1954 2073 2009 tur
2120 1947 2400 2009 incidere
2448 1946 2788 2009 articulum
2835 1946 3088 2008 Parisiis
3131 1966 3168 2008 a
3205 1945 3464 2008 domino

1968 2045 2288 2126 Stephano
2333 2044 2602 2126 praesule
2646 2045 3160 2118 condemnatum,
3204 2062 3331 2126 quo
3375 2044 3467 2106 di-

1969 2143 2155 2216 citur,
2200 2141 2630 2204 Substantiam
2680 2142 3174 2204 intellectualem
3217 2161 3463 2225 separa-

1968 2249 2095 2303 tam
2126 2241 2453 2320 (videlicet
2482 2241 2778 2321 angelum
2809 2248 2919 2302 aut
2949 2240 3465 2321 intelligentiam)

1966 2356 2094 2400 non
2155 2356 2294 2400 esse
2353 2338 2418 2400 in
2478 2338 2618 2401 loco
2675 2338 2797 2400 nisi
2859 2357 2972 2420 per
3029 2338 3463 2419 operationem

1968 2455 2172 2510 suam,
2217 2453 2432 2514 error3
2475 2443 2538 2497 et.
2585 2455 2825 2509 rursuS,
2867 2436 3044 2509 Quod
3093 2435 3464 2499 substantiae

1968 2541 2270 2616 separatae
2309 2541 2458 2595 sunt
2495 2533 2731 2595 alicubi
2773 2553 2886 2615 per
2915 2534 3369 2616 operationem,
3401 2543 3466 2597 et

1968 2633 2136 2714 quod
2182 2649 2309 2694 non
2353 2639 2622 2715 possunt
2666 2633 2907 2695 moveri
2950 2632 3030 2694 ab
3071 2641 3355 2696 extremo
3396 2633 3464 2695 in

1967 2738 2321 2792 extremum
2365 2748 2483 2792 nec
2526 2730 2590 2792 in
2629 2731 2934 2805 medium,
2969 2730 3094 2792 nisi
3133 2730 3286 2812 quia
3327 2749 3466 2813 pos-

1968 2836 2117 2890 sunt
2166 2828 2330 2890 velle
2387 2829 2633 2910 operari
2693 2835 2802 2890 aut
2851 2829 2914 2890 in
2975 2828 3185 2891 medio
3242 2837 3353 2891 aut
3399 2828 3464 2891 in

1968 2928 2292 3001 extremiS‚
2345 2946 2540 3002 error,
2594 2929 2648 2991 si
2700 2928 3088 3009 intelligatur
3135 2928 3274 2990 sine
3321 2946 3468 3010 ope-

366 3034 535 3088 extra
594 3027 929 3100 mundum,
982 3045 1101 3087 nec
1149 3027 1405 3089 credere
1463 3035 1707 3109 queunt
1753 3027 1856 3089 hic
1892 3029 1936 3092 C
1970 3027 2211 3089 ratione
2251 3025 2674 3089 substantiam
2715 3027 2889 3089 illam
2933 3045 3060 3088 non
3099 3045 3238 3088 esse
3270 3026 3336 3088 in
3378 3027 3464 3089 lo-

366 3144 501 3188 esse
550 3125 923 3205 incorporea
971 3143 1179 3207 neque
1227 3125 1293 3186 in
1344 3125 1483 3188 loco
1530 3144 1737 3208 neque
1791 3125 1855 3187 in

368 3230 664 3306 tempore.
700 3221 982 3284 Primum
1028 3224 1283 3285 credere
1326 3231 1673 3306 nequeunt,
1708 3223 1858 3305 quia

368 3323 732 3404 imaginatio
770 3341 990 3385 eorum
1034 3341 1161 3385 non
1200 3328 1322 3384 stat
1352 3322 1510 3384 citra
1549 3321 1803 3384 infinita
1838 3341 1851 3385 ε

369 3421 503 3484 ideo
534 3421 978 3483 mathematice
1008 3421 1455 3502 imaginantur,
1470 3428 1532 3483 et
1562 3421 1731 3503 quod
1761 3429 1858 3483 est

367 3527 535 3582 extra
591 3520 849 3592 coelum‚
900 3519 992 3582 eis
1053 3519 1381 3581 infinitum
1430 3519 1699 3582 videtur.
1754 3520 1857 3581 Se-

367 3619 641 3680 cundum
691 3635 816 3680 non
864 3625 1127 3699 possunt
1176 3619 1454 3692 credere,
1506 3618 1657 3700 quia
1705 3618 1855 3680 ima-

365 3716 749 3797 ginationem
780 3733 908 3777 non
942 3715 1107 3777 valet
1138 3716 1581 3778 transcendere
1613 3716 1855 3778 intelle-

366 3822 493 3876 ctus
524 3815 819 3896 ipsorum.
834 3813 993 3875 Hinc
1017 3813 1174 3876 tales
1205 3821 1349 3875 sunt
1380 3813 1852 3892 melancholici3

367 3911 655 3993 fiuntque
685 3911 913 3993 optimi
954 3911 1408 3984 mathematici,
1443 3912 1553 3974 sed
1591 3912 1851 3994 pessimi

369 4009 893 4092 metaphysici.Et
922 4008 1089 4070 fiunt
1120 4009 1436 4071 naturales
1468 4010 1856 4092 inepti‚quo·

368 4107 529 4170 niam
582 4106 705 4169 sub
758 4106 947 4169 finito
998 4124 1123 4169 non
1181 4115 1447 4189 possunt
1500 4107 1859 4188 intelligen-

1969 3143 2043 3186 eo
2094 3143 2211 3186 nec
2262 3124 2529 3187 transire
2571 3125 2650 3186 de
2696 3125 2835 3187 loco
2877 3125 2956 3187 ad
3000 3125 3211 3186 locum
3254 3143 3268 3188 :
3311 3125 3464 3187 hinc

1968 3224 2196 3284 Doctor
2234 3223 2352 3286 iste
2392 3223 2672 3285 solennis
2713 3223 3044 3304 subjungit.
3076 3240 3089 3284 :
3124 3223 3213 3286 Ne
3252 3223 3464 3285 incau-

1967 3328 2031 3382 ta
2065 3320 2300 3384 locutio
2338 3320 2664 3402 simplices
2704 3322 3024 3403 protrahat
3057 3321 3122 3384 in
3157 3340 3458 3395 errorem,

1967 3418 2359 3501 pontificalis
2408 3419 2722 3481 sententia
2770 3419 3100 3482 districte*
3139 3420 3288 3482 talia
3335 3421 3460 3483 dici

1968 3536 2079 3579 seu
2120 3516 2265 3578 fieri
2307 3516 2623 3598 prohibet,
2656 3518 2940 3600 'talesque
2977 3519 3278 3582 articulos
3308 3527 3462 3582 tota-

1967 3616 2112 3678 liter
2160 3616 2438 3689 damnat,
2471 3617 3032 3679 excommunicans
3080 3634 3302 3680 omnes
3353 3619 3462 3700 qui

1966 3715 2168 3777 dictos
2199 3732 2442 3776 errores
2471 3723 2581 3777 aut
2608 3715 2887 3799 aliquem
2919 3717 3288 3779 eorumdem
3319 3718 3466 3798 dog-

1969 3813 2408 3874 matizaverint
2469 3821 2578 3875 aut
2635 3814 2976 3878 defendere
3039 3835 3462 3899 praesumpse-

1968 3913 2114 3975 rint.
2142 3911 2295 3973 Dico
2324 3929 2472 3992 ergo
2512 3913 2864 3975 secundum
2900 3913 3031 3994 jam
3072 3915 3460 3996 propositam

1967 4009 2557 4073 determinationem
2591 4010 3356 4092 pontificalem,angelum
3389 4013 3466 4074 si·

1967 4127 2047 4171 ne
2105 4109 2470 4190 operatione
2528 4127 2666 4170 esse
2726 4109 2788 4170 in
2851 4109 3007 4172 loco.
3072 4110 3193 4172 Sed
3250 4118 3460 4174 tamen

371 4206 513 4268 tiam
561 4225 743 4268 suam
794 4205 1173 4268 concludere
1216 4224 1229 4269 :
1276 4204 1565 4268 omnium
1616 4207 1855 4290 quippe
1887 4209 1938 4272 D
1967 4208 2189 4270 eadem
2251 4206 2637 4288 pontificalis
2697 4208 3012 4270 sententia
3062 4207 3239 4283 dicit,
3293 4211 3460 4292 quod

370 4311 585 4366 natura
621 4303 1075 4376 constantium,
1107 4311 1203 4365 est
1241 4305 1555 4366 terminus
1597 4311 1659 4366 et
1698 4305 1857 4367 ratio

374 4401 820 4482 magnitudinis
860 4409 923 4462 et
962 4402 1312 4482 augmenti,
1345 4410 1415 4464 ut
1457 4403 1737 4466 secundo
1779 4404 1855 4465 de

371 4499 589 4562 Anima
629 4499 885 4562 dicitur.

444 4599 517 4660 At
546 4617 697 4661 vero
737 4597 802 4659 in
847 4598 1071 4679 angelo
1110 4606 1338 4680 praeter
1374 4599 1715 4662 essentiam
1754 4620 1856 4662 su-

372 4714 465 4758 am
506 4705 653 4759 sunt
696 4695 839 4778 ejus
881 4697 1199 4778 potentiae,
1234 4697 1593 4760 intellectus
1636 4698 1857 4760 videli-

374 4803 465 4856 cet
502 4803 563 4858 et
606 4797 925 4868 voluntas,
970 4815 1111 4878 quae
1155 4795 1541 4858 considerari
1591 4805 1856 4878 possunt

376 4890 433 4953 in
467 4893 600 4974 ipso
628 4891 975 4975 dupliciter
1008 4910 1023 4955 ε
1058 4891 1289 4975 primu,
1324 4899 1395 4954 ut
1429 4900 1575 4954 sunt
1608 4893 1672 4955 in
1712 4900 1857 4955 actu

377 4991 531 5053 circa
570 4990 959 5074 corporalia3
1003 4990 1305 5064 secund0,
1340 4998 1412 5052 ut
1448 4998 1597 5052 sunt
1641 4991 1705 5052 in
1750 4991 1858 5054 ha·

376 5086 501 5150 bitu
538 5108 650 5153 seu
693 5089 759 5151 in
789 5097 933 5152 actu
966 5087 1135 5150 circa
1174 5088 1614 5170 incorporalia.
1650 5090 1859 5153 Primo

378 5188 551 5250 modo
587 5186 1025 5249 indubitanter
1054 5205 1276 5248 verum
1311 5195 1407 5250 est
1438 5187 1859 5252 substantiam

378 5285 568 5366 angeli
614 5303 757 5349 esse
805 5285 873 5346 in
919 5284 1046 5348 situ
1094 5293 1156 5347 et
1203 5285 1341 5348 loco
1378 5303 1392 5348 :
1431 5287 1601 5368 quod
1647 5294 1857 5350 tamen

1968 4324 2192 4368 verum
2222 4312 2338 4378 est,
2371 4306 2538 4386 quod
2579 4305 2948 4368 substant-iae
2981 4314 3285 4389 separatae
3318 4328 3464 4371 nus—

1969 4422 2159 4484 quam
2193 4410 2362 4475 sunt,
2397 4403 2450 4465 si
2483 4403 2873 4485 intelligatur
2902 4405 3072 4486 quod
3111 4405 3464 4470 substantia

1968 4501 2050 4563 sit
2094 4501 2253 4563 ratio
2293 4502 2638 4564 exsistendi
2684 4502 2749 4564 in
2796 4503 2933 4566 loco
2976 4523 2991 4568 ι
3033 4513 3096 4566 et
3134 4505 3254 4568 hoc
3298 4505 3460 4579 ideo,

1968 4600 2119 4683 quia
2158 4599 2514 4662 substantia
2553 4600 2688 4682 ipsa
2729 4619 2855 4664 non
2895 4610 2993 4664 est
3021 4603 3180 4665 ratio
3212 4604 3463 4666 essendi

1967 4697 2390 4760 substant-iam
2418 4697 2624 4779 angeli
2659 4699 2724 4760 in
2757 4698 2915 4771 loco,
2940 4699 3058 4762 etsi
3090 4701 3173 4762 sit
3202 4701 3268 4763 in
3301 4701 3457 4764 loco.

1968 4797 2037 4857 In
2076 4796 2197 4858 hoc
2240 4815 2516 4878 namque
2561 4796 3030 4859 concordabant
3068 4815 3288 4861 omnes
3334 4819 3462 4862 ma-

1966 4894 2147 4975 gistri
2201 4895 2267 4955 in
2309 4895 2626 4975 theologia
2674 4914 2868 4977 super
2913 4896 3034 4958 hoc
3077 4899 3458 4979 congregati,

1969 5010 2240 5074 quorum
2273 5010 2389 5074 ego
2419 5011 2592 5055 eram
2628 5012 2812 5055 unus.
2849 4994 3178 5057 Consimili
3209 5014 3461 5078 quoque

1968 5091 2210 5154 ratione
2262 5110 2483 5153 verum
2542 5098 2659 5164 est,
2713 5092 2882 5172 quod
2937 5092 2993 5154 si
3041 5094 3299 5175 angelus
3348 5114 3462 5177 per

1970 5210 2150 5252 suam
2208 5190 2576 5273 potentiam,
2630 5197 2850 5272 utpote
2898 5210 3014 5272 per
3067 5191 3459 5254 intellectum

1970 5308 2043 5351 ac
2086 5289 2501 5363 voluntat-em,
2545 5305 2672 5351 non
2715 5287 2994 5370 applicat
3041 5307 3222 5352 suam
3263 5288 3461 5352 virtu-

3510 3437 3528 3456 ·
3545 3435 3748 3478 distincte
