4334 6242
828 424 949 493 458
1479 449 1545 496 IN
1584 449 1807 496 Lmnuu
1849 450 1894 497 11
1936 449 2418 496 SENTENUARUM.
2464 468 2545 478 —
2582 451 2738 497 msr.
2776 451 2925 516 v1113
2969 452 3193 509 QUAEST.
3238 453 3283 499 11

829 627 966 682 tum
1013 628 1346 684 vocaretur
1394 621 1567 704 regio
1615 621 1742 683 illa.
1796 621 2010 701 Itaque
2061 626 2124 682 et
2169 638 2324 701 gens
2354 617 2665 683 Asimilis
2722 621 3002 684 humano
3057 630 3153 686 est
3210 622 3481 705 corpori.
3542 624 3679 687 Non
3740 624 3938 706 igitur

825 719 1198 781 Hunnorum
1246 738 1370 782 non
1415 730 1512 783 est
1550 719 1804 802 proprie
1847 727 1994 781 nata
2030 737 2107 780 ex
2149 718 2325 780 incu-
2432 719 2693 794 mirum,
2728 721 2781 782 si
2824 739 3044 783 semen
3090 720 3382 784 ursinum
3424 731 3553 784 tam
3596 722 3808 785 simile
3848 725 3937 786 sit

825 817 947 891 his,
1010 818 1119 879 sed
1176 837 1252 880 ex
1312 818 1568 882 illorum
1632 817 1988 880 seminibus
2048 834 2324 899 quorum
2430 818 2660 881 semini
2720 819 3023 893 hominiS,
3078 828 3147 881 ut
3204 819 3265 882 ei
3323 821 3398 882 ad
3458 821 3933 902 generationem

824 917 1068 979 semina
1115 916 1332 979 incubi
1383 918 1774 999 collegerunt
1811 935 1883 978 ac
1929 915 2189 980 feminis
2218 916 2327 977 in·
2430 916 2834 979 convenienti
2868 917 3323 982 commixtione
3353 919 3556 981 valeat
3596 919 3928 1002 applicari.

821 1013 1143 1077 fuderunt.
1169 1051 1248 1060 —-
1280 1014 1563 1097 Denique
1599 1015 1722 1078 levi
1753 1033 1826 1075 ac
1861 1014 2110 1076 modico
2143 1013 2322 1093 adju·
2429 1015 2602 1076 Talia
2636 1023 2849 1076 autem
2894 1015 3138 1078 semina
3182 1025 3449 1098 possunt
3487 1018 3804 1082 daemones
3842 1017 3935 1080 fa-

765 1185 768 1188 ,
825 1120 1039 1175 mento
1076 1113 1414 1194 adjuvatur
1457 1133 1677 1176 semen
1721 1112 2098 1186 femineum,
2135 1121 2204 1173 ut
2245 1132 2319 1174 ex
2428 1113 2636 1175 ciliter
2697 1132 3058 1196 procurare,
3124 1115 3509 1197 feminisque
3567 1115 3926 1179 infundere.

821 1229 897 1274 eo
920 1212 1238 1292 generatio
1266 1213 1328 1275 in
1362 1213 1743 1295 quibusdam
1772 1212 2155 1274 animalibus
2188 1210 2318 1284 fiat,
2426 1213 2731 1276 Praeterea
2760 1220 3005 1275 constat
3034 1231 3141 1275 eos
3180 1233 3376 1295 aquas
3407 1214 3655 1297 AEgypti
3689 1214 3754 1276 in
3784 1233 3930 1277 san-
3988 1232 4251 1282 [cmx-21.

823 1310 1361 1391 quemadmodum
1419 1310 1564 1373 fieri
1614 1311 1947 1373 consuevit
1995 1310 2059 1372 in
2111 1309 2319 1372 insula
2425 1312 2687 1392 guinem
2726 1312 3132 1374 convertisse.
3166 1312 3301 1375 Non
3342 1319 3553 1374 autem
3596 1312 3931 1376 difficilior
3960 1297 4039 1337 ²²·

822 1409 1096 1490 quadam
1145 1409 1537 1490 Portugaliae,
1591 1409 1699 1472 ubi
1751 1409 1948 1471 flante
1995 1417 2186 1472 vento
2232 1408 2321 1470 fa·
2425 1427 2563 1470 esse
2594 1409 2847 1471 videtur
2885 1410 3215 1473 conversio
3252 1429 3433 1492 aquae
3466 1411 3531 1472 in
3562 1430 3780 1473 semen
3814 1411 3933 1474 hu-

823 1507 1034 1581 vonio,
1065 1525 1244 1589 equae
1273 1507 1514 1590 absque
1547 1508 1974 1570 masculorum
2015 1506 2321 1570 commix-
2428 1525 2713 1580 manum,
2748 1527 2941 1588 quam
2982 1507 3045 1569 in
3088 1507 3465 1589 sanguinem
3500 1526 3514 1570 :
3549 1527 3698 1590 ergo
3736 1518 3801 1572 et
3834 1510 3933 1572 sic

824 1605 1105 1667 tionibus
1136 1605 1653 1688 impraegnantur.
1689 1607 1922 1668 Natura
1952 1605 2191 1667 etenim
2226 1625 2319 1667 se·
2428 1613 2694 1686 possunt
2734 1624 2954 1667 semen
2995 1624 3335 1688 procurare
3370 1606 3744 1668 humanum.
3780 1607 3933 1669 Am-

825 1703 1018 1765 minis
1059 1704 1397 1766 masculini
1428 1704 1562 1767 haec
1593 1713 1710 1777 est,
1744 1704 1914 1786 quod
1945 1704 2090 1786 plus
2130 1704 2320 1766 habet
2430 1702 2622 1784 plius,
2666 1711 2882 1765 sancta
2929 1704 3221 1786 quaedam
3267 1703 3510 1766 femina
3557 1724 3594 1766 a
3642 1705 3931 1768 daemone

823 1801 1050 1864 caloris
1098 1821 1171 1864 ac
1219 1801 1481 1884 spiritus
1530 1821 1723 1883 quam
1780 1820 1998 1864 semen
2054 1800 2400 1874 femine-,B
2432 1800 2780 1875 ludificata,
2823 1810 3049 1864 testata
3086 1809 3183 1864 est
3228 1802 3397 1884 quod
3445 1810 3616 1865 tanto
3664 1804 3933 1866 seminis

824 1917 972 1978 um3
1021 1908 1085 1962 et
1132 1899 1284 1982 quia
1335 1901 1542 1962 calore
1597 1900 1984 1981 coagulatur,
2033 1907 2098 1961 et
2145 1900 2322 1980 frigi·
2428 1899 2611 1962 fluxu
2642 1919 2783 1963 eam
2813 1899 3195 1982 inquinavit,
3230 1901 3399 1983 quod
3442 1901 3618 1964 mille
3647 1901 3769 1964 viri
3800 1920 3931 1965 non

823 1998 1018 2062 ditate
1062 2000 1452 2075 dissolvitur,
1486 2009 1581 2062 est
1620 2000 1833 2083 aliquo
1879 2001 2066 2064 modo
2107 2001 2186 2063 ad
2230 2018 2323 2062 se·
2429 2007 2674 2062 tantum
2718 1999 3102 2061 emitterent.

827 2117 974 2161 men
1017 2098 1396 2172 femineum,
1428 2097 1595 2160 sicut
1638 2098 1972 2180 coagulum
2018 2098 2201 2160 lactis
2242 2099 2321 2160 ad
2470 2098 2724 2180 ·ltaque
2775 2105 3017 2160 constat
3068 2098 3387 2162 daemones
3438 2116 3624 2180 posse
3670 2117 3932 2178 genera·

547 2205 695 2260 1⁰⁶1.
721 2211 784 2251 ¹⁰·
826 2196 944 2272 lac,
974 2197 1157 2278 juxta
1194 2197 1349 2260 illud
1387 2198 1654 2260 :Nonne
1694 2197 1861 2259 sicut
1903 2198 1996 2259 lac
2043 2197 2320 2260 mulsisti
2430 2196 2668 2258 tionem
2712 2195 3047 2258 hominum
3092 2214 3452 2278 procurare.
3496 2197 3625 2258 Nec
3668 2196 3929 2270 mirum,

825 2315 951 2370 me,
993 2305 1054 2358 et
1103 2297 1269 2359 sicut
1316 2315 1572 2359 caseum
1623 2315 1724 2358 me
1769 2296 2158 2377 coagulasti?
2200 2296 2323 2378 Ap·
2429 2313 2627 2376 quum
2656 2293 2787 2374 jam
2820 2293 2899 2355 ab
2931 2294 3301 2357 hominibus
3331 2301 3705 2357 attentatum
3739 2295 3843 2368 sit,
3866 2302 3934 2357 et

823 2403 1002 2478 paret
1047 2414 1197 2477 ergo
1242 2415 1320 2459 ex
1367 2396 1490 2470 his,
1536 2397 1688 2478 quia
1733 2397 1902 2478 quod
1953 2396 2323 2458 insufflatur
2430 2391 2743 2454 creditum
2803 2411 2916 2454 seu
2979 2392 3279 2455 traditum
3340 2393 3419 2455 ab
3469 2393 3585 2466 eis,
3637 2393 3933 2456 homines

824 2494 888 2556 in
931 2494 1226 2556 matrices
1263 2513 1569 2576 equarum
1610 2495 1688 2556 de
1720 2502 1908 2555 vento
1951 2492 2204 2556 favonio
2242 2493 2319 2556 ad
2429 2491 2573 2553 fieri
2616 2510 2731 2573 per
2768 2491 2958 2553 aliam
2995 2491 3164 2553 viam
3206 2510 3397 2573 quam
3441 2511 3556 2573 per
3585 2491 3755 2556 viam
3786 2509 3934 2554 con-

821 2613 1039 2655 semen
1081 2593 1431 2656 femineum
1475 2593 1642 2675 quod
1683 2601 1776 2655 est
1811 2593 1874 2654 in
1915 2593 2030 2666 eiS,
2065 2600 2161 2655 est
2201 2593 2320 2655 sic·
2430 2597 2624 2652 suetae
2671 2589 3120 2670 generationis,
3166 2597 3355 2670 prout
3395 2589 3459 2650 in
3512 2589 3693 2651 libris
3739 2609 3933 2673 expe-

821 2698 892 2753 ut
939 2693 1203 2774 spiritus
1254 2693 1362 2774 qui
1413 2699 1510 2754 est
1558 2692 1623 2753 in
1673 2691 1917 2753 semine
1969 2691 2322 2753 masculino
2430 2688 2849 2749 rimentorum
2884 2687 3315 2770 conscriptum
3349 2695 3463 2749 est.
3492 2688 3931 2750 ——lnterdum

823 2790 886 2852 in
948 2791 1212 2864 eisdem,
1264 2809 1464 2872 quum
1523 2790 1851 2852 evidenter
1908 2798 2206 2870 operetur
2255 2789 2318 2851 id
2429 2804 2683 2869 quoque
2727 2786 3169 2868 impraegnatas
3208 2805 3277 2848 se
3308 2794 3532 2867 putant
3564 2785 3819 2849 feminae
3847 2787 3933 2850 ab

821 2889 1035 2970 ipsum
1066 2889 1234 2971 quod
1277 2887 1383 2950 ille
1414 2886 1678 2970 spiritus
1709 2895 2078 2968 operaretur
2121 2887 2186 2948 in
2230 2905 2321 2948 se·
2432 2885 2706 2958 incubiS,
2740 2892 2803 2946 et
2848 2883 3283 2946 intumescunt
3325 2884 3739 2946 vehementer
3779 2904 3933 2948 ven·

823 2985 996 3048 mine
1025 3005 1354 3067 equarum.
1391 2985 1526 3047 Non
1558 3002 1706 3065 ergo
1736 2992 1832 3046 est
1862 2984 2129 3047 dubium
2161 2985 2318 3066 quin
2354 2980 2398 3044 C
2431 2990 2555 3044 tres
2587 3001 2805 3044 earum
2825 2999 2840 3062 3
2864 3000 3194 3063 quumque
3229 2989 3480 3063 tempus
3512 2981 3798 3063 pariendi
3830 2983 3934 3044 ad-

821 3083 1218 3146 daemonibus
1263 3082 1516 3144 incubis
1560 3081 1749 3144 facile
1793 3083 1874 3144 sit
1919 3082 2163 3144 similes
2210 3082 2321 3144 ali·
2428 3080 2679 3142 venisse
2722 3078 3105 3161 putaverint,
3148 3079 3282 3141 sola
3323 3079 3667 3142 emissione
3711 3081 3933 3143 multae

820 3203 976 3265 quas
1007 3183 1453 3264 inspirationes
1485 3180 2080 3262 insufflationesque
2113 3180 2319 3244 facerc
2427 3178 2824 3240 ventositatis
2878 3178 3343 3239 detumescunt.
3394 3177 3639 3240 Norunt
3684 3179 3933 3262 quippe

820 3283 885 3345 in
921 3281 1261 3344 mulierum
1302 3281 1619 3352 matriceS,
1653 3280 1802 3342 dum
1849 3280 1988 3342 illas
2029 3298 2144 3343 suo
2175 3280 2319 3342 illu·
2426 3278 2745 3340 daemones
2795 3275 3043 3338 semina
3091 3275 3403 3357 quaedam,
3446 3295 3587 3357 quae
3636 3275 3769 3339 vim
3818 3277 3931 3340 ha·

818 3381 979 3442 dunt
1022 3379 1387 3442 concubitu.
2427 3375 2579 3438 bent.
2635 3374 2913 3436 faciendi
2972 3381 3312 3448 tumorem,
3365 3373 3811 3438 ventositatem
3862 3385 3935 3438 et

899 3480 986 3541 De
1025 3477 1380 3541 seminibus
1420 3477 1679 3540 demum
1720 3478 2140 3559 quorumdam
2185 3477 2318 3538 ani·
2427 3473 2606 3556 quasi
2640 3479 3083 3554 tempestatem
3114 3471 3180 3532 in
3210 3472 3543 3535 ventribus
3581 3473 3927 3536 hominum.

821 3577 1088 3640 malium
1138 3577 1308 3659 quod
1357 3595 1504 3638 cum
1555 3576 1835 3638 humano
1883 3575 2126 3636 semine
2172 3593 2317 3637 con·
2424 3608 2505 3617 —
2535 3571 2709 3645 Quod
2752 3578 2965 3632 autem
3011 3569 3231 3631 incubi
3277 3570 3477 3650 magis
3522 3570 3738 3633 infesti
3780 3581 3931 3635 sunt

819 3675 1148 3738 venienter
1193 3675 1270 3736 ad
1318 3673 1792 3754 generationem
1852 3692 1918 3735 se
1967 3673 2313 3754 applicent,
2428 3669 2807 3733 mulieribus
2876 3669 3177 3751 pulchros
3241 3670 3449 3732 crines
3516 3671 3929 3745 habent-ihm,

819 3793 947 3836 uno
1015 3774 1308 3855 exemplo
1381 3772 1714 3835 notissimo
1785 3779 1844 3834 te
1917 3771 2177 3834 doceb0.
2247 3771 2314 3833 ln
2426 3770 2555 3831 Deo
2608 3768 2779 3849 juste
2826 3767 3237 3849 permittente
3284 3768 3618 3849 contingit,
3668 3780 3935 3852 propter

818 3872 1148 3955 provincia
1186 3889 1462 3954 namque
1501 3869 1786 3933 Saxoniae.
1825 3888 2014 3930 ursus
2056 3869 2314 3950 quidam
2424 3868 2781 3940 vanitatem,
2797 3884 3092 3948 pompam
3122 3866 3776 3950 complacentiamque
3806 3869 3936 3932 ina·

819 3971 1031 4050 rapuit
1062 3969 1286 4032 militis
1318 3968 1653 4049 cujusdam
1686 3985 1973 4038 uxorem,
1996 3973 2058 4027 et
2089 3965 2316 4028 detulit
2424 3984 2573 4028 nem
2619 3965 2843 4027 talium
2890 3964 3253 4026 mulierum.

819 4087 958 4132 eam
1011 4068 1076 4130 in
1125 4087 1304 4129 suam
1356 4067 1752 4148 speluncam,
1805 4065 1870 4126 in
1921 4083 2047 4146 qua
2093 4064 2319 4127 habuit
2504 4064 2829 4126 Postremo
2862 4062 2940 4123 de
2977 4061 3443 4136 cambionibuS,
3479 4063 3541 4125 id
3574 4072 3667 4126 est
3702 4084 3933 4146 parvu-

817 4185 956 4229 eam
1007 4165 1302 4248 pluribus
1350 4164 1555 4237 anniS,
1597 4163 1944 4244 genuitque
1995 4182 2071 4224 ex
2122 4182 2197 4224 ea
2239 4162 2315 4224 fi—
2347 4165 2395 4226 D
2426 4161 2505 4224 lis
2536 4160 2646 4243 qui
2677 4180 2714 4222 a
2744 4159 3141 4222 daemonibus
3173 4169 3623 4242 supponuntur
3648 4163 3933 4226 mulieri-

819 4265 936 4327 lios
971 4282 984 4326 τ
1021 4265 1130 4347 qui
1171 4271 1408 4346 postea,
1445 4262 1710 4325 muliere
1744 4262 1853 4323 illa
1882 4263 2173 4324 restituta
2202 4281 2318 4324 suo
2426 4260 2545 4321 bus
2587 4258 3004 4352 parientibuS‚
3038 4259 3407 4321 earumdem
3451 4259 3727 4342 propriis
3769 4260 3931 4324 filiis

819 4363 1066 4436 marito,
1098 4363 1396 4424 vixerunt
1425 4379 1573 4422 cum
1603 4379 1698 4434 ea,
1731 4369 1794 4422 et
1822 4359 1968 4422 facti
2012 4368 2160 4421 sunt
2201 4361 2316 4421 mi-
2424 4357 2691 4420 sublatis
2732 4355 2811 4418 ab
2850 4355 3124 4431 incubis,
3157 4356 3301 4420 dico
3331 4357 3512 4438 juxta
3552 4358 3927 4440 praehabita,

818 4463 978 4524 lites.
1024 4461 1357 4541 Quumque
1403 4458 1536 4521 veri
1589 4458 1876 4520 homines
1921 4466 2153 4532 essent,
2197 4459 2317 4521 hoc
2424 4457 2596 4538 quod
2637 4456 2958 4518 daemones
2995 4456 3123 4518 sint
3160 4456 3225 4518 in
3266 4456 3479 4538 specie
3519 4457 3746 4520 talium
3785 4478 3931 4540 par-

817 4560 895 4622 de
938 4567 1164 4621 natura
1213 4557 1429 4621 ursina
1475 4556 1541 4619 in
1586 4557 1740 4638 ipsis
1786 4557 2100 4637 apparuit,
2145 4557 2314 4639 quod
2424 4555 2719 4617 vulorum
2756 4555 2971 4616 :sicut
3012 4572 3158 4616 cum
3193 4556 3469 4637 quodam
3501 4555 3731 4618 Sancto
3774 4557 3931 4638 legi-

815 4658 1032 4721 vultus
1081 4674 1302 4719 eorum
1356 4655 1639 4717 vultibus
1691 4673 1984 4716 ursorum
2035 4655 2318 4737 aliquan·
2424 4661 2528 4714 tur
2567 4653 2814 4714 daemon
2862 4651 2926 4714 in
2967 4652 3279 4733 serpentis
3324 4652 3539 4735 specie
3578 4653 3923 4729 habitasse,

818 4757 1024 4818 tulum
1057 4755 1302 4818 similes
1332 4762 1529 4816 erant.
1564 4754 1724 4814 Hinc
1754 4772 1789 4815 a
1819 4761 1996 4834 patre
2027 4771 2164 4826 suo,
2200 4754 2317 4815 sci·
2426 4770 2573 4813 cum
2601 4751 2726 4813 alio
2751 4751 3024 4833 quodam
3059 4751 3124 4812 in
3154 4751 3367 4833 specie
3398 4751 3567 4814 servi
3596 4771 3709 4815 seu
3744 4754 3929 4816 mini-

819 4855 968 4918 licet
1011 4873 1158 4917 urso
1199 4874 1236 4916 a
1273 4871 1402 4936 quo
1444 4851 1640 4933 geniti
1684 4850 1956 4925 fuerant,
2000 4851 2319 4933 cognomi·
2424 4848 2702 4911 strantiS.
2742 4848 3119 4912 Cambiones
3159 4867 3309 4911 vero
3348 4868 3385 4912 a
3420 4852 3689 4922 cambio,
3724 4850 3787 4913 id
3826 4861 3927 4914 est

818 4955 950 5018 nati
999 4962 1148 5016 sunt
1192 4951 1420 5016 Ursini.
1453 4986 1535 4995 —
1573 4949 1708 5012 Ursi
1753 4967 1905 5012 vero
1954 4951 2018 5011 in
2069 4949 2317 5012 duobus
2426 4953 2841 5020 commutare,
2904 4947 3025 5008 tale
3084 4965 3319 5009 nomen
3378 4947 3606 5022 sortiti,
3667 4967 3927 5032 semper

819 5051 1252 5116 assimilantur
1293 5046 1664 5110 hominibus
1700 5065 1713 5108 ε
1749 5047 1977 5129 prim0,
2011 5049 2313 5130 quoniam
2428 5045 2749 5107 macilenti
2798 5053 2860 5107 et
2901 5045 3213 5126 ejulantes
3258 5046 3579 5120 dicuntur,
3620 5057 3813 5131 atque
3854 5049 3925 5119 in

821 5157 1052 5214 coeunt
1100 5156 1170 5210 ut
1219 5147 1578 5228 conjugati3
1620 5145 1920 5219 secundo,
1963 5145 2115 5228 quia
2162 5147 2316 5208 dum
2426 5153 2671 5208 tantum
2717 5144 2921 5207 bibuli
2968 5145 3169 5221 lactiS‚
3218 5154 3286 5208 ut
3328 5154 3598 5229 quatuor
3641 5149 3923 5211 nutrices

819 5246 1122 5314 excoriati
1162 5254 1331 5322 sunt,
1365 5253 1494 5308 tota
1533 5243 1816 5328 corporis
1850 5262 2072 5308 eorum
2110 5244 2320 5328 figura
2426 5243 2894 5330 quantumlibet
2935 5243 3094 5307 lacte
3137 5245 3417 5327 repletae,
3450 5264 3650 5308 unum
3687 5265 3921 5330 neque—
