4334 6242
1027 493 1229 542 UTRUM
1270 491 1491 542 ANGELI
1534 491 1697 540 SUAM
1739 491 2190 540 BEATITUDINEM
2229 493 2598 554 MERUERINT,
2643 493 2768 544 E'rc.

3329 477 3448 542 333

342 663 598 738 mabuS,
670 664 755 726 ita
826 681 943 726 nec
1011 663 1274 744 angeIIS,
1345 662 1715 725 felicitatem
1782 661 1926 724 etA
1959 663 2444 744 intelligendum
2483 665 2564 728 sit
2610 682 2735 727 non
2786 666 2862 727 de
2913 665 3096 727 initio
3144 665 3450 746 temporis

338 763 615 842 gloriam
659 763 798 825 sine
843 762 1096 844 praeviis
1138 761 1339 842 gratia
1378 780 1451 822 ac
1496 760 1740 821 merito,

304 998 318 1010 ·
424 959 519 1023 Ad
574 959 709 1021 haec
752 958 1050 1021 Albertus
1098 957 1437 1040 respondet
1488 975 1502 1019 z
1553 955 1846 1036 Magister

301 1057 449 1120 'hie
490 1057 703 1119 innuit
732 1065 858 1118 tres
894 1055 1247 1138 opiniones.
1281 1054 1490 1117 Prima
1526 1061 1641 1127 est,
1674 1054 1843 1135 quod

338 1156 553 1238 angeli
585 1173 702 1217 nec
733 1163 878 1218 ante
909 1173 1027 1217 nec
1058 1162 1275 1236 postea
1305 1159 1671 1236 perceptam
1703 1151 1844 1214 bea-

338 1255 685 1317 titudinem
716 1261 1119 1332 meruerunt3
1141 1259 1205 1315 et
1232 1252 1610 1334 addit,quod
1642 1250 1845 1333 gratia

338 1353 407 1414 in
448 1353 938 1415 confirmatione
982 1353 1126 1414 data
1168 1360 1264 1414 est
1304 1351 1545 1432 angelis
1593 1369 1720 1412 non
1764 1350 1841 1411 ad

340 1451 744 1526 merendum,
796 1451 909 1514 sed
956 1451 1035 1512 ad
1085 1450 1267 1514 beate
1318 1449 1683 1512 vivendum.
1736 1448 1841 1510 Se-

340 1551 553 1612 cunda
598 1560 715 1624 est,
766 1550 937 1633 quod
998 1557 1367 1613 meruerunt
1412 1547 1678 1630 gloriam
1729 1565 1842 1628 per

340 1649 827 1712 conversionem
878 1650 1064 1712 liberi
1112 1648 1359 1711 arbitrii
1401 1647 1600 1729 gratia
1647 1644 1840 1707 infor-

342 1747 499 1810 mati
538 1749 615 1810 ad
652 1749 877 1822 Deum,
910 1757 1098 1831 atque
1130 1747 1299 1830 quod
1340 1746 1642 1808 meritum
1679 1743 1839 1805 illud

1956 768 2066 821 aut
2112 762 2472 836 creationiS‚
2524 765 2634 825 sed
2682 771 2900 824 statuS.
2956 764 3164 825 Status
3213 764 3450 826 etenim

1959 859 2079 920 suit
2130 868 2276 922 ante
2325 861 2904 936 confirmationem,
2948 861 3114 922 sicut
3151 862 3454 943 quaelibet

1958 975 2055 1018 res
2096 956 2471 1039 imperfecta
2501 966 2596 1021 est
2627 959 2691 1021 in
2728 959 2826 1020 sui
2857 959 3139 1033 exordi0,
3172 959 3455 1040 perfecta

1956 1063 2169 1117 autem
2212 1055 2278 1118 in
2318 1064 2483 1118 statu
2525 1057 2733 1139 pleno.
2767 1094 2847 1104 -—
2873 1057 3166 1138 Magister
3197 1076 3348 1121 vero
3385 1058 3451 1120 in

1956 1154 2240 1217 historiis
2278 1156 2433 1218 dicit
2469 1156 2703 1219 Bedam
2742 1166 2805 1220 et
2841 1157 3148 1239 quosdam
3193 1157 3452 1226 Sanctos

1958 1252 2215 1327 dixisse,
2263 1254 2430 1336 quod
2479 1256 2758 1318 secundo
2807 1256 2910 1318 die
2957 1255 3165 1338 angeli
3213 1256 3454 1318 cecide-

1958 1359 2127 1427 runt,
2162 1353 2555 1433 assignantes
2605 1354 2682 1415 ad
2731 1354 2853 1417 hoc
2900 1355 3220 1436 triplicem
3271 1354 3456 1417 ratio-

1957 1469 2124 1513 nem.
2187 1451 2396 1514 Prima
2451 1453 2764 1535 accipitur
2820 1472 2897 1514 cx
2942 1457 3242 1527 numero,
3304 1453 3456 1536 quia

1956 1549 2243 1610 binarius
2275 1557 2371 1612 est
2401 1551 2647 1631 primus
2688 1571 2995 1614 numerus
3035 1552 3336 1614 recedens
3374 1550 3453 1614 ab

1955 1647 2199 1709 unitate
2250 1665 2263 1710 :
2317 1667 2430 1730 per
2492 1651 2662 1731 quod
2717 1657 3152 1732 competenter
3209 1651 3454 1730 signifi-

1956 1746 2218 1808 cabatur
2272 1749 2557 1809 recessus
2616 1749 2820 1829 angeli
2883 1768 2920 1810 a
2977 1749 3244 1812 monade
3302 1750 3449 1812 Deo.

340 1847 672 1928 praecessit
700 1845 1159 1909 beatitudinem
1200 1864 1408 1918 causa,
1442 1861 1568 1905 non
1602 1851 1841 1923 tempo-
1877 1845 1926 1906 B
1955 1845 2246 1907 Secunda
2303 1846 2462 1908 ratio
2518 1854 2635 1920 est,
2686 1847 2839 1929 quia
2893 1847 3046 1909 dum
3096 1846 3329 1909 dicitur
3387 1848 3454 1910 in

340 1964 408 2006 re
446 1963 460 2007 z
495 1946 667 2027 quod
709 1945 897 2007 dictis
938 1946 1309 2007 Sanctorum
1349 1943 1601 2004 videtur
1640 1940 1838 2021 magis

342 2061 713 2124 congruere.
768 2042 995 2116 Tertia,
1046 2042 1216 2124 quod
1276 2047 1647 2104 meruerunt
1693 2038 1837 2100 bea-

344 2142 685 2204 titudinem
726 2160 853 2204 non
892 2148 1059 2214 ante,
1094 2140 1204 2202 sed
1244 2147 1483 2221 postea,
1518 2157 1631 2219 per
1658 2137 1839 2200 obse-

343 2241 496 2323 quia
534 2240 904 2303 hominibus
943 2229 1228 2302 exhibita
1254 2256 1331 2299 ex
1358 2237 1643 2318 jussione
1679 2237 1837 2299 divi-

343 2360 447 2414 na,
481 2340 569 2401 ita
606 2339 775 2423 quod
822 2338 1154 2419 praemium
1203 2337 1326 2399 ruit
1364 2337 1542 2419 prius
1586 2335 1835 2408 merim,

346 2458 472 2502 non
512 2457 723 2510 causa,
757 2437 867 2500 sed
915 2445 1217 2518 tempore.
1255 2435 1427 2497 Hanc
1472 2434 1839 2517 opinionem

342 2538 635 2618 Magister
673 2536 829 2599 dicit.
866 2535 989 2598 sibi
1036 2535 1236 2616 magis
1277 2535 1546 2617 placere.
1580 2535 1837 2607 Verum,

342 2636 665 2718 sequendo
712 2635 1138 2715 Augustinum
1188 2641 1252 2695 et
1299 2632 1694 2707 Anselmum,
1748 2632 1839 2694 di-

342 2735 614 2796 cendum
668 2735 837 2816 quod
896 2732 1104 2813 angeli
1162 2751 1229 2794 se
1279 2732 1705 2794 convertendo
1762 2732 1839 2792 ad

343 2833 539 2894 Deum
583 2850 698 2913 per
728 2831 1003 2893 liberum
1042 2830 1374 2893 arbitrium
1407 2830 1609 2910 gratia
1648 2829 1839 2892 insor-

344 2937 609 3002 matum,
644 2936 1015 2990 meruerunt
1044 2929 1420 3002 beatificari,
1455 2936 1518 2990 et
1549 2928 1613 2990 in
1647 2927 1841 2990 beati-

1956 1942 2206 2016 Gencsi,
2259 1942 2390 2004 Fiat
2440 1943 2570 2017 lux,
2624 1945 2978 2006 secundum
3025 1945 3454 2027 Augustinum
3513 1963 3731 2012 omna.

1955 2040 2336 2121 intelligitur
2391 2049 2616 2105 natura
2671 2043 2959 2123 angelica
3016 2043 3284 2106 formata
3341 2063 3456 2126 per

1952 2140 2238 2220 gratiam.
2293 2140 2602 2202 Similiter
2659 2162 2858 2223 quum
2918 2143 3174 2216 dicitur,
3226 2143 3456 2206 Divisit

1953 2237 2118 2299 Deus
2180 2256 2376 2320 aquas
2438 2258 2579 2320 quae
2636 2248 2785 2302 sunt
2840 2241 2962 2303 sub
3023 2240 3453 2316 firmamento,

1951 2336 2031 2397 ab
2080 2335 2180 2398 his
2231 2356 2373 2418 quae
2425 2345 2604 2400 erant
2661 2357 2856 2421 super
2904 2339 3385 2402 firmamentum
3437 2360 3450 2404 :

1953 2453 2067 2516 per
2104 2454 2299 2518 aquas
2341 2455 2482 2518 quae
2521 2443 2700 2498 erant
2730 2437 2978 2511 subtus,
3012 2437 3456 2518 intelliguntur

1952 2534 2160 2615 angeli
2212 2535 2321 2617 qui
2380 2536 2458 2596 ad
2520 2535 2655 2597 loca
2715 2536 3062 2616 caliginosa
3119 2537 3457 2599 descende-

1954 2642 2119 2694 runt.
2175 2634 2349 2696 Unde
2397 2633 2778 2697 duodecimo
2827 2633 3310 2697 confessionum
3371 2635 3457 2696 lo·

1954 2731 2174 2812 quitur
2223 2731 2613 2812 Augustinus
2669 2752 2683 2797 :
2736 2734 2849 2795 Per
2907 2753 3102 2816 aquas
3159 2754 3300 2816 quae
3350 2734 3455 2796 de-

1954 2831 2336 2892 scenderunt
2389 2831 2451 2892 in
2503 2850 2807 2913 praecepS‚
2859 2832 3190 2913 signantur
3245 2831 3453 2914 angeli

1953 2928 2063 3008 qui
2108 2928 2570 2990 descenderunt
2616 2930 2679 2990 in
2730 2929 3053 3011 abyssum,
3097 2930 3174 2991 de
3218 2930 3453 3013 quibus

3521 2158 3638 2202 Ibid.
3667 2161 3707 2202 7.

342 3028 561 3090 tudine
592 3027 987 3100 confirmari,
1012 3027 1098 3089 ita
1128 3027 1297 3109 quod
1328 3027 1629 3088 meritum
1661 3027 1841 3108 prius
1879 3030 1921 3093 C
1956 3026 2021 3088 in
2072 3026 2236 3088 libro
2272 3026 2386 3088 Job
2432 3026 2736 3095 scribitur
2769 3045 2782 3089 :
2819 3027 2979 3090 Ecce
3022 3028 3307 3109 gigantes
3349 3046 3452 3109 ge·
3481 3040 3562 3084 Job
3577 3043 3745 3092 xxv·,5.

345 3125 465 3188 t'uit
523 3126 788 3207 praemio
846 3143 1055 3199 causa,
1109 3143 1234 3186 non
1294 3133 1599 3206 tempore.
1654 3125 1843 3186 Porro

346 3243 457 3305 per
483 3223 790 3306 obsequia
820 3223 1005 3286 nobis
1032 3222 1317 3285 exhibita
1346 3231 1665 3285 merentur
1694 3241 1846 3304 prae-

350 3322 551 3384 mium
598 3321 1011 3395 accidentale,
1053 3321 1223 3403 quod
1271 3328 1366 3383 est
1412 3320 1717 3401 gaudium
1767 3319 1844 3382 de

351 3421 637 3503 profect-u
678 3421 1017 3482 ministerii
1048 3419 1170 3495 sui,
1199 3418 1381 3500 juxta
1419 3419 1577 3481 illud
1608 3419 1791 3482 Lucae
1826 3437 1840 3480 :

104 3537 325 3592 ιυωῃιο.
352 3521 664 3584 Gaudium
694 3525 792 3580 est
819 3518 1060 3598 angelis
1089 3518 1200 3580 Dei
1242 3537 1434 3600 super
1463 3537 1591 3580 uno
1626 3535 1845 3600 pecca-

351 3627 482 3682 tore
513 3616 958 3700 poenitentiam
993 3624 1235 3697 agente.
1269 3614 1413 3678 Haec
1441 3615 1737 3678 Albertus
1768 3615 1845 3678 de

354 3718 577 3800 primo.
609 3715 894 3778 -Idem
932 3713 1259 3777 Udalricus
1302 3713 1365 3775 in
1406 3714 1667 3776 Summa
1708 3733 1842 3788 sua,

358 3817 515 3879 libro
554 3821 802 3898 quarto.

115 3935 331 3984 samma..
430 3916 699 3996 Insuper
746 3913 823 3975 de
872 3927 1049 3974 mora
1097 3929 1239 3992 quae
1284 3909 1409 3971 fuit
1450 3908 1615 3971 inter
1660 3928 1847 3990 ange-

106 3999 330 4057 ³¹¹¹³¹¹·4²⁴·
359 4013 561 4076 lorum
621 4011 1028 4084 creationem,
1080 4016 1144 4072 et
1197 4008 1677 4070 conversionem
1734 4027 1848 4070 seu

356 4111 770 4184 aversionem,
813 4108 1039 4180 scribit
1079 4106 1375 4170 Albertus
1414 4125 1427 4170 :
1461 4107 1736 4187 Tempus
1784 4114 1849 4168 et

1955 3131 2138 3186 munt
2179 3124 2297 3186 sub
2337 3125 2542 3205 aquiS‚
2576 3133 2639 3187 et
2675 3126 2787 3208 qui
2829 3126 3116 3188 habitant
3146 3145 3292 3189 cum
3334 3127 3446 3190 eis.

1954 3221 2162 3284 Tertia
2209 3223 2368 3284 ratio
2416 3231 2532 3297 est,
2581 3225 2884 3306 quoniam
2933 3243 3094 3306 opus
3153 3226 3449 3290 secundae

1954 3320 2077 3382 diei
2124 3319 2566 3383 benedictione
2607 3331 2777 3384 caret
2810 3340 2824 3385 :
2858 3323 3010 3405 quia
3051 3341 3179 3386 non
3219 3323 3454 3389 dicitur

1958 3417 2069 3492 ibi,
2109 3419 2283 3481 Vidit
2330 3419 2496 3482 Deus
2543 3422 2714 3502 quod
2762 3429 2930 3484 esset
2972 3422 3232 3485 bonum.
3278 3424 3454 3498 Quod
3495 3437 3727 3490 Gen.=.1o.

1956 3519 2178 3580 dicunt
2220 3518 2528 3580 omissum
2575 3527 2834 3601 propter
2881 3521 3128 3583 ruinam
3180 3522 3456 3584 cadenti·

1958 3636 2067 3679 um
2116 3617 2505 3697 angelorum.
2541 3617 2699 3679 Hinc
2745 3618 2810 3680 in
2861 3619 3099 3682 honore
3147 3621 3452 3683 stantium

1955 3715 2326 3796 angelorum
2384 3715 2629 3778 faciunt
2687 3717 2966 3779 secunda
3024 3718 3180 3779 seria
3239 3719 3456 3782 Missas

1957 3814 2296 3878 celebrare.
2333 3815 2476 3877 Haec
2520 3815 2836 3877 Albertus,

2036 3915 2340 3976 Praeterea
2368 3912 2901 3976 Antisiodorensis
2933 3913 2997 3976 in
3031 3915 3293 3979 Summa
3322 3937 3454 3993 sua,

1958 4012 2123 4074 libro
2170 4012 2473 4086 secund0‚
2519 4019 2782 4075 testatur
2828 4031 2842 4076 ε
2890 4013 3094 4086 Quum
3147 4014 3456 4079 Dominus

1958 4111 2065 4186 ait,
2098 4111 2398 4173 Diabolus
2430 4112 2700 4173 mendax
2732 4109 2848 4172 fuit
2880 4130 2919 4174 a
2948 4111 3287 4196 principio,
3322 4113 3458 4177 haec
3483 4133 3747 4187 Joanmm,

358 4217 747 4274 momentum
781 4226 963 4270 casus
1000 4206 1370 4288 angelorum
1406 4204 1717 4267 malorum
1758 4205 1849 4267 in·
1877 4220 1928 4282 D
1959 4208 2344 4293 praepositiO,
2394 4229 2452 4282 a,
2503 4227 2630 4271 non
2679 4217 2775 4271 est
2824 4209 3138 4273 inclusiva
3194 4213 3305 4274 sed
3354 4231 3458 4275 ex·
3483 4200 3552 4241 ⁴⁴·

358 4318 595 4373 certum
640 4317 757 4382 est,
792 4325 909 4370 nec
952 4325 1029 4368 ex
1078 4304 1421 4387 Scripturis
1468 4305 1846 4368 determina-

357 4417 525 4488 tum;
576 4407 689 4470 sed
746 4413 991 4468 certum
1053 4411 1169 4479 est,
1223 4404 1391 4485 quod
1450 4402 1601 4465 boni
1654 4404 1847 4466 creati

358 4517 519 4582 sunt,
569 4515 636 4569 et
684 4505 941 4588 propria
988 4503 1314 4566 voluntate
1361 4503 1699 4584 depravata
1755 4503 1847 4565 sic

358 4607 744 4670 ceciderunt.
778 4603 923 4666 ldeo
960 4602 1117 4664 dicit
1150 4601 1463 4682 Magister,
1498 4602 1666 4682 quod
1704 4600 1848 4663 aliis

357 4706 605 4768 videtur
655 4701 969 4765 morulam
1016 4699 1215 4763 fuisse
1258 4699 1423 4761 inter
1464 4697 1847 4762 creationem

104 4819 333 4872 amm-n,
358 4814 416 4866 et
449 4804 722 4886 lapsum.
756 4800 1090 4881 Quumque
1127 4797 1409 4860 Salvator
1446 4797 1553 4870 ait,
1586 4796 1696 4859 Ille
1740 4797 1848 4859 ho-

106 4887 160 4926 “·
362 4902 589 4965 micida
631 4908 767 4964 erat
807 4899 888 4960 ab
930 4897 1143 4976 initi03
1180 4897 1415 4978 glossat
1456 4895 1547 4958 sic
1592 4913 1605 4957 :
1651 4896 1713 4958 id
1754 4904 1850 4957 est

360 5004 567 5066 subito
612 5011 755 5084 post
797 5000 1073 5062 initium.
1106 4999 1398 5060 Attamen
1442 4997 1566 5060 dici
1619 5005 1846 5079 potest,

362 5105 525 5186 quod
565 5101 739 5164 aliud
771 5099 854 5161 sit
884 5098 1140 5161 initium
1174 5097 1498 5179 temporiS,
1531 5097 1703 5158 aliud
1737 5096 1852 5158 ini-

360 5205 517 5268 tium
576 5200 915 5265 creationis
970 5198 1201 5280 angeli,
1252 5206 1316 5261 et
1361 5198 1534 5260 aliud
1592 5196 1849 5258 initium

363 5312 557 5366 status
614 5300 793 5381 ejus;
842 5307 1031 5381 atque
1080 5299 1249 5380 quod
1298 5297 1567 5360 verbum
1621 5296 1853 5359 Christi

1958 4309 2203 4373 clusiva
2236 4306 2560 4389 principii,
2595 4314 2665 4368 ut
2694 4307 2777 4368 sit
2807 4326 3030 4369 sensus
3055 4328 3069 4372 ε
3095 4310 3284 4390 paulo
3313 4319 3456 4393 post

1959 4406 2370 4494 principium.
2427 4404 2502 4466 Et
2551 4406 2832 4468 creditur
2880 4407 3047 4488 quod
3098 4409 3306 4489 angeli
3355 4429 3454 4473 ce-

1958 4508 2249 4570 ciderunt
2295 4503 2574 4567 secunda
2620 4504 2722 4566 die
2776 4523 2791 4568 :
2844 4505 3014 4587 quod
3061 4505 3313 4569 videtur
3361 4528 3456 4571 re-

1959 4605 2239 4668 velatum
2277 4603 2478 4664 fuisse
2509 4602 2827 4675 Ecclesiae,
2861 4621 3002 4683 quae
3041 4605 3319 4667 secunda
3353 4606 3455 4669 die

1960 4710 2169 4771 cantat
2217 4704 2294 4765 de
2353 4700 2594 4781 angelis
2651 4701 2730 4762 ad
2788 4701 3092 4763 honorem
3151 4703 3455 4766 stantium

1959 4803 2352 4884 angelorum,
2405 4799 2514 4881 qui
2575 4799 2936 4861 confirmati
2997 4807 3146 4861 sunt
3201 4803 3455 4881 quando

1960 4901 2066 4964 alii
2106 4899 2315 4979 angeli
2347 4903 2738 4959 corruerunt.
2777 4896 2895 4959 Sed
2935 4916 3128 4979 super
3159 4897 3314 4960 illud
3348 4899 3458 4961 Ge·

1963 4999 2153 5072 nesiS,
2187 4997 2416 5060 Divisit
2454 4996 2619 5056 Deus
2661 4994 2870 5056 lucem
2900 5015 2936 5057 a
2969 4995 3267 5070 tenebris,
3301 4996 3457 5060 dicit
3503 5010 3612 5054 Gen.
3631 5026 3658 5064 ι,
3676 5015 3717 5058 ⁴.

1962 5099 2179 5162 Glossa
2231 5115 2244 5159 :
2297 5093 2568 5175 Angelos
2625 5093 2825 5157 bonos
2871 5113 2908 5156 a
2956 5094 3158 5156 malis.
3213 5095 3288 5156 Et
3335 5095 3456 5158 hoc

1958 5197 2200 5260 factum
2229 5202 2326 5256 est
2356 5193 2562 5275 prima
2591 5192 2713 5254 die.
2731 5192 2904 5255 Unde
2935 5193 3144 5256 verius
3175 5194 3457 5257 creditur

1962 5293 2129 5377 quod
2181 5291 2339 5373 lapsi
2390 5291 2519 5353 sint
2561 5291 2768 5373 prima
2815 5290 2936 5352 die.
2983 5290 3262 5354 Ecclesia
3303 5310 3455 5356 vero
