4334 6242
503 1687 548 1728 p.
569 1675 647 1718 ⁴79
661 1673 706 1718 Β.

493 2171 552 2214 De
565 2170 736 2214 Coeleet.

473 2233 581 2276 hier.
595 2246 737 2284 cava.

493 5263 701 5310 Malach.
718 5277 760 5316 ιι,

775 491 896 557 498

1439 513 1504 559 ΙΝ
1543 513 1766 560 Limum
1808 514 1850 558 11
1892 511 2375 560 SENTENTIARUM.
2421 531 2499 560 τ·-
2541 511 2693 558 DIST.
2736 510 2841 574 1x3
2886 510 3109 569 QUAEST.
3153 509 3221 558 111

775 680 1015 754 rubim,
1069 683 1368 763 quoniam
1421 683 1730 765 sapientia
1778 683 1944 746 dono
1995 682 2275 745 caritatis
2306 683 2357 746 A
2387 681 2493 744 bia
2532 681 2874 744 sacerdotis
2915 679 3282 742 custodiunt
3315 676 3671 750 scientiam,
3704 682 3769 737 et
3802 674 3893 737 le-

775 780 1106 861 potissime
1137 782 1492 860 obtinetur3
1517 783 1774 846 tertium
1808 784 2278 864 ThronoS,quo-

775 877 946 939 niam
1006 879 1179 960 regia
1223 881 1426 942 virtus
1485 881 1941 962 regiminisque
1997 887 2275 962 potestas

773 993 901 1038 non
945 985 1042 1039 est
1082 977 1288 1041 danda
1329 978 1453 1040 nisi
1491 979 1883 1040 amatoribus
1922 978 2030 1040 Dei
2071 997 2146 1040 ac
2184 997 2276 1039 sa-

775 1074 1123 1155 pientibuS,
1158 1077 1423 1139 consilia
1461 1084 1649 1159 atque
1689 1077 1933 1157 judicia
1975 1077 2115 1157 ejus
2158 1075 2277 1138 sci-

772 1173 1048 1236 entibus,
1101 1173 1344 1248 Quibus
1401 1175 1614 1237 verbis
1673 1195 1894 1238 rursus
1949 1175 2122 1238 addit
2170 1175 2274 1236 hic

773 1270 992 1334 doctor
1044 1289 1058 1333 :
1111 1273 1278 1335 Dicit
1333 1281 1543 1335 autem
1600 1282 1855 1335 sanctus
1910 1281 1972 1335 et
2019 1274 2275 1356 sapiens

771 1368 913 1443 iste,
964 1369 1263 1433 videlicet
1319 1371 1682 1454 DionysiuS,
1733 1389 1953 1434 omnes
2009 1371 2275 1454 spiritus

774 1465 948 1542 istos,
981 1468 1281 1532 videlicet
1311 1469 1534 1551 primae
1570 1469 1964 1544 hierarchiae,
1997 1470 2272 1551 aequales

771 1583 910 1628 esse
943 1567 1007 1628 in
1038 1565 1177 1628 istis
1210 1567 1710 1650 perfectionibus
1740 1575 1802 1629 et
1833 1568 1896 1629 in
1935 1568 2077 1629 aliis
2110 1568 2273 1629 mul-

771 1663 871 1726 tis.
906 1665 1026 1726 Sed
1057 1672 1126 1726 ut
1168 1673 1406 1727 tactum
1438 1674 1532 1727 est
1563 1685 1776 1747 supra,
1811 1674 1872 1728 et
1912 1666 2144 1727 clarius
2178 1665 2272 1726 in-

769 1761 866 1824 fra
895 1762 1162 1836 dicetur,
1195 1763 1465 1826 intentio
1497 1764 1775 1846 Dionysii
1811 1781 1938 1826 non
1976 1771 2072 1825 est
2100 1763 2267 1836 talis,

2385 798 2527 860 gem
2577 798 2655 842 ex
2700 797 2807 842 ore
2853 779 2992 860 ejus
3036 779 3393 860 exquirent,
3426 775 3727 858 quoniam
3777 793 3890 836 an-

2386 879 2565 960 gelus
2624 878 2877 940 Domini
2928 878 3323 940 exercituum
3382 883 3497 937 est.
3551 874 3891 956 Simplices

2387 979 2625 1040 etenim
2656 977 3011 1039 sacerdotes
3044 976 3279 1038 habent
3307 974 3602 1038 officium
3636 972 3893 1054 angelo-

2388 1095 2529 1138 rum
2578 1075 2791 1138 infimi
2834 1075 3099 1150 ordiniS‚
3133 1093 3406 1156 quorum
3451 1073 3744 1136 officium
3792 1079 3895 1132 est

2387 1176 2753 1238 illuminare
2793 1175 3085 1238 homines
3124 1175 3201 1237 ad
3246 1173 3611 1236 faciendum
3658 1189 3895 1254 praece-

2387 1282 2496 1356 pta
2544 1275 2700 1354 legis
2750 1274 3000 1337 divinae.
3043 1309 3124 1319 —
3166 1273 3497 1336 Secundus
3544 1278 3641 1333 est
3690 1277 3894 1332 status

2384 1372 2887 1454 proficientium,
2923 1372 3319 1454 purgatorias
3349 1371 3617 1432 virtutes
3656 1367 3895 1430 haben-

2384 1471 2567 1532 tium.
2604 1472 2691 1533 De
2739 1471 2975 1553 quibus
3023 1470 3369 1532 virtutibus
3416 1469 3505 1530 ait
3552 1466 3887 1530 Salvator:

2384 1569 2556 1631 Beati
2617 1569 2827 1644 miteS,
2879 1568 3046 1630 beati
3097 1568 3207 1649 qui
3267 1567 3506 1648 lugent,
3558 1564 3725 1627 beati
3773 1563 4245 1688 qni42'“‘'¹·'’

2384 1667 2675 1729 esuriunt
2704 1675 2767 1728 et.
2806 1667 3031 1728 sitiunt
3064 1665 3402 1746 justitiam,
3436 1663 3603 1726 beati
3644 1661 3892 1724 miseri-

2386 1765 2624 1827 cordes.
2660 1765 2775 1827 Per
2803 1765 2918 1827 hos
2950 1765 3189 1846 quippe
3229 1783 3381 1825 usus
3412 1781 3527 1824 seu
3556 1769 3734 1824 actus
3763 1761 3893 1822 vir-

769 1878 887 1922 nec
918 1861 1074 1922 dicit
1111 1879 1218 1924 eos
1257 1881 1394 1924 esse
1424 1862 1698 1944 aequales
1737 1881 1849 1924 seu
1883 1863 2271 1944 aequipoten-
2307 1864 2355 1927 B
2387 1870 2593 1925 tutum
2625 1871 2931 1944 purgatur
2960 1862 3153 1925 homo
3182 1861 3261 1924 ab
3291 1861 3465 1924 omni
3500 1860 3640 1922 labe
3671 1877 3894 1942 pecca-

768 1966 886 2032 teS‚
920 1959 1045 2020 nisi
1078 1959 1144 2021 in
1175 1960 1476 2040 generali,
1506 1978 1620 2042 per
1649 1961 1818 2042 quod
1851 1960 2150 2023 convenit
2178 1961 2271 2021 eis

771 2057 836 2118 in
875 2059 1095 2120 eadem
1137 2059 1484 2121 consistere
1524 2059 1881 2121 hierarchia
1915 2077 1928 2121 :
1964 2059 2094 2120 imo
2134 2059 2273 2139 ipse

767 2154 1105 2238 Dionysius
1137 2156 1464 2218 evidenter
1494 2165 1779 2232 testatur,
1803 2158 1996 2219 etiam
2029 2157 2094 2218 in
2123 2174 2273 2239 quo-

768 2253 925 2316 libet
981 2256 1205 2318 ordine
1261 2273 1400 2318 esse
1449 2257 1713 2338 primos,
1768 2255 2008 2318 medios
2057 2273 2129 2317 ac
2181 2255 2272 2316 ul-

767 2353 980 2416 timos,

833 2452 1098 2535 Insuper
1128 2452 1600 2515 distinctionem
1637 2452 1810 2514 illam
1841 2452 2138 2514 ordinum
2169 2471 2273 2513 an-

764 2551 1114 2632 gelicorum
1145 2571 1182 2614 a
1211 2550 1550 2614 Guillelmo
1574 2552 1707 2631 jam
1740 2551 2076 2624 recitatam,
2091 2550 2273 2633 ponit

765 2649 1302 2712 Antisiodorensis
1352 2650 1416 2711 in
1465 2651 1725 2712 Summa
1769 2669 1918 2724 sua,
1965 2649 2130 2712 libro
2180 2667 2273 2710 se-

767 2749 998 2823 cund0,
1031 2748 1350 2822 videlicet,
1388 2749 1558 2830 quod
1605 2749 1887 2830 ipsorum
1936 2748 2269 2830 Seraphim

766 2854 864 2908 est
901 2846 1195 2909 homines
1233 2847 1311 2908 ad
1351 2847 1678 2909 caritatem
1712 2847 2078 2920 accendere,
2113 2847 2269 2910 Che-

768 2943 982 3006 rubim
1032 2944 1321 3007 homines
1366 2946 1751 3019 illuminare,
1793 2954 1913 3007 etc.
1948 2946 2096 3019 Quae
2143 2946 2269 3007 dis-

768 3142 1049 3224 periores
1106 3141 1199 3203 illi
1257 3143 1527 3223 angelici
1579 3143 1842 3224 spiritus
1897 3160 2023 3204 non
2075 3149 2272 3222 agunt

770 3240 1134 3302 immediate
1175 3240 1346 3303 circa
1386 3241 1885 3304 ecclesiasticam
1929 3240 2273 3302 hierarchi-

767 3359 870 3402 am
909 3348 973 3401 et
1017 3340 1185 3402 circa
1223 3340 1364 3420 ejus
1405 3359 1724 3422 personas.
1760 3339 1887 3402 Nec
1925 3359 1963 3401 a
2001 3340 2271 3401 diversis

769 3439 1102 3520 spiritibus
1147 3447 1209 3502 et
1251 3439 1647 3502 diversorum
1693 3439 1991 3501 ordinum
2031 3438 2273 3518 angelis

768 3545 1018 3618 oportet
1046 3538 1338 3600 homines
1374 3537 1759 3610 infammari,
1793 3536 2166 3609 illuminari,
2199 3556 2274 3599 ac

770 3636 846 3698 de
878 3635 1146 3698 diversis
1187 3635 1436 3697 actibus
1475 3643 1664 3716 atque
1702 3635 1939 3698 officiis
1968 3635 2219 3697 edoceri
2255 3651 2269 3696 :

773 3734 902 3796 imo
962 3734 1094 3798 haec
1144 3733 1358 3796 omnia
1409 3753 1574 3794 unus
1636 3733 1932 3815 idemque
1984 3733 2291 3814 angeluS,'

771 3832 964 3894 etiam
1005 3831 1215 3894 infimi
1256 3831 1520 3904 ordiniS,
1553 3840 1616 3893 et
1655 3831 1951 3913 proprius
1994 3831 2274 3894 hominis

773 3937 1008 4003 custoS,
1042 3937 1250 4012 potest
1292 3948 1464 4002 eum,
1499 3930 1851 4009 praesertim
1895 3936 1966 3990 ut
2007 3937 2101 3990 est
2147 3929 2275 4010 pri-

773 4035 917 4090 vata
968 4045 1257 4109 persona,
1315 4028 1563 4101 docere,
1621 4045 1900 4108 eumque
1954 4026 2277 4108 dispositi-

774 4144 852 4187 ve
899 4124 1264 4187 accendere.
1303 4124 1558 4187 Constat
1605 4123 1842 4185 etenim
1888 4124 2056 4205 quod
2097 4123 2279 4204 juxta

2388 1961 2455 2023 ti.
2489 1961 2566 2022 Et
2609 1962 2885 2043 pertinet
2924 1969 3124 2023 status
3164 1961 3281 2022 iste
3320 1960 3399 2022 ad
3432 1957 3885 2038 Archange108‚

2385 2060 2496 2142 qui
2542 2059 2909 2122 illuminant
2949 2059 3242 2121 homines
3282 2058 3525 2120 lumine
3562 2055 3887 2138 ampliori,

2384 2177 2512 2240 quo
2553 2157 2896 2221 ostendunt
2938 2157 3184 2220 homini
3229 2157 3497 2218 virtutes
3538 2154 3769 2218 Christi
3802 2155 3891 2216 ad

2386 2256 2828 2318 imitationem.
2867 2291 2949 2301 ——
2990 2255 3239 2317 Tertius
3287 2263 3383 2316 est
3434 2261 3636 2316 status
3684 2251 3894 2334 perfe—

2384 2363 2655 2427 ctorum,
2710 2353 2817 2435 qui
2877 2353 3143 2415 virtutes
3200 2352 3334 2432 jam
3394 2351 3631 2414 habent
3686 2350 3891 2413 animi

2384 2453 2653 2535 purgati.
2706 2453 2906 2526 Quem
2956 2459 3189 2514 statum
3241 2451 3527 2514 Christus
3586 2450 3889 2523 ostendit,

2384 2551 2653 2614 dicendo
2688 2567 2701 2612 z
2735 2551 2906 2612 Beati
2959 2550 3199 2612 mundo
3249 2550 3458 2622 corde,
3497 2548 3666 2610 beati
3714 2548 3893 2629 paci·
3946 2567 4095 2610 ιὸειι.
4122 2571 4241 2613 aa.

2383 2649 2517 2724 fici,
2551 2657 2670 2712 etc.
2706 2649 2848 2712 lstis
2886 2648 3153 2712 debetur
3184 2648 3439 2731 proprie
3480 2653 3756 2730 potestas
3795 2646 3893 2708 fa-

2384 2748 2593 2810 ciendi
2626 2747 2935 2809 miracula
2967 2765 2980 2808 :
3016 2749 3167 2829 quia
3204 2747 3279 2808 ad
3320 2745 3601 2828 primum
3637 2746 3889 2808 reducti

2382 2855 2531 2909 sunt
2580 2855 2812 2908 statum
2860 2847 2925 2907 in
2971 2864 3097 2927 quo
3140 2846 3307 2908 Deus
3356 2845 3509 2906 fecit
3556 2845 3889 2907 hominem
3942 2863 4089 2908 Gen.
4114 2881 4149 2910 1.
4176 2868 4253 2907 ετ.
4315 2839 4317 2896 ῗ

2380 2945 2458 3008 ad
2491 2945 2836 3026 imaginem
2866 2951 2931 3006 et
2958 2944 3448 3005 similitudinem
3480 2942 3893 3015 suam,dixit-

767 3044 992 3106 tinctio
1039 3061 1165 3106 non
1210 3044 1463 3107 videtur
1510 3045 1783 3107 idonea:
1819 3045 2119 3126 quoniam
2172 3065 2273 3106 su·
2307 3048 2351 3112 C
2383 3061 2507 3125 que
2545 3043 2695 3106 Adae
2730 3060 2744 3105 :
2778 3042 3206 3105 Dominamini
3253 3041 3540 3124 piscibus
3586 3041 3777 3104 maris
3820 3049 3889 3103 et
3952 3063 4109 3106 nia,
4146 3067 4227 3108 ἐς.
4315 3093 4317 3104 .

2382 3141 2604 3204 bestiis
2654 3150 2853 3205 terrae.
2900 3141 3059 3203 Hinc
3102 3141 3161 3203 S.
3196 3141 3499 3202 Martinus
3546 3139 3893 3222 imperavit

2383 3239 2589 3302 brutis
2620 3248 2682 3302 et
2710 3240 2959 3315 avibuS,
2979 3239 3387 3320 eremitaeque
3418 3239 3626 3301 corvis
3656 3257 3729 3300 ac
3758 3257 3893 3300 ere-

2386 3339 2473 3400 mi
2528 3337 2701 3400 feriS.
2757 3338 2832 3399 Et
2879 3339 3233 3400 secundum
3280 3336 3677 3418 Apostolum,
3728 3335 3893 3398 tales

2384 3437 2703 3499 aedificant
2730 3454 2986 3514 aurum,
3020 3444 3351 3516 argentum
3382 3443 3446 3497 et
3476 3436 3718 3516 lapides
3750 3453 3893 3517 pre-
3984 3455 4003 3498 ι
4032 3455 4163 3500 cor.
4188 3472 4253 3508 m,

2384 3534 2597 3596 tiosos
2633 3534 3177 3606 Quemadmodum
3226 3533 3399 3595 enim
3450 3533 3609 3614 lapis
3660 3532 3897 3615 pretio-
3930 3521 4015 3560 ¹²·

2387 3652 2495 3694 sus
2527 3632 2887 3694 mirabilem
2932 3631 3123 3694 habet
3150 3633 3477 3706 virtutem,
3512 3632 3600 3693 ita
3636 3639 3699 3693 et
3740 3632 3888 3713 ipsi.

2388 3732 2515 3795 Nec
2575 3731 2833 3804 mirum,
2886 3731 3035 3812 quia
3092 3749 3207 3812 per
3262 3730 3501 3792 donum
3560 3730 3895 3812 sapientiae

2390 3838 2845 3893 consummatae
2901 3829 3136 3911 desipit
3190 3830 3283 3892 eis
3341 3829 3550 3891 omnis
3607 3847 3774 3902 caro,
3826 3837 3895 3892 et

2391 3929 2614 3990 vivunt
2656 3929 2719 3990 in
2770 3947 2958 3990 carne
3006 3946 3200 4009 supra
3246 3947 3523 3990 carnem.
3557 3928 3703 3990 Ideo
3747 3945 3894 4009 pro-

2389 4026 2526 4108 prie
2566 4025 2834 4088 debetur
2862 4025 2954 4086 eis
2994 4032 3269 4106 potestas
3311 4025 3587 4088 faciendi
3624 4026 3900 4088 miracu-

2390 4125 2471 4199 la,
2506 4125 2571 4186 in
2612 4123 2846 4206 quibus
2888 4131 3170 4205 praesunt
3208 4123 3299 4185 eis
3328 4123 3628 4186 Virtutes,
3662 4159 3743 4169 ——
3771 4124 3901 4186 Sed

775 4222 841 4284 B.
876 4222 1160 4305 Dionysii
1199 4223 1581 4285 documenta
1618 4222 1907 4301 ejusdem
1948 4221 2030 4283 sit
2069 4221 2277 4302 angeli
2309 4225 2360 4288 D
2391 4224 2542 4304 quia
2570 4222 2862 4285 diabolus
2902 4220 3171 4284 confidit
3208 4241 3277 4283 se
3309 4239 3495 4304 posse
3534 4221 3707 4303 ipsos
3737 4221 3904 4302 deji-

777 4319 1146 4383 inferiorem
1190 4320 1483 4401 angelum
1532 4339 1644 4382 seu
1688 4320 2012 4382 hominem
2053 4338 2281 4401 purga-

777 4437 868 4493 re,
904 4417 1289 4490 illuminare,
1325 4418 1655 4500 perficere.
1689 4417 1903 4480 Nihilo
1945 4418 2158 4480 minus
2190 4437 2284 4479 es-

777 4537 844 4582 se
893 4525 1099 4599 potest
1141 4524 1212 4578 ut
1253 4516 1514 4596 angelus
1557 4517 1634 4578 de
1683 4515 1906 4578 ordine
1950 4516 2281 4597 Seraphim

777 4615 988 4679 altiori
1033 4616 1221 4678 modo
1265 4613 1589 4696 impendat
1633 4614 2013 4696 obsequium
2060 4615 2137 4677 ad
2177 4614 2284 4676 ho-

781 4714 977 4777 minis
1021 4712 1618 4785 inflammationem,
1651 4712 1872 4774 saltem
1920 4713 2211 4774 mediate.

859 4811 964 4875 Ait
1013 4829 1267 4893 quoque
1315 4809 1848 4872 Antisiodorensis
1892 4827 1905 4871 :
1949 4810 2285 4872 Distinctio

782 4912 1083 4976 ordinum
1129 4928 1166 4971 a
1205 4909 1270 4971 B.
1307 4909 1605 4990 Gregorio
1649 4907 1983 4989 assignata,
2017 4909 2285 4970 attendi-

785 5020 892 5073 tur
920 5010 1273 5073 secundum
1306 5015 1524 5070 status.
1560 5007 1808 5069 Primus
1843 5015 2051 5070 aulem
2088 5016 2295 5088 status*

787 5118 884 5173 est
913 5108 1360 5190 incipientium
1382 5125 1395 5168 :
1416 5125 1684 5188 quorum
1715 5114 1811 5167 est
1840 5106 2106 5187 implere
2138 5126 2291 5188 prae-

790 5214 974 5289 cepta
1002 5206 1345 5267 dumtaxat.
1381 5204 1540 5266 Hinc
1570 5203 1648 5264 de
1687 5203 2142 5277 sacerdotibuS,
2176 5203 2288 5285 qui

791 5303 1026 5369 talibus
1055 5310 1358 5386 praesunt,
1392 5302 1458 5365 in
1497 5300 1802 5363 Malacbia
1830 5300 2098 5364 habetur
2133 5319 2147 5362 ε
2180 5302 2291 5364 La-

2392 4339 2557 4394 cere,
2594 4321 2857 4383 suscitat
2886 4321 2977 4382 eis
3018 4321 3368 4383 certamina
3402 4337 3416 4381 ε
3452 4320 3517 4381 in
3547 4319 3784 4402 quibus
3816 4340 3903 4384 ne

2394 4418 2833 4492 succumbant,
2866 4418 2946 4480 ab
2991 4418 3296 4500 angelicis
3334 4419 3756 4481 Potestatibus
3793 4421 3907 4483 ad-

2390 4518 2731 4598 juvantur3
2762 4524 2825 4578 et
2874 4516 2979 4579 hic
3030 4525 3125 4578 est
3175 4525 3437 4597 quartus
3483 4517 3739 4598 gradus,
3772 4527 3899 4580 etc.

2395 4616 2539 4678 Haec
2580 4614 3137 4679 Antisiodorensis

2478 4713 2674 4794 Cujus
2706 4713 2943 4794 scripta
2972 4732 3085 4794 per
3114 4714 3395 4795 aliquam
3427 4714 3643 4777 forsan
3674 4732 3911 4796 appro—

2399 4812 2779 4894 priationem
2827 4820 3094 4892 possunt
3142 4813 3391 4874 salvari.
3442 4812 3771 4894 Siquidem
3822 4815 3908 4877 ad

2398 4910 2725 4990 religiosos
2775 4909 3153 4991 incipientes
3211 4918 3456 4993 spectat
3512 4929 3641 4974 non
3690 4911 3911 4977 solum

2398 5027 2651 5070 servare
2701 5015 3037 5090 praecepta,
3076 5009 3183 5070 sed
3234 5009 3386 5072 item
3436 5010 3727 5083 consilia,
3760 5031 3917 5092 quae

2399 5115 2611 5169 tamen
2672 5105 2836 5168 facta
2886 5106 3279 5188 professione
3330 5116 3478 5170 sunt
3524 5107 3619 5170 eis
3674 5127 3919 5190 praece-

2401 5213 2526 5288 pta.
2565 5204 2873 5267 Officium
2906 5211 3121 5266 autem
3154 5205 3523 5284 angelorum
3555 5206 3772 5269 infimi
3802 5226 3914 5271 or—

2402 5301 2593 5377 dinis,
2630 5321 2757 5365 non
2806 5302 3013 5365 solum
3056 5309 3153 5364 est
3194 5301 3317 5365 sibi
3367 5304 3745 5368 commissos
3787 5305 3917 5378 ho-
