4334 6242
141 4713 232 4768 Cfip
248 4716 397 4768 5098,

138 4751 278 4822 5113'.

1445 486 1692 543 QUORUM
1733 486 2014 532 nomNm!
2057 487 2150 532 SIT
2192 485 2505 532 cusrooml

3406 467 3529 534 549

425 658 595 741 quod
657 657 922 739 angelus
984 667 1197 722 custos
1255 660 1474 722 matris
1535 659 1811 722 custodit
1865 666 1926 720 et
1954 659 2005 722 A
2033 658 2419 742 sibilemque
2462 666 2753 721 naturam
2800 667 2869 720 ut
2910 657 3125 733 talem,
3158 657 3380 721 habuit
3422 677 3527 721 an-

425 756 670 839 prolem
712 758 1018 838 quamdiu
1049 759 1113 820 in
1157 766 1376 819 ventre
1415 765 1512 820 est
1549 757 1806 836 matris3
1837 765 1925 819 at-

424 874 550 937 que
579 855 648 917 in
689 856 1038 928 nativitate,
1073 857 1326 938 quando
1366 863 1692 937 separatur
1721 875 1758 918 a
1797 875 1926 918 ma-

425 962 542 1028 tre,
575 955 920 1038 deputatur
949 955 1008 1018 ei
1039 953 1301 1036 angelus
1334 972 1449 1036 pro
1481 956 1759 1017 custode.
1781 954 1924 1017 Haec

423 1053 714 1116 Thomas.

504 1151 821 1214 Consonat
874 1152 1093 1214 Petrus
1144 1170 1159 1214 ε
1213 1152 1516 1215 Custodes
1572 1152 1926 1233 (inquiens)

423 1249 760 1312 hominum
801 1250 1056 1332 proprie
1096 1251 1396 1313 dicuntur
1434 1250 1642 1330 angeli
1681 1249 1772 1312 illi
1813 1250 1924 1331 qui

423 1347 596 1429 ipsos
640 1347 933 1410 homines
979 1348 1346 1412 immediate
1394 1349 1780 1421 illuminant,
1812 1367 1926 1430 per

423 1446 593 1529 quod
653 1446 1082 1508 excluduntur
1136 1447 1345 1528 angeli
1403 1447 1626 1530 primae
1681 1446 1922 1507 hierar-

424 1544 620 1623 chiae3
653 1553 716 1607 et
759 1545 869 1627 qui
915 1544 1150 1606 habent
1190 1553 1369 1607 actus
1414 1545 1717 1607 limitatos
1756 1545 1923 1606 circa

423 1644 706 1705 humana
734 1642 975 1716 officia,
1009 1662 1124 1724 per
1153 1643 1320 1725 quod
1361 1643 1788 1705 excluduntur
1816 1662 1923 1705 an-

421 1741 546 1822 geli
578 1741 953 1804 hierarchiae
981 1741 1306 1819 secundae3
1329 1749 1392 1802 et
1422 1741 1782 1823 specialiter
1811 1741 1922 1823 qui

2032 757 2245 839 gelum
2306 758 2679 837 custodem3
2728 765 2787 820 et
2846 751 3014 840 quod
3075 757 3337 838 angelus
3394 757 3525 833 ille,

2033 865 2342 939 quantum
2386 857 2462 918 ad
2504 866 2747 938 partem
2790 856 2961 918 illam
3005 855 3374 918 inferiorem
3403 874 3531 937 qua

2034 954 2319 1018 Christus
2359 955 2607 1017 horruit
2643 963 2935 1029 mortem,
2959 973 3107 1017 vere
3152 954 3531 1017 confortavit

2031 1071 2179 1115 eum
2217 1054 2510 1136 passione
2550 1054 2841 1116 instante.
2875 1054 3004 1116 Nec
3042 1052 3252 1115 obstat
3278 1053 3379 1133 (ut
3414 1052 3531 1134 ait)

2033 1152 2202 1232 quod
2255 1151 2456 1213 deitas
2507 1151 2761 1225 Christi,
2822 1152 2951 1214 imo
3006 1157 3069 1212 et
3118 1151 3332 1212 anima
3387 1151 3528 1231 ejus

2034 1249 2240 1329 quoad
2285 1257 2530 1330 partem
2570 1268 2748 1311 suam
2790 1248 3208 1331 superiorem,
3248 1246 3531 1310 sufficie-

2033 1344 2141 1407 bat
2169 1347 2249 1408 ad
2279 1367 2409 1411 suae
2440 1347 2759 1410 inferioris
2791 1347 2987 1429 partis
3022 1346 3394 1408 custodiam.
3427 1345 3526 1408 Li-

2034 1452 2134 1507 cet
2189 1445 2362 1506 enim
2411 1444 2609 1508 deitas
2659 1465 2773 1508 sua
2820 1445 3103 1508 sufficiat
3148 1446 3227 1508 ad
3279 1444 3529 1508 univer-

2033 1560 2249 1605 sorum
2308 1544 2659 1606 custodiam
2720 1544 3075 1619 hominum,
3130 1542 3269 1607 vult
3325 1543 3529 1605 nihilo

2033 1640 2249 1703 minus
2277 1642 2564 1704 adhiberi
2598 1643 2948 1704 custodiam
2979 1641 3350 1724 angelorum
3386 1659 3529 1723 pro-

2033 1747 2176 1822 pter
2219 1740 2517 1802 meritum
2562 1741 2953 1814 eorumdem,
2986 1750 3048 1803 et
3091 1748 3350 1824 propter
3390 1759 3528 1802 mu-

423 1846 766 1921 procurant
833 1839 1073 1901 bonum
1139 1838 1560 1920 singularium
1622 1856 1920 1921 persona·
1957 1839 2006 1902 B
2036 1847 2216 1901 tuum
2274 1838 2643 1920 angelorum
2700 1839 3164 1922 hominumque
3220 1857 3525 1912 amorem,

423 1955 590 2010 rum,
610 1956 726 2019 per
754 1937 923 2019 quod
952 1937 1380 1998 excluduntur
1408 1938 1535 1999 duo
1564 1936 1923 2019 superiores

422 2035 679 2098 ordines
720 2035 960 2098 infimae
998 2035 1389 2098 hierarchiae.
1423 2036 1566 2099 Haec
1603 2036 1839 2098 PetruS.

503 2133 1127 2215 Insuper·Udalricus
1159 2133 1225 2194 in
1255 2134 1518 2196 Summa
1545 2153 1680 2208 sua,
1699 2141 1925 2216 quarto

425 2229 612 2304 libro,
644 2232 899 2294 videtur
936 2233 1014 2294 de
1054 2231 1174 2294 hoc
1214 2232 1398 2294 aliter
1442 2233 1718 2295 scribere
1753 2250 1767 2293 ε
1801 2233 1923 2294 An-

422 2328 582 2411 gelis
612 2329 888 2410 (dicens)
915 2331 992 2393 de
1021 2329 1247 2392 infima
1286 2329 1644 2392 hierarchia
1677 2349 1927 2412 compe-

424 2426 504 2489 tit
561 2427 898 2503 custodire,
955 2428 1258 2510 quoniam
1316 2436 1529 2491 custos
1587 2429 1924 2510 singularis

423 2543 712 2607 personae
741 2533 838 2589 est
866 2527 943 2588 de
984 2527 1212 2590 infimo
1249 2527 1491 2590 ordine.
1529 2527 1592 2589 Si
1625 2545 1774 2590 vero
1813 2527 1926 2589 ali-

423 2625 570 2708 quis
603 2624 819 2706 praesit
847 2624 1270 2700 multitudini,
1303 2633 1456 2687 tunc
1490 2642 1608 2708 pro
1637 2625 1926 2687 custodia

424 2743 557 2786 suae
599 2740 885 2804 personae
926 2724 1139 2798 habet,
1181 2732 1250 2786 ut
1293 2725 1534 2787 dictum
1578 2732 1696 2798 est,
1737 2742 1923 2806 ange-

425 2821 559 2883 lum
591 2821 803 2882 infimi
835 2821 1043 2902 chori3
1065 2829 1128 2884 et
1158 2840 1274 2904 pro
1304 2823 1712 2886 multitudine
1743 2822 1924 2902 cujus

423 2927 520 2982 est
550 2927 764 3001 caput,
797 2919 988 2982 habet
1026 2920 1355 2983 custodem
1393 2921 1470 2982 de
1499 2922 1723 2984 ordine
1751 2921 1924 2982 Prin-

2032 1945 2223 2019 atque
2270 1945 2341 1999 ut
2386 1937 2579 2000 homo
2632 1956 2812 1999 suam
2862 1937 3218 2000 consideret
3263 1936 3530 2018 dignita-

2035 2043 2185 2109 tem,
2217 2035 2294 2096 ad
2335 2035 2612 2097 dandum
2644 2052 2898 2116 quoque
2937 2035 3305 2116 exemplum
3343 2034 3529 2097 nebis

2033 2133 2330 2216 perfectae
2378 2132 2755 2196 obedientiae
2803 2141 2866 2195 et
2922 2133 3323 2208 humilitatiS,
3373 2134 3526 2195 dum

2035 2232 2357 2293 cernimus
2406 2239 2535 2293 tam
2585 2230 2915 2304 sublimeS,
2947 2230 3313 2305 deiformeS,
3348 2231 3527 2293 inno-

2033 2329 2437 2392 centissimos
2480 2348 2554 2391 ac
2593 2329 3053 2392 sacratissimos
3095 2329 3379 2411 spiritus,
3417 2346 3529 2392 no-

2033 2427 2132 2490 bis
2191 2436 2319 2490 tam
2379 2427 2783 2501 defectuosiS,
2833 2427 3073 2489 vilibus
3124 2446 3198 2489 ac
3257 2428 3529 2491 sordidis

2032 2527 2299 2609 obsequi
2361 2526 2684 2589 creaturis,
2736 2562 2817 2570 —
2861 2527 3129 2608 Insuper
3177 2525 3369 2588 refert
3423 2526 3529 2587 hic

2032 2626 2252 2688 doctor
2300 2624 2836 2706 quemadmodum
2893 2623 3153 2706 quidam
3210 2623 3525 2698 dixerunt,

2033 2724 2204 2806 quod
2250 2722 2675 2786 Antichristus
2734 2740 2861 2785 non
2920 2721 3181 2784 habebit
3230 2722 3527 2802 angelum

2034 2823 2413 2886 custodem:
2448 2822 2616 2904 quod
2660 2820 2978 2902 reprobat,
3024 2820 3174 2902 quia
3218 2818 3299 2882 ab
3346 2820 3530 2883 initio

2033 2923 2131 2983 sui
2164 2938 2291 2983 non
2333 2921 2453 2982 erit
2482 2919 2859 2993 obstinatuS,
2894 2919 3003 2982 sed
3038 2918 3360 3000 peccando
3390 2917 3529 2980 obs-

423 3019 663 3101 cipum.
699 3018 765 3080 Si
811 3027 1022 3081 autem
1066 3018 1150 3080 sit
1193 3018 1590 3100 privilegiata
1630 3036 1919 3102 persona,
1959 3024 2002 3088 c
2036 3019 2407 3082 tinationem
2469 3018 2769 3080 incurret.
2825 3016 3015 3080 Addit
3070 3023 3307 3091 tamen,
3357 3017 3526 3098 quod

422 3123 633 3198 potest
661 3115 896 3179 habere
928 3118 1255 3180 custodem
1286 3117 1364 3179 de
1402 3118 1622 3180 ordine
1651 3118 1924 3180 Archan-

423 3214 735 3294 gelorum,
767 3214 935 3277 sicut
964 3214 1214 3278 Gabriel
1254 3215 1496 3276 exstitit
1535 3213 1924 3278 felicissimae

423 3312 702 3394 Virginis
735 3320 968 3375 custos,
1005 3312 1376 3375 Confirmati
1415 3331 1667 3395 quoque·
1699 3313 1763 3374 in
1797 3313 1920 3387 via,

423 3417 494 3472 ut
533 3410 903 3473 beatissima
945 3410 1233 3485 Domina,
1267 3418 1330 3472 et
1375 3410 1778 3485 sanctificati,
1813 3411 1921 3492 qui

425 3509 779 3571 mortaliter
823 3527 1086 3590 peccare
1131 3527 1259 3570 non
1294 3516 1656 3590 potuerunt,
1689 3510 1925 3591 angeli-

425 3625 563 3668 cam
620 3606 981 3669 habuerunt
1035 3606 1409 3680 custodiam,
1461 3607 1760 3688 quoniam
1813 3626 1922 3690 po·

423 3711 684 3767 tuerunt
747 3703 1060 3785 proficere
1117 3721 1130 3765 :
1192 3704 1489 3766 similiter
1542 3706 1790 3787 parvuli
1856 3706 1920 3768 in

424 3803 726 3864 maternis
756 3801 1130 3865 visceribus.
1163 3838 1246 3848 -
1271 3803 1400 3865 Nec
1429 3803 1521 3865 sic
1549 3804 1785 3885 singuli
1812 3824 1921 3866 an-

421 3901 547 3982 geli
587 3900 858 3981 singulis
897 3902 1281 3982 deputantur
1315 3901 1705 3977 hominibuS,
1738 3903 1917 3984 quasi

425 4001 619 4062 iidem
651 3999 857 4080 angeli
887 4000 1246 4062 successive
1277 4017 1404 4062 non
1435 4001 1694 4082 praesint
1723 4002 1923 4063 diver-

423 4098 511 4162 sis
557 4097 949 4175 hominibuS,
985 4099 1134 4180 quia
1176 4097 1392 4180 plures
1440 4106 1589 4159 sunt
1629 4099 1918 4161 homines

2034 3118 2187 3180 dum
2226 3118 2304 3179 ad
2346 3125 2584 3180 tantam
2629 3115 2967 3178 elationem
3012 3121 3326 3196 erumpet,
3359 3114 3527 3197 quod

2033 3215 2202 3276 dicet
2255 3234 2323 3276 se
2374 3216 2599 3289 Deum,
2651 3230 2797 3275 'mox
2857 3212 3133 3276 totaliter
3178 3212 3259 3274 ab
3305 3213 3529 3293 angelo

2033 3314 2295 3376 custode
2325 3313 2672 3387 deseretur,
2706 3319 2768 3373 et
2798 3311 2918 3374 hoc
2945 3310 3005 3372 ei
3043 3311 3376 3394 proprium
3408 3311 3530 3373 erit

2033 3412 2126 3473 sic
2168 3410 2447 3492 relinqui
2490 3409 2568 3472 ab
2612 3409 2853 3490 angelo.

2113 3509 2285 3570 Idem
2317 3507 2472 3570 dicit
2502 3507 2771 3570 Thomas
2809 3508 2887 3569 de
2916 3507 3281 3588 Argentina,
3314 3525 3387 3569 ac
3418 3507 3529 3570 alii

2036 3607 2243 3668 multi.
2280 3606 2398 3668 Sed
2430 3605 2581 3688 quia
2609 3604 2676 3667 B.
2708 3605 3129 3687 Hieronymus
3160 3624 3353 3686 super
3380 3605 3529 3666 Mat-

2032 3705 2270 3768 thaeum
2301 3713 2363 3767 et
2390 3704 2499 3766 alii
2531 3704 2747 3786 plures
2786 3702 2995 3766 Sancti
3030 3702 3317 3765 absolute
3350 3702 3527 3765 affir-

2035 3811 2229 3878 mant,
2262 3804 2429 3885 quod
2478 3803 2859 3884 scripturam
2906 3801 3079 3864 illam
3130 3821 3206 3864 ex
3255 3802 3522 3878 PsalmO,

2030 3903 2337 3976 Quoniam
2404 3901 2645 3982 angelis
2711 3901 2843 3962 suis
2906 3900 3229 3962 mandavit
3290 3901 3368 3962 de
3433 3908 3517 3975 te,

2029 4001 2319 4064 diabolus
2378 4019 2675 4082 perverse
2730 3998 3024 4079 allegavit
3080 3999 3389 4081 prolatam
3443 4000 3521 4062 de

2029 4099 2299 4170 Christo,
2331 4099 2481 4180 quia
2522 4098 2601 4160 de
2645 4097 2950 4159 membris
2992 4097 3132 4178 ejus
3173 4097 3379 4160 solum
3429 4105 3525 4161 est

425 4215 647 4260 omnes
687 4216 877 4278 quam
917 4197 1148 4277 angeli,
1183 4217 1384 4278 quum
1425 4205 1514 4259 tot
1553 4198 1679 4259 sint
1717 4199 1918 4261 homi·
1949 4203 1998 4264 D
2029 4197 2228 4276 edita3
2256 4197 2494 4259 idcirco
2524 4196 2849 4259 comm'uni
2880 4196 3179 4277 positioni
3209 4215 3354 4259 reor
3381 4215 3525 4260 con-

425 4314 538 4358 nes
576 4294 764 4357 electi
801 4303 956 4376 quot
998 4295 1204 4375 angeli
1247 4296 1466 4357 sancti.
1502 4295 1605 4358 Sic
1645 4305 1706 4358 et
1749 4297 1916 4359 idem

425 4393 718 4456 diabolus
760 4395 1118 4456 successive
1158 4395 1428 4457 diversis
1468 4395 1804 4477 deputatur
1840 4396 1916 4457 ad

423 4492 903 4556 exercitandum
951 4493 1340 4555 hominibus
1373 4529 1454 4538 --
1495 4494 1638 4557 Haec
1685 4493 1921 4556 Udalri-

427 4612 559 4656 cuS.
614 4592 810 4675 Cujus
856 4592 1052 4655 verba
1108 4601 1258 4655 sunt
1312 4592 1718 4673 intelligenda
1771 4612 1919 4655 curn

427 4693 860 4756 moderamine
908 4691 1202 4772 superius
1252 4698 1436 4764 tacto,
1487 4689 1634 4771 quia
1683 4692 1759 4753 de
1803 4711 1920 4753 nu-

428 4809 604 4854 mero
656 4799 720 4854 et
768 4789 1179 4853 multitudine
1236 4789 1604 4870 angelorum
1655 4789 1920 4852 diversae

427 4897 576 4952 sunt
616 4888 970 4971 opiniones,

506 4987 810 5050 Praeterea
860 4986 1157 5049 dominus
1203 4984 1757 5058 AntisiodorensiS,
1809 4986 1918 5066 qui

427 5086 494 5148 in
535 5085 754 5147 multis
793 5083 1099 5166 speciales
1135 5070 1324 5146 habet·
1360 5084 1716 5165 opinioneS,
1750 5091 1922 5146 tenet

428 5184 598 5266 quod
630 5183 937 5256 ChristuS,
971 5182 1037 5243 in
1077 5190 1386 5264 quantum
1423 5183 1631 5245 minor
1660 5181 1782 5243 fuit
1813 5202 1920 5243 an-

428 5281 612 5364 geliS,
645 5289 864 5365 utpote
893 5283 1246 5345 secundum
1277 5281 1750 5346 sensualitatem
1782 5300 1922 5364 pas-

2027 4295 2454 4369 sentiendum,
2488 4296 2658 4376 quod
2697 4295 2942 4357 scilieet
2983 4312 3110 4357 non
3155 4295 3379 4357 habuit
3420 4315 3525 4358 an-

2026 4395 2242 4475 gelum
2302 4393 2653 4468 custodem,
2705 4392 2855 4474 quia
2904 4393 2968 4454 in
3026 4393 3204 4456 nullo
3250 4394 3524 4474 indiguit

2028 4510 2102 4555 eo
2150 4511 2164 4555 :
2214 4492 2378 4554 sicut
2425 4511 2543 4554 nec
2592 4493 2854 4578 angelus
2903 4491 3186 4566 inferior,
3232 4493 3525 4573 quamvis

2028 4591 2252 4672 angelo
2288 4590 2599 4672 superiori
2634 4591 2717 4652 sit
2755 4591 2985 4664 minor,
3019 4608 3145 4653 non
3177 4597 3390 4653 tamen
3421 4610 3526 4653 cu—

2029 4690 2301 4753 stoditur
2340 4689 2421 4750 ab
2472 4689 2599 4751 illo.
2652 4689 2779 4751 Nec
2828 4689 3078 4752 Christo
3126 4688 3526 4770 competebat

2030 4787 2343 4870 proficere
2384 4787 2549 4850 sicut
2585 4787 2827 4868 Virgini
2866 4787 3192 4868 gloriosae3
3224 4793 3288 4850 et
3318 4805 3355 4848 a
3394 4807 3525 4851 suae

2029 4887 2483 4949 incarnationis
2532 4887 2789 4950 exordio
2837 4887 2981 4949 data
3027 4885 3151 4948 fuit
3196 4886 3256 4948 ei
3304 4905 3526 4949 secun-

2029 4987 2184 5048 dum
2234 4995 2523 5049 naturam
2572 4996 2987 5070 assumptam,
3021 4994 3089 5049 ut
3132 4986 3339 5049 Verbo
3388 4986 3525 5050 uni—

2028 5092 2182 5157 tam,
2214 5086 2422 5147 omnis
2472 5094 2745 5167 potestas
2792 5087 2856 5148 in
2899 5086 3061 5150 coelo
3107 5093 3170 5148 et
3220 5085 3285 5146 in
3337 5093 3519 5148 terra.

2109 5183 2430 5245 Postremo
2478 5184 2542 5244 in
2586 5184 2703 5246 hac
2746 5185 3007 5246 materia
3046 5204 3084 5246 a
3124 5184 3393 5247 diversis
3435 5185 3527 5246 di-

2031 5299 2216 5344 versa
2245 5281 2566 5358 dicuntur,
2595 5302 2735 5365 quae
2766 5283 2869 5364 pie
2901 5290 3050 5346 sunt
3077 5283 3519 5365 suscipienda:

3562 3931 3643 3975 Pe.
3654 3943 3722 3982 xc,
3738 3889 3781 3974 ¹⁸¹
3791 3963 3803 3975 .

3606 5111 3782 5155 Manh.

3552 5187 3695 5226 xxvuu,
3728 5177 3792 5218 18.
