4334 6242
1095 538 1300 585 uranu
1341 536 1564 583 annam
1607 536 1790 583 rnAvi
1833 534 1970 581 sm'r
2011 534 2329 581 ons-mmm
2374 535 2436 581 m
2477 534 2680 594 v1r11S,
2720 534 2848 582 arc.
3417 514 3536 581 373

414 730 536 772 nus
569 716 714 793 post
753 730 934 773 suam
967 708 1522 773 confirmationem
1559 708 1804 771 timere.
1842 744 1922 753 ——
1951 706 2002 769 A
2033 708 2325 771 conversi
2364 716 2514 771 sunt
2549 708 2627 769 ad
2670 708 2931 769 malum.
2976 707 3086 770 Est
3125 725 3275 788 ergo
3318 725 3537 789 pecca-

413 808 558 871 Haec
601 810 1061 871 Bonaventura.
2030 815 2168 870 tum
2228 806 2465 869 diaboli
2530 805 2973 869 irremissibile
3033 806 3273 869 ratione
3333 812 3532 868 status

495 908 763 990 Insuper
802 907 973 969 circa
1013 908 1148 969 haec
1193 907 1476 989 loquitur
1515 906 1870 969 Alexander
1902 924 1916 968 :
2031 906 2301 989 praefati,
2334 906 2633 969 videlicet
2682 906 2924 969 ratione
2973 912 3172 968 status
3223 905 3534 968 excellen-

413 1005 861 1068 Irremissibile
920 1005 1264 1088 dupliciter
1321 1004 1559 1067 dicitur
1614 1022 1628 1066 ε
1685 1004 1916 1085 primo,
2031 1006 2134 1068 tiae
2178 1026 2326 1069 suae.

413 1106 584 1187 quod
635 1123 762 1168 non
814 1105 1210 1184 remittetur3
1244 1104 1546 1175 secunde,
1579 1104 1749 1185 quod
1792 1121 1919 1165 non
2110 1104 2397 1185 Denique
2428 1110 2761 1185 peccatum
2802 1110 3064 1185 propter
3090 1103 3263 1164 aliud
3296 1101 3533 1165 dicitur

413 1209 624 1285 potest
681 1204 944 1277 remitti,
996 1209 1308 1284 quantum
1367 1208 1464 1263 est
1511 1201 1588 1263 de
1638 1202 1922 1282 potentia
2031 1201 2495 1275 irremissibile,
2530 1209 2593 1263 et
2641 1210 2900 1284 propter
2943 1201 3118 1271 aliud
3165 1196 3530 1262 irremedia-

413 1301 818 1363 remittentis.
853 1302 1064 1363 Primo
1094 1301 1283 1363 modo
1313 1307 1646 1386 peccatum
1682 1299 1920 1361 diaboli
2030 1299 2179 1362 bile.
2231 1298 2679 1363 Irremissibile
2728 1300 2900 1362 enim
2952 1300 3206 1373 dicitur,
3254 1298 3405 1381 quia
3451 1317 3529 1360 ex

412 1398 858 1462 irremissibile
917 1399 1326 1480 perhibetur3
1388 1399 1498 1460 sed
1557 1398 1765 1459 adhuc
1823 1406 1919 1460 est
2030 1407 2207 1481 parte
2253 1399 2352 1460 sui
2394 1417 2520 1461 non
2565 1399 2757 1461 habet
2800 1417 3055 1461 causam
3102 1398 3405 1460 motivam
3448 1398 3528 1459 ad

411 1498 956 1580 distinguendum.
992 1496 1236 1559 Dicitur
1264 1497 1439 1559 enim
1475 1496 1918 1559 irremissibile
2030 1496 2514 1575 remissionem3
2566 1494 3036 1558 irremediabile
3080 1513 3251 1569 vero,
3303 1495 3526 1578 quoni-

410 1598 581 1679 quod
624 1615 752 1660 non
792 1596 1174 1671 remittetur,
1209 1595 1512 1678 quoniam
1554 1614 1682 1658 non
1723 1602 1816 1657 est
1848 1596 1919 1658 li-
2028 1614 2130 1658 am
2162 1613 2281 1657 nec
2312 1613 2427 1676 per
2457 1614 2524 1657 se
2564 1613 2771 1676 neque
2810 1614 2926 1676 per
2952 1594 3150 1656 alium
3191 1602 3286 1657 est
3320 1614 3528 1658 susce-

409 1696 640 1758 berum
689 1695 1026 1758 arbitrium
1079 1695 1145 1757 in
1195 1702 1359 1756 statu
1411 1694 1768 1776 receptibili
1821 1714 1914 1757 re·
2029 1693 2279 1776 ptivum
2319 1692 2605 1754 remedii.
2638 1693 2973 1755 Peccatum
3014 1693 3313 1774 equidem
3344 1692 3529 1774 origi-

410 1793 738 1858 missionis
792 1813 806 1857 :
860 1802 931 1856 ut
976 1802 1072 1857 est
1121 1794 1187 1856 in
1234 1793 1449 1855 anima
1495 1793 1725 1855 vitiosa
1773 1801 1914 1874 post
2027 1791 2170 1853 nale
2230 1790 2643 1854 remediabile
2702 1791 2825 1852 fuit
2879 1809 2995 1872 per
3044 1790 3241 1851 alium
3296 1808 3309 1852 :
3362 1791 3529 1853 sicut

411 1900 709 1967 mortem,
760 1893 826 1953 in
875 1912 1002 1975 qua
1057 1899 1256 1954 status
1315 1892 1602 1953 merendi
1665 1890 1909 1953 finitur.
1951 1888 1998 1951 B
2027 1889 2203 1951 enim
2235 1890 2425 1952 homo
2456 1888 2768 1951 contraxit
2796 1888 2955 1950 illud
2984 1887 3264 1962 aliunde,
3300 1888 3386 1951 ita
3414 1908 3530 1971 per

407 1990 650 2053 Rursus
681 1998 1013 2073 peccatum
1042 1989 1484 2052 irremissibile
1513 1989 1760 2062 dicitur,
1777 2007 1917 2072 quo-
2027 1987 2225 2049 alium
2274 1986 2399 2049 fuit
2441 1988 2803 2069 impensum
2856 1987 3230 2049 remedium.
3265 1987 3526 2050 Actuale

409 2089 584 2150 niam
627 2089 775 2151 licet
818 2088 1092 2150 liberum
1134 2087 1471 2150 arbitrium
1517 2088 1599 2149 sit
1641 2088 1705 2150 in
1749 2096 1913 2150 statu
2026 2103 2179 2148 vero
2231 2085 2509 2148 hominis
2569 2092 2903 2168 peccatum
2961 2085 3373 2149 remediabile
3430 2094 3528 2148 est

410 2186 475 2248 in
514 2204 644 2268 quo
682 2187 884 2268 possit
922 2186 1256 2260 demereri,
1289 2203 1416 2247 non
1457 2194 1668 2248 tamen
1708 2193 1803 2248 est
1848 2186 1913 2248 in
2028 2203 2142 2265 per
2172 2184 2616 2265 poenitentiam
2650 2201 2664 2244 :
2698 2202 2844 2245 nam
2888 2184 3054 2245 sicut
3094 2185 3283 2246 homo
3316 2203 3430 2267 per
3458 2202 3525 2247 se

409 2292 576 2347 statu
614 2285 679 2346 in
710 2302 838 2366 quo
871 2284 1074 2365 possit
1102 2284 1355 2345 veniam
1393 2284 1742 2365 deprecari,
1773 2302 1913 2366 pro-
2027 2281 2365 2362 delinquit,
2400 2281 2487 2343 ita
2529 2300 2644 2362 per
2685 2282 2896 2344 datam
2946 2280 3067 2343 sibi
3114 2282 3383 2362 gratiam
3432 2302 3525 2344 sa-

408 2390 554 2464 pter
601 2382 834 2444 mentis
895 2380 1362 2443 indurationem
1413 2399 1486 2443 ac
1534 2381 1915 2463 desperatio-
2025 2380 2282 2443 tisfacit.
2346 2380 2547 2443 Habet
2608 2399 2883 2462 namque
2948 2381 3140 2443 homo
3201 2380 3525 2463 duplicem

409 2500 559 2542 nem
586 2498 601 2541 ε
626 2480 847 2561 sicque
879 2486 1212 2560 peccatum
1245 2477 1481 2541 diaboli
1512 2486 1604 2540 est
1639 2478 1915 2541 irremis-
2024 2478 2529 2553 vertibilitatem,
2571 2478 2871 2542 videlicet
2905 2498 2919 2542 :
2955 2480 3255 2562 primam,
3298 2479 3375 2541 ad
3417 2478 3529 2541 bo-

408 2577 618 2641 sibile.
655 2577 832 2639 Unde
877 2576 1034 2637 dicit
1077 2576 1353 2638 Isidorus
1389 2594 1402 2639 :
1436 2576 1738 2638 Diabolus
1785 2595 1913 2639 non
2025 2596 2182 2639 num
2213 2596 2324 2639 seu
2365 2578 2442 2639 ad
2480 2578 2756 2655 malum;
2790 2578 3159 2653 secundam,
3190 2597 3227 2639 a
3260 2576 3428 2640 bono
3458 2575 3524 2639 in

408 2676 568 2758 petit
614 2675 892 2749 veniam,
932 2674 1233 2756 quoniam
1285 2693 1412 2737 non
1463 2675 1916 2757 compungitur
2027 2676 2289 2750 malum,
2338 2683 2400 2737 ct
2446 2696 2483 2738 a
2531 2676 2698 2739 malo
2746 2676 2813 2738 in
2863 2675 3103 2739 bonum
3156 2693 3170 2737 t
3210 2675 3525 2757 quoniam

407 2774 487 2837 ad
519 2772 984 2856 poenitentiam.
1017 2772 1329 2835 Poenitere
1358 2790 1613 2854 quoque
1643 2789 1771 2834 non
1805 2791 1914 2855 po·
2024 2772 2238 2834 anima
2278 2773 2601 2837 rationalis
2640 2781 2736 2837 est
2774 2774 3038 2857 spiritus
3076 2774 3250 2836 carni
3282 2772 3520 2836 unituS.

407 2878 554 2945 test,
587 2870 740 2952 quia
779 2870 844 2931 in
885 2887 962 2932 eo
1001 2870 1109 2951 qui
1154 2869 1441 2951 poenitet,
1480 2877 1576 2931 est
1616 2869 1795 2931 dolor
1837 2869 1914 2931 de
2024 2871 2302 2951 Angelus
2350 2889 2501 2934 vero
2549 2872 2822 2953 primam
2868 2872 3346 2934 vertibilitatem
3393 2876 3526 2933 tan-

408 2975 692 3052 peccato,
725 2974 789 3029 et
835 2968 1139 3049 gaudium
1182 2967 1260 3029 de
1304 2967 1519 3029 dolore
1555 2984 1568 3027 ε
1603 2986 1745 3048 quae
1787 2984 1912 3029 non
2027 2970 2358 3032 tummodo
2400 2970 2609 3032 habet.
2643 3006 2725 3015 —
2762 2970 2906 3033 Haec
2947 2970 3319 3033 Alexander.

409 3067 657 3130 suntin
699 3066 969 3128 diabolo.
1005 3066 1138 3127 Imo
1177 3064 1384 3127 adhuc
1425 3072 1518 3127 est
1561 3065 1625 3126 in
1657 3082 1732 3127 eo
1765 3083 1914 3145 gau·
1951 3065 1994 3129 C
2106 3068 2176 3128 In
2221 3066 2457 3149 quibus
2500 3068 2657 3130 dicit
2698 3068 3020 3131 diabolum
3065 3086 3202 3131 esse
3246 3068 3311 3129 in
3358 3074 3525 3130 statu

409 3166 588 3229 dium
638 3167 716 3227 de
767 3174 1045 3248 peccato,
1099 3164 1251 3246 quia
1299 3170 1370 3225 ut
1416 3163 1504 3225 ait
1553 3164 1912 3244 GregoriuS,
2027 3165 2417 3241 demerendi,
2449 3154 2749 3228 videlicet
2787 3167 2993 3248 quoad
3034 3166 3371 3247 praemium
3412 3184 3525 3230 seu

408 3264 766 3347 appetitum
817 3262 1214 3325 celsitudinis
1265 3261 1454 3323 vertit
1514 3261 1579 3324 in
1639 3261 1912 3343 rigorem
2026 3264 2239 3346 potius
2283 3264 2674 3345 supplicium
2718 3264 3125 3327 accidentale.
3162 3263 3329 3326 Dicit.
3371 3281 3525 3345 quo·

410 3363 668 3437 mentiS,
702 3370 774 3425 ut
799 3362 931 3443 jam
975 3380 1088 3444 per
1118 3359 1420 3423 duritiam
1462 3379 1529 3422 se
1570 3360 1735 3422 male
1775 3379 1913 3423 esse
2025 3380 2150 3443 que
2192 3362 2495 3443 gaudium
2542 3362 2859 3443 quoddam
2906 3381 3045 3424 esse
3094 3362 3160 3424 in
3210 3380 3320 3439 eo;
3353 3361 3523 3444 quod

409 3480 536 3524 non
567 3461 822 3535 sentiat,
856 3460 966 3542 qui
999 3477 1270 3542 praeesse
1304 3478 1418 3541 per
1447 3459 1716 3539 gloriam
1748 3478 1914 3541 quae-
2023 3467 2237 3522 tamen
2270 3460 2426 3522 dicit
2454 3460 2626 3522 omni
2659 3460 3083 3523 amaritudine
3114 3478 3255 3523 esse
3284 3479 3526 3543 resper-

410 3560 606 3623 rebat.
639 3562 948 3623 Praeterea
996 3558 1231 3620 dicitur
1275 3556 1718 3619 irremissibile
1768 3550 1940 3639 pec?
2024 3577 2166 3620 sum
2204 3566 2315 3619 :et
2363 3559 2702 3621 concordat
2750 3544 3117 3640 praehabitis
3164 3557 3377 3620 verbis
3424 3559 3525 3641 Εἰς
3585 3584 3628 3626 1³·
3650 3569 3800 3614 ³⁶⁵0·-

410 3666 622 3721 catum
678 3657 914 3720 diaboli
968 3656 1210 3718 ratione
1264 3654 1656 3717 excellentiae
1713 3662 1912 3717 status
2025 3656 2261 3718 chardi.

409 3756 700 3838 angelici.
737 3755 914 3818 Sicut
961 3754 1136 3816 enim
1179 3753 1485 3815 Dominus
1528 3760 1915 3833 protestatur
2103 3754 2640 3817 Antisiodorensis
2692 3762 2905 3816 autem
2956 3755 3021 3816 in
3072 3754 3334 3818 Summa
3383 3774 3518 3829 sua,

233 3891 318 3929 m,
368 3855 475 3920 ,in
515 3853 769 3927 Genesi,
805 3852 943 3915 Non
984 3850 1382 3935 permanebit
1424 3850 1687 3931 spiritus
1731 3870 1912 3913 meus
2025 3852 2189 3916 libro
2238 3853 2517 3915 secundo
2551 3871 2565 3915 :
2599 3853 2801 3934 Hujus
2844 3853 3111 3936 (inquit)
3151 3854 3521 3936 quaestionis

411 3954 476 4016 in
514 3954 776 4016 homine
818 3952 882 4015 in
923 3958 1254 4023 ae'ternum,
1288 3949 1438 4031 quia
1469 3966 1613 4010 caro
1653 3957 1784 4027 est;
1818 3950 1910 4011 sic
2022 3952 2402 4013 solutionem
2437 3951 2746 4013 habemus
2776 3970 2851 4012 ex
2884 3952 3097 4014 verbis
3125 3952 3190 4013 B.
3212 3952 3517 4035 Dionysii,

409 4071 521 4134 per
549 4050 918 4133 oppositum
950 4048 1076 4110 dici
1109 4046 1758 4129 potest,Permanebit
1788 4047 1912 4129 spi·
2020 4050 2130 4132 qui
2176 4050 2238 4111 in
2281 4047 2444 4111 libro
2481 4049 2559 4111 de
2604 4049 2849 4111 Divinis
2889 4049 3257 4113 nominibus
3295 4050 3519 4113 asserit
3584 4080 3774 4123 σφα-ι.

409 4150 567 4211 ritus
612 4146 1068 4228 indignationis
1107 4145 1339 4208 divinae
1383 4145 1449 4206 in
1492 4152 1800 4207 aeternum
1843 4145 1908 4206 in
2018 4147 2315 4229 angelum
2368 4146 2602 4209 habere
2664 4147 3055 4209 intellectum
3115 4147 3513 4222 deiformem,

409 4248 636 4329 spiritu
670 4243 1293 4326 maligno,quoniam
1327 4242 1590 4324 spiritus
1621 4250 1734 4305 est.
1751 4244 1907 4305 Item
1939 4250 1990 4311 D
2017 4246 2296 4308 animam
2349 4264 2497 4307 vero
2551 4264 2665 4327 per
2711 4246 3069 4307 discursum
3125 4253 3187 4308 et
3237 4246 3520 4309 collatio-

409 4346 650 4408 ratione
679 4342 1072 4406 excellentiae
1102 4342 1200 4403 sui
1234 4348 1452 4403 status.
1473 4341 1696 4421 Angeli
1727 4342 1910 4423 quip-
2018 4364 2167 4406 nem
2212 4362 2609 4424 cognoscere.
2646 4344 2979 4425 Quumque
3020 4345 3281 4425 angelus
3320 4346 3519 4408 instar

410 4464 486 4524 pe
523 4443 919 4506 adhaerentes
963 4440 1130 4503 bono
1172 4446 1280 4501 aut
1325 4440 1513 4513 mal0,
1549 4440 1910 4503 immutabi-
2019 4444 2130 4506 Dei
2178 4443 2243 4505 in
2289 4442 2550 4504 instanti
2588 4441 2799 4504 videat
2842 4442 2996 4523 quid
3034 4444 3372 4523 agendum,
3406 4444 3516 4506 ho-

410 4541 552 4604 liter
580 4541 1000 4603 adhaeserunt.
1035 4539 1578 4613 Quemadmodum
1617 4540 1790 4602 enim
1823 4542 1912 4603 ait
2022 4561 2125 4604 mo
2169 4560 2321 4604 vero
2364 4542 2429 4603 in
2480 4548 2788 4622 tempore,
2824 4540 3063 4603 instans
3109 4550 3321 4604 autem
3371 4542 3518 4605 infi-

409 4639 746 4721 Gregorius
783 4657 796 4701 ε
829 4638 1054 4720 Angeli
1083 4646 1263 4701 erant
1292 4646 1517 4701 natura
1544 4639 1907 4714 mutabileS,
2021 4642 2152 4703 nite
2192 4640 2551 4722 simplicius
2593 4648 2783 4720 atque
2826 4640 3094 4702 celerius
3136 4648 3233 4702 est
3274 4649 3515 4724 tempo-

410 4745 722 4821 quatenus
761 4746 869 4799 aut
912 4757 1025 4799 sua
1063 4744 1288 4819 sponte
1334 4738 1650 4813 caderent,
1685 4747 1793 4800 aut
1833 4760 1909 4802 ex
2022 4758 2125 4819 re;
2161 4740 2303 4801 ideo
2350 4740 2611 4821 angelus
2662 4737 2915 4801 infinite
2966 4739 3153 4801 citius
3203 4742 3516 4823 conspicit

409 4838 674 4900 arbitrio
718 4844 992 4915 starent3
1024 4838 1132 4899 sed
1176 4837 1340 4899 hanc
1383 4838 1589 4900 standi
1636 4840 1910 4902 mulabi-
2019 4840 2176 4922 quid
2224 4858 2408 4920 agere
2456 4838 2704 4910 debeat,
2737 4856 2928 4920 quam
2978 4838 3187 4902 homo.
3229 4841 3405 4903 Unde
3453 4849 3517 4904 et

413 4936 656 5002 litatem
684 4936 978 4998 vicerunt
1019 4934 1535 4998 immutabilitate
1568 4940 1773 5019 angeli
1805 4940 1912 5002 bo·
2020 4945 2353 5022 peccatum
2396 4937 2632 5000 diaboli
2664 4938 2728 4999 in
2762 4936 3090 4999 infinitum
3129 4940 3384 5019 gravius
3422 4949 3518 5003 est

415 5036 497 5097 ni.
553 5036 702 5097 Ideo
748 5035 1286 5115 quemadmodum
1336 5036 1545 5115 angeli
1603 5035 1751 5098 boni
1812 5057 1913 5099 ac-
2019 5045 2281 5119 peccato
2324 5036 2624 5109 hominiS‚
2658 5034 2927 5116 ideoque
2971 5036 3411 5101 irremissibile
3454 5046 3517 5101 et

417 5141 722 5217 ceperunt
778 5132 1360 5195 immutabilitatem
1412 5134 1474 5194 in
1527 5134 1714 5209 bone,
1763 5137 1912 5217 quia
2021 5134 2490 5198 irremediabile
2527 5141 2624 5196 est
2660 5134 2940 5197 omninO.
2978 5136 3122 5199 Haec
3164 5136 3517 5199 Antisiodo-

419 5240 728 5297 steterunt
760 5233 826 5295 in
856 5250 972 5311 eo;
1005 5232 1098 5294 sic
1127 5252 1242 5314 per
1270 5232 1636 5314 oppositum
1668 5233 1774 5295 alii
1807 5234 1915 5296 ob·
2021 5233 2245 5296 rensis.

421 5332 750 5397 tinuerunt
799 5329 1380 5394 immutabilitatem
1427 5330 1492 5393 in
1539 5331 1724 5407 ma10,
1764 5332 1914 5414 quia
2105 5332 2173 5395 In
2228 5331 2412 5413 cujus
2462 5331 2675 5395 verbi-s
2724 5340 2887 5395 stare
2936 5351 3061 5397 non
3115 5334 3301 5409 valet,
3346 5334 3515 5419 quod
