4334 6242
863 467 982 536 442

1531 491 1594 538 m
1632 492 1855 538 Limum
1897 492 1942 539 11
1982 490 2464 539 SENTENTtARUu.
2510 509 2591 520 -·-
2630 492 2783 537 msT.
2820 491 2971 554 V1113
3015 492 3239 548 QUAEST.
3284 491 3305 539 1

863 659 977 722 fila
1006 679 1345 743 corporum
1386 663 1713 745 possident
1744 681 1882 725 rara
1911 671 1972 726 et
2003 662 2357 744 splendida,
2393 662 2444 723 A
2550 663 2741 725 Porro
2788 682 2987 746 quum
3036 663 3301 744 angelus
3357 671 3641 746 apparet,
3692 672 3847 726 tunc
3892 663 3975 726 de

863 777 1004 840 quae
1043 761 1373 823 universos
1404 762 1579 823 visus
1621 761 1826 824 radios
1867 763 2121 824 raritate
2163 770 2363 824 trans-

863 866 1132 932 mutant,
1167 859 1503 940 splendore
1549 861 1977 934 reverberant,
2011 860 2362 923 subtiliter-

861 974 985 1037 que
1025 955 1430 1018 frustrantur.
1464 993 1545 1004 -
1574 957 1965 1038 Augustinus
1997 977 2252 1041 quoque
2296 959 2360 1021 in

861 1053 1024 1116 libro
1072 1055 1148 1117 de
1199 1055 1464 1117 Civitate
1517 1055 1627 1118 Dei
1679 1065 1742 1118 et
1799 1077 1990 1138 super
2039 1057 2357 1132 Genesim,

793 1204 796 1208 .
859 1152 979 1214 hoc
1021 1153 1262 1215 dictum
1305 1155 1732 1217 communiter
1760 1155 1953 1217 refert
1992 1157 2066 1217 ad
2103 1155 2359 1237 angelos

859 1251 1057 1314 bonos
1105 1270 1177 1312 ac
1227 1252 1426 1314 malos
1462 1253 1662 1334 :quia
1711 1261 1774 1314 et
1823 1253 2014 1326 Plato,
2061 1253 2359 1336 princeps

856 1349 1049 1431 hujus
1089 1349 1431 1432 opinionis,
1464 1360 1766 1432 utrosque
1811 1351 2087 1432 appellat:
2129 1352 2359 1415 daemo—

855 1467 990 1522 nea,
1025 1449 1314 1512 dividens
1354 1468 1462 1513 eos
1507 1451 1571 1512 in
1614 1451 1849 1513 Timaeo
1883 1450 1946 1512 in
1987 1452 2358 1514 calodaemo-

854 1565 990 1621 neS,
1044 1547 1107 1609 id
1166 1556 1261 1610 est
1321 1548 1518 1610 bonos
1577 1550 1919 1623 daemoneS,
1971 1557 2032 1610 et
2082 1552 2357 1612 cacodae-

856 1663 1097 1718 moneS,
1132 1646 1196 1708 id
1225 1654 1322 1708 est
1351 1646 1669 1709 daemones
1703 1648 1919 1709 maloS.
1957 1649 2032 1709 Et
2062 1649 2356 1729 quamvis

852 1744 1244 1825 Augustinus
1303 1763 1430 1807 non
1489 1755 1725 1807 asserat.
1772 1746 1916 1820 hoc,
1969 1753 2183 1808 tamen
2233 1747 2354 1808 hoc

2472 778 2637 824 novo
2693 763 2964 824 assumit
3011 769 3073 824 et
3122 761 3354 826 format
3411 781 3644 845 corpus
3702 781 3780 826 ex
3827 781 3974 824 aere

2473 860 2956 922 convenientius
3017 879 3209 943 quam
3267 880 3345 922 ex
3394 861 3609 943 aliquo
3664 861 3791 925 alio
3848 862 3976 923 ele-

2473 966 2688 1021 mento
2723 976 2736 1020 :
2770 958 3070 1040 quoniam
3106 959 3341 1021 coelum
3374 960 3726 1021 secundum
3762 969 3977 1041 partes

2470 1056 2769 1138 abrumpi
2810 1075 2936 1119 non
2978 1065 3206 1138 potest,
3240 1077 3438 1140 quum
3489 1057 3976 1139 incorruptibile

2472 1155 2589 1233 sit3
2634 1155 2845 1236 ignem
2893 1173 3043 1217 vero
3086 1174 3213 1219 non
3263 1156 3653 1218 sustinerent
3694 1156 3759 1218 hi
3807 1157 3976 1218 circa

2470 1272 2629 1335 quos
2659 1254 2922 1334 angelus
2950 1273 3265 1336 apparens
3304 1262 3637 1337 operatur3
3670 1264 3838 1318 terra
3866 1275 3977 1316 au-

2470 1358 2597 1412 tem
2658 1351 3011 1413 difficulter
3057 1360 3155 1413 est
3202 1351 3510 1430 mobilis3
3556 1371 3721 1433 aqua
3776 1352 3971 1415 etiam

2470 1449 2744 1530 figuram
2777 1450 3170 1531 corporalem
3212 1469 3327 1532 per
3354 1469 3423 1512 se
3455 1468 3583 1512 non
3619 1457 3809 1512 tenet.
3844 1451 3974 1513 Nec

2468 1547 2589 1610 ista
2630 1547 2925 1610 formatio
2968 1556 3064 1609 est
3106 1547 3827 1629 formmubstantialiS,
3860 1549 3973 1609 sed

2466 1646 2876 1708 accidentalis
2924 1646 3229 1708 inductio.
3278 1647 3449 1708 Hanc
3500 1647 3651 1708 item
3704 1653 3975 1728 potesta·

2470 1751 2596 1805 tem
2639 1744 2952 1807 formandi
2995 1753 3057 1806 et
3086 1744 3452 1806 assumendi
3492 1763 3747 1826 corpus,
3779 1744 3972 1807 babet

853 1842 1272 1923 supponendo
1300 1863 1371 1904 ac
1402 1843 1526 1905 alia
1559 1844 1960 1926 inquirendo,
1984 1845 2238 1907 videtur
2268 1845 2355 1906 ita
2392 1842 2439 1904 B
2467 1843 2729 1923 angelus
2769 1863 2845 1905 ex
2892 1843 3113 1905 ordine
3153 1863 3283 1905 suae
3324 1851 3585 1917 naturae,
3618 1860 3746 1924 quo
3782 1843 3971 1906 altior

852 1941 1105 2002 sentire.
1142 1941 1296 2003 Nam
1339 1961 1532 2024 super
1564 1942 1860 2004 Genesim
1900 1943 2058 2005 dicit.
2096 1943 2353 2025 angelos

851 2037 1152 2102 habuisse
1213 2057 1475 2120 corpora
1524 2039 1646 2102 sibi
1700 2049 2031 2103 concreata
2083 2041 2161 2103 de
2210 2061 2354 2104 aere

852 2137 1188 2218 superiori,
1227 2139 1336 2200 sed
1384 2138 1446 2199 in
1489 2138 1888 2201 daemonibus
1927 2158 2066 2201 esse
2114 2148 2355 2202 mutata

852 2234 918 2296 in
974 2235 1346 2317 qualitatem
1405 2236 1569 2298 aeris
1627 2236 1982 2317 grossioriS,
2036 2257 2161 2320 qua
2220 2238 2354 2319 pati

555 2350 719 2402 10⁶2...
742 2355 805 2396 u.
849 2332 1096 2415 possint
1133 2334 1213 2395 ab
1246 2334 1409 2415 igne.
1447 2335 1522 2396 Et
1564 2335 1721 2397 illud
1751 2335 1889 2408 Job‚
1924 2337 2063 2416 lpse
2103 2344 2198 2397 est
2240 2337 2355 2398 ini-

851 2433 1010 2493 tium
1043 2431 1335 2512 figmenti
1366 2433 1500 2506 Dei,
1536 2433 1692 2494 dicit
1721 2452 1847 2495 non
1888 2434 2219 2515 designare
2250 2453 2355 2495 na-

847 2537 1055 2592 turam
1115 2531 1345 2612 angeli,
1399 2532 1506 2594 sed
1568 2551 1798 2613 corpus
1858 2532 2128 2604 aerium,
2184 2533 2352 2615 quod

850 2629 957 2690 tali
1007 2629 1321 2691 voluntati
1375 2631 1540 2691 Deus
1588 2631 1847 2711 aptavit.
1897 2630 2181 2712 Denique
2231 2630 2353 2692 isto

847 2727 1200 2808 supposit0,
1235 2727 1463 2810 quaerit
1511 2729 1694 2790 tertio
1743 2728 1819 2790 de
1871 2729 2136 2790 Civitate
2187 2729 2349 2791 Dei:

845 2844 926 2885 an
967 2824 1198 2906 angeli,
1235 2833 1530 2888 manente
1570 2825 1886 2906 spirituali
1930 2827 2027 2887 sui
2066 2827 2351 2908 corporis

847 2923 1172 3004 qualitate,
1206 2932 1531 2986 assumant
1565 2942 1795 3005 corpus
1827 2943 1902 2985 ex
1938 2924 2351 2987 inferioribus

2466 1949 2561 2002 est
2606 1941 2917 2022 corporali
2963 1949 3209 2014 natura,
3242 1949 3305 2002 et
3353 1959 3543 2003 omne
3584 1941 3776 2004 altius
3818 1940 3966 2015 alio,

2466 2045 2671 2120 potest
2706 2037 2796 2100 uti
2826 2057 2903 2101 eo
2934 2047 3004 2100 ut
3043 2038 3488 2102 instrumento.
3522 2075 3603 2084 —-
3632 2040 3969 2121 Quumque

2464 2156 2571 2200 aer
2614 2136 2695 2198 sit
2741 2137 2999 2218 pervius
3042 2137 3232 2211 visui,
3265 2145 3516 2219 oportet
3558 2156 3705 2200 eum
3755 2137 3818 2198 in
3863 2157 3971 2220 ap-

2466 2234 2779 2316 paritione
2821 2234 3191 2314 hujusmodi
3235 2235 3608 2298 condensari
3651 2243 3720 2296 ut
3757 2237 3973 2297 termi-

2464 2341 2571 2394 net
2618 2333 2855 2406 visum,
2898 2341 2958 2395 et
3012 2341 3267 2414 tangere
3318 2342 3509 2415 queat
3556 2352 3630 2395 ac
3680 2333 3874 2415 tangi,
3907 2341 3971 2396 et

2462 2431 2585 2492 alia
2634 2431 3003 2511 hujusmodi
3056 2450 3249 2514 opera
3297 2451 3611 2494 exercere.
3656 2433 3748 2494 Ad
3797 2433 3967 2514 quod

2464 2528 2950 2609 intelligendum
3004 2530 3283 2603 adverte,
3338 2530 3508 2611 quod
3558 2531 3969 2592 condensatio

2462 2627 2587 2688 rari
2634 2646 2745 2689 seu
2790 2626 3045 2688 subtilis
3090 2628 3399 2708 contingit
3442 2628 3806 2709 dupliciter.
3838 2629 3969 2691 Pri-

2464 2743 2590 2797 m0,
2643 2744 2757 2807 per
2811 2725 3250 2788 alterationem
3307 2725 3584 2807 alicujus
3643 2726 3969 2808 qualitatis

2462 2823 2769 2884 naturalis
2809 2824 3032 2886 activae
3068 2841 3081 2884 :
3116 2830 3186 2887 ut
3225 2824 3379 2885 dum
3421 2823 3769 2904 frigiditate
3800 2826 3969 2888 aeris

2465 2937 2658 3001 vapor
2690 2920 3115 2981 condensatur
3157 2920 3221 2980 in
3262 2920 3525 2994 nubem,
3558 2928 3623 2982 et.
3662 2921 3867 2984 nubes
3901 2921 3965 2984 in

847 3021 1426 3101 corpulentioribus
1476 3022 1832 3096 elementiS,
1867 3023 2034 3104 quod
2085 3022 2209 3084 sibi
2263 3023 2351 3084 in·
2384 3023 2428 3085 C
2460 3036 2711 3100 aquam.
2767 3017 2843 3078 Et
2898 3017 3037 3080 talis
3091 3017 3459 3099 inspissatio
3512 3037 3635 3080 non
3688 3027 3784 3081 est
3834 3020 3963 3094 hic,

847 3127 976 3180 star
1006 3120 1201 3182 vestis
1242 3128 1603 3202 coaptatum
1649 3129 1894 3182 mutent
1937 3121 2000 3182 in
2032 3121 2352 3203 quaslibet

847 3217 1093 3298 species
1154 3219 1570 3300 corporales3
1629 3238 1710 3280 an
1772 3219 2028 3301 propria
2086 3238 2351 3301 corpora

845 3323 1269 3379 transmutent
1313 3318 1376 3378 in
1423 3317 1486 3378 id
1531 3319 1697 3400 quod
1744 3318 1984 3380 volunt.

927 3413 1047 3476 Sed
1095 3415 1396 3496 quoniam
1455 3416 1636 3496 juxta
1697 3415 2043 3497 praehabita
2102 3423 2346 3476 certum

845 3519 940 3572 est
970 3512 1224 3592 angelos
1257 3512 1664 3594 incorporeos
1733 3533 1847 3587 sse,
1868 3514 2014 3576 licet
2049 3514 2167 3576 hoc
2199 3513 2350 3575 olim

845 3609 1039 3671 fuerit
1093 3610 1388 3682 dubium,
1441 3611 1584 3673 ideo
1635 3610 1745 3672 ila
1803 3611 2022 3692 opinio
2078 3612 2266 3674 modo
2312 3631 2348 3673 a

844 3707 1093 3769 cunctis
1123 3707 1426 3789 abjicitur
1465 3717 1767 3790 tanquam
1812 3709 2233 3791 philosophiae
2272 3729 2345 3772 ac

842 3805 1173 3886 theologiae
1204 3806 1536 3868 contraria.
1571 3807 1730 3868 Hinc
1763 3807 2101 3888 Gregorius
2133 3807 2201 3869 in
2232 3807 2349 3868 Mo-

841 3903 1080 3964 ralibus
1114 3903 1337 3985 probat
1369 3922 1476 3965 eos
1507 3922 1830 3966 assumere
1864 3922 2128 3985 corpora
2162 3921 2175 3966 :
2210 3904 2343 3966 Nisi

838 4001 1195 4083 (inquiens)
1233 4001 1440 4082 angeli
1487 4002 1564 4063 ad
1611 4010 1864 4082 tempus
1908 4021 1985 4063 ex
2027 4021 2170 4063 aere
2211 4020 2344 4064 cor-

841 4117 994 4182 pora
1035 4108 1382 4173 sumerent,
1415 4099 1838 4162 exterioribus
1883 4099 2117 4162 nostris
2164 4098 2346 4161 obtu-

605 3447 647 3487 p.
693 3435 815 3477 tscA

551 3501 595 3540 et
614 3509 670 3546 ις
697 3499 768 3539 187
787 3498 816 3540 Β

549 3563 595 3602 ct,
616 3572 653 3603 ι.

2462 3117 2613 3198 quia
2661 3135 2769 3177 aer
2815 3125 3291 3179 converteretur
3335 3117 3401 3178 in
3444 3136 3696 3199 aquam.
3732 3119 3967 3181 Secun-

2461 3214 2554 3284 do,
2573 3233 2687 3294 per
2718 3213 2914 3276 solam
2952 3214 3226 3295 partium
3260 3215 3794 3297 compressionem
3828 3216 3967 3278 sine

2459 3313 2633 3375 omni
2695 3312 3087 3385 alteratione,
3131 3313 3671 3394 quemadmodum
3733 3332 3967 3396 corpus

2460 3411 2716 3473 coeleste
2758 3410 2926 3491 quod
2969 3410 3171 3492 replet
3214 3411 3555 3473 vacuitates
3588 3411 3967 3474 exsistentes

2461 3509 2625 3570 inter
2684 3508 2984 3589 sphaeraS,
3036 3507 3405 3590 frequenter
3465 3509 3848 3591 inspissatur
3906 3520 3969 3572 et

2459 3605 2678 3668 rarefit
2721 3623 2735 3667 ε
2777 3614 2842 3666 et
2892 3605 2979 3667 ita
3027 3605 3103 3667 fit
3152 3605 3217 3668 in
3270 3607 3614 3693 proposito.
3664 3607 3766 3668 Sic
3816 3626 3964 3688 ergo

2458 3711 2863 3784 compactum
2904 3721 3115 3765 aerem
3160 3702 3375 3765 subito
3418 3703 3651 3766 format
3699 3704 3963 3785 angelus

2458 3802 2520 3863 in
2556 3801 2794 3882 figuras
2826 3801 3115 3863 omnium
3150 3819 3531 3882 organorum
3570 3802 3958 3866 exteriorum

2454 3899 2749 3962 animalis
2808 3899 2873 3960 in
2924 3899 3110 3980 cujus
3170 3899 3383 3982 specie
3431 3900 3570 3961 vult
3626 3919 3953 3982 apparere,

2456 4016 2571 4079 per
2616 3996 3085 4060 vehementiam
3135 4017 3265 4060 sua».
3312 3998 3616 4060 virtutis:
3652 4000 3954 4080 quoniam

2456 4113 2583 4158 non
2622 4103 2719 4158 est:
2760 4102 3036 4178 potestas
3077 4113 3270 4177 super
3308 4102 3541 4156 terram
3582 4115 3725 4177 quae
3764 4096 3823 4158 ei
3856 4117 3956 4159 va·
3982 4115 4231 4163 autumn.

840 4197 1013 4259 tibus
1063 4216 1190 4261 non
1239 4205 1636 4280 apparerent.
1692 4199 1766 4259 Et
1825 4198 1996 4259 hunc
2055 4197 2345 4278 sequitur
2375 4202 2424 4263 D
2458 4194 2579 4256 leat
2619 4193 2991 4275 comparari.
3028 4193 3333 4256 Interiora
3361 4211 3512 4256 vero
3550 4189 3787 4275 organa
3822 4196 3953 4258 ani-

843 4296 1030 4357 modo
1075 4303 1242 4358 totus
1286 4304 1488 4358 coetus
1531 4297 1882 4358 doctorum.

923 4394 1138 4476 ltaque
1167 4393 1348 4473 juxta
1387 4395 1558 4456 hunc
1591 4394 1851 4456 modum
1891 4393 2216 4476 loquendi,
2251 4393 2342 4455 di—

845 4511 918 4556 co
949 4511 1051 4556 eos
1085 4493 1402 4555 interdum
1436 4513 1758 4556 assumere
1792 4513 1938 4555 vera
1967 4493 2343 4555 animalium

556 4613 664 4658 Gen.
685 4618 801 4664 ιιι,ι.
845 4610 1156 4675 corpora:
1191 4591 1358 4654 sicut
1405 4592 1649 4654 daemon
1695 4592 2043 4674 assumpsit
2090 4610 2345 4672 serpen-

564 4713 815 4766 Num.xxn,
847 4699 1070 4763 tem,et
1095 4690 1356 4771 angelus
1385 4689 1589 4752 bonus
1616 4691 1814 4752 movit
1842 4689 2120 4770 linguam
2150 4689 2345 4750 asinae

551 4778 619 4820 ²⁸·
845 4789 1110 4852 Balaam.
1140 4788 1260 4851 Sed
1290 4789 1441 4871 quia
1473 4807 1584 4869 per
1614 4787 1743 4861 illa,
1770 4787 2106 4868 praesentia
2134 4784 2344 4866 angeli

844 4907 972 4952 non
1010 4885 1496 4961 monstrabatur,
1512 4904 1636 4948 non
1666 4893 1928 4948 vocatur
1953 4885 2072 4947 hoc
2103 4883 2349 4966 appari-

845 4986 949 5049 tio.
969 4987 1034 5047 ln
1059 4987 1174 5047 hac
1197 4985 1448 5047 demum
1471 5003 1682 5046 assum
1692 4984 2054 5065 ptionenon
2076 4990 2173 5044 est
2196 4983 2347 5045 unio

844 5084 1066 5149 formae
1095 5084 1174 5145 ad
1208 5083 1534 5144 materiam
1561 5083 1788 5164 (quum
1823 5080 2182 5142 intellectus
2215 5079 2348 5141 nul-

845 5183 970 5246 lius
995 5182 1278 5263 corporis
1307 5190 1484 5243 actus
1516 5181 1646 5259 sit),
1670 5199 1786 5242 nec
1817 5179 2076 5240 motoris
2105 5189 2348 5240 natura-

849 5281 928 5346 lis
953 5281 1028 5342 ad
1059 5279 1312 5356 mobile,
1333 5279 1442 5346 sed
1473 5277 1880 5344 instrumenti
1907 5296 2055 5342 cum
2080 5277 2341 5342 artifice.

2458 4292 2639 4354 malis
2701 4292 2873 4354 illius
2933 4310 3059 4353 non
3120 4292 3372 4366 format,
3426 4300 3496 4354 ut
3553 4310 3681 4366 cor,
3734 4293 3951 4376 hepar,

2456 4391 2637 4472 splen
2671 4407 2685 4451 :
2720 4390 2871 4472 quia
2909 4408 3102 4471 opera
3142 4389 3397 4453 illorum
3440 4411 3566 4454 non
3606 4403 3863 4454 exercet
3892 4393 3954 4456 in

2458 4507 2719 4571 corpore
2751 4489 2879 4550 illo.
2914 4488 3043 4551 Nec
3074 4488 3265 4550 habet
3294 4489 3463 4552 vires
3495 4490 3834 4553 sensitivas
3864 4511 3955 4554 or-

2455 4588 2711 4668 ganicas
2747 4604 2761 4649 :
2798 4587 3037 4649 idcirco
3078 4607 3191 4668 per
3223 4587 3534 4650 exteriora
3572 4607 3807 4670 organa
3849 4591 3955 4652 illa

2458 4703 2586 4748 non
2625 4685 2820 4758 videt,
2855 4703 2973 4746 nec
3011 4685 3209 4757 audit,
3243 4693 3361 4748 etc.
3400 4687 3660 4749 Faciunt
3701 4708 3955 4772 quoque

2456 4783 2686 4864 angeli,
2721 4783 2870 4845 boni
2901 4792 2963 4845 et
2996 4784 3168 4858 mali,
3203 4802 3468 4866 corpora
3506 4785 3601 4848 sic
3629 4797 3955 4871 assumpta

2456 4901 2595 4944 esse
2626 4881 3019 4944 diversorum
3054 4882 3338 4945 colorum
3371 4891 3434 4945 et
3466 4884 3852 4960 claritatum,
3876 4887 3957 4948 si-

2456 4999 2533 5042 ve
2568 4998 2678 5062 per
2709 4999 2929 5042 causas
2961 4980 3299 5042 seminales
3331 4981 3561 5044 inditas
3594 4983 3955 5057 rebuS,sivc

2457 5098 2533 5141 ex
2566 5078 3019 5140 commixtione
3049 5079 3227 5160 opaci
3260 5087 3323 5141 et
3355 5081 3680 5155 luminosi,
3714 5083 3850 5146 sive
3879 5101 3955 5146 ex

2456 5178 2655 5240 altero
2703 5177 2931 5238 horum
2986 5177 3257 5240 alterum
3316 5180 3679 5242 excedente.
3734 5181 3953 5263 Angeli

2458 5283 2670 5342 autem
2703 5275 2852 5340 boni
2886 5275 3004 5340 hoc
3044 5275 3233 5337 etiam
3278 5285 3543 5361 possunt
3578 5278 3955 5344 miraculose
