4334 6242
184 3846 252 3889 10⁶
266 3862 286 3898 t,
306 3852 368 3900 123

151 3924 186 3959 ιι,
207 3914 240 3952 ὅ.

653 502 740 552 ΑΝ
781 504 1079 553 ΒΕΗΟΝΒΒ
1122 503 1258 554 SINT
1299 502 1477 551 Acc'rt
1519 502 1832 563 scmNTHS,
1875 505 1976 552 ITA
2017 504 2177 562 QUOD
2222 506 2285 552 [N
2328 508 2478 554 lPSlS
2521 506 2613 554 stT
2654 508 2905 555 ‘rml’mx
2950 507 3225 555 SGIENTIA

3370 490 3492 555 403

386 683 592 737 tantas
623 676 1062 739 renovationes
1102 676 1415 739 malorum
1447 692 1712 757 operum
1746 694 1884 758 pra·
1915 676 1966 740 A
1997 675 2404 738 intellectivis
2434 678 2793 740 animarum
2822 686 3202 741 nostrarum.
3238 679 3493 742 Certum

389 792 740 855 varumque
794 775 1285 857 dispositionum
1346 793 1456 835 seu
1518 774 1885 856 passionum

387 872 454 933 in
484 873 578 934 eis
607 873 754 935 fieri
784 881 1088 955 appareat
1115 873 1460 935 evidenter.
1489 872 1666 934 Sicut
1696 872 1891 953 igitur

386 969 780 1033 incessanter
827 972 1058 1033 crescit
1103 989 1324 1034 eorum
1378 970 1640 1043 malitia,
1687 972 1780 1033 sic
1827 978 1890 1033 et

385 1069 686 1131 versutia.
739 1068 1056 1151 Amplius,
1112 1088 1312 1151 quum
1373 1070 1540 1131 inter
1596 1087 1704 1131 eos
1761 1070 1890 1131 sint

387 1166 786 1250 principatus
819 1175 883 1230 et
913 1176 1275 1251 potestateS,
1312 1187 1475 1231 nova
1509 1168 1687 1249 jussa
1725 1169 1892 1232 mala

387 1265 780 1329 incessanter
828 1267 1145 1349 imperant
1187 1268 1302 1341 eiS,
1337 1284 1658 1349 novasque
1711 1268 1888 1330 mali-

389 1364 507 1426 tias
566 1382 822 1445 semper
879 1373 1227 1446 suggerunt
1286 1364 1440 1447 ipsis
1499 1383 1514 1429 ε
1570 1366 1890 1447 quomodo

387 1481 536 1543 ergo
578 1481 707 1525 non
760 1464 1150 1525 incessanter
1193 1471 1257 1525 et
1300 1483 1464 1528 nova
1510 1465 1674 1526 mala
1721 1465 1891 1527 addi-

387 1570 596 1637 scunt,
630 1582 832 1644 quum
863 1571 926 1625 et
957 1564 1138 1625 novis
1175 1562 1688 1645 suggestionibus
1719 1564 1890 1645 prin-

390 1660 608 1743 cipum
649 1678 912 1724 suorum
953 1670 1016 1723 et
1046 1680 1210 1723 nova
1248 1661 1523 1724 faciendi
1565 1662 1893 1743 experien-

392 1760 476 1820 tia
504 1759 600 1821 eis
623 1760 876 1822 assidue
910 1761 1313 1822 revelentur?
1345 1796 1424 1805 —
1453 1761 1612 1823 Hinc
1647 1767 1892 1823 constat

1997 782 2092 835 est
2144 782 2381 849 autem,
2428 776 2561 837 vim
2616 776 3071 840 intellectivam
3124 796 3263 840 esse
3314 776 3495 839 intel-

2001 872 2243 952 ligibile
2288 873 2646 955 speculum,
2689 883 2752 936 et
2795 876 3233 957 intelligibiles
3275 894 3498 958 appre-

1997 971 2337 1033 hensiones
2370 972 2571 1054 ipsius
2601 992 2729 1035 non
2754 993 2893 1036 esse
2919 975 3042 1036 nisi
3074 974 3501 1056 apparitiones

1998 1069 2098 1131 vel
2147 1070 2586 1134 resultationes
2631 1090 2843 1133 rerum
2891 1073 2955 1133 in
3001 1072 3140 1155 ipso
3185 1090 3299 1154 per
3341 1072 3504 1155 ipsa·

2001 1186 2144 1231 rum
2184 1167 2443 1244 formas,
2480 1168 2809 1250 imagineS,
2842 1178 2953 1232 aut
2980 1170 3106 1233 alia
3145 1170 3345 1252 signa.
3377 1172 3503 1233 Aut

2000 1285 2149 1348 ergo
2200 1266 2569 1331 substantiae
2618 1268 2745 1332 illae
2794 1269 3219 1351 incorporales
3278 1268 3503 1352 recipi-

2003 1373 2118 1428 unt
2155 1386 2193 1428 a
2232 1365 2647 1429 sensibilibus
2686 1375 2748 1429 et
2779 1367 3271 1449 particularibus
3310 1367 3501 1430 rebus

2003 1465 2154 1527 talia
2183 1466 2363 1546 signa
2391 1485 2503 1527 seu
2535 1465 2793 1540 formas,
2828 1474 2936 1530 aut
2965 1485 3091 1529 non
3121 1474 3504 1548 generantur

2003 1563 2068 1625 in
2119 1563 2247 1625 illis
2306 1562 2678 1626 substantiis
2734 1583 2913 1628 novae
2972 1584 3185 1628 rerum
3236 1563 3501 1626 istarum

2002 1662 2302 1725 scientiae.
2338 1663 2427 1725 De
2468 1664 2654 1725 modo
2694 1682 2843 1745 ergo
2886 1664 3235 1746 recipiendi
3278 1662 3501 1744 hujus-

2005 1761 2175 1822 modi
2226 1760 2425 1842 signa,
2477 1770 2574 1824 est
2620 1769 2748 1824 tota
2806 1762 2940 1825 haec
2998 1762 3368 1823 difficultas
3420 1796 3502 1806 —

389 1875 495 1919 eos
536 1858 943 1939 particularia
982 1878 1095 1920 seu
1133 1858 1480 1939 singularia
1520 1867 1647 1920 tam
1688 1858 1891 1922 homi·
1927 1862 1974 1924 B
2003 1859 2178 1931 Quod
2242 1858 2295 1921 si
2353 1860 2890 1941 apprehensiones
2962 1860 3320 1922 animarum
3386 1878 3502 1923 no-

391 1976 546 2019 num
576 1976 770 2039 quam
801 1957 1068 2019 aliarum
1102 1976 1338 2031 rerum,
1372 1958 1762 2019 incessanter
1789 1959 1894 2020 ad-

389 2056 654 2117 discere.
709 2057 996 2138 Insuper,
1048 2075 1250 2137 quum
1305 2056 1477 2118 dicat
1523 2056 1892 2119 Aristoteles

390 2154 745 2217 obtinuisse
787 2172 854 2217 se
895 2155 1191 2236 spiritum
1234 2154 1344 2236 qui
1386 2155 1464 2216 de
1505 2153 1666 2217 coelo
1699 2154 1895 2216 Vene-

393 2253 478 2314 ris
517 2253 593 2314 ad
637 2253 850 2335 ipsum
897 2253 1244 2327 descendit,
1277 2253 1354 2314 de
1399 2252 1586 2333 cujus
1630 2250 1891 2314 obtentu

392 2359 452 2412 et
485 2351 916 2413 familiaritate
947 2350 1252 2431 gloriatus
1283 2359 1410 2429 est;
1450 2368 1600 2431 ergo
1630 2350 1892 2432 spiritus

396 2450 501 2511 ille
542 2449 720 2512 novit
749 2449 1152 2512 Aristotelem
1193 2456 1258 2511 et
1296 2448 1462 2511 facta
1505 2448 1706 2530 ipsius
1740 2468 1754 2511 :
1790 2448 1892 2509 cui

397 2546 932 2609 familiarissimus
977 2555 1042 2609 et
1081 2547 1266 2628 cujus
1308 2546 1707 2627 jussionibus
1751 2546 1896 2608 obe—

397 2645 832 2707 dientissimus
863 2644 1009 2718 fuit,
1034 2645 1385 2707 secundum
1422 2644 1592 2725 quod
1625 2644 1896 2725 ipsemet

395 2743 754 2806 Aristoteles
784 2743 958 2805 dixit.
976 2744 1097 2805 Sed
1129 2741 1636 2824 supernaturalia
1665 2750 1727 2803 et
1756 2760 1894 2823 quae

397 2841 765 2904 naturaliter
823 2841 972 2903 sciri
1031 2848 1358 2921 nequeunt
1417 2859 1534 2901 nec
1586 2840 1891 2921 praesciri,

396 2940 710 3002 daemones
753 2957 879 3001 non
931 2947 1320 3019 cognoscunt
1363 2937 1487 3000 nisi
1531 2936 1631 2999 vel
1675 2956 1893 3019 super—

2003 1965 2277 2019 strarum
2342 1957 2722 2039 profundius
2788 1966 3219 2040 perscrutatus
3278 1958 3500 2033 fueriS,

2002 2063 2296 2118 occurret
2356 2055 2475 2118 tibi
2540 2057 2618 2118 de
2680 2057 2772 2118 eis
2836 2056 3067 2119 similis
3129 2055 3499 2119 difficultas.

2002 2153 2210 2226 Quum
2268 2155 2440 2216 enim
2500 2172 2732 2235 organa
2790 2174 3096 2217 sensuum
3155 2155 3505 2236 corporalia

2003 2252 2152 2325 sint,
2198 2252 2463 2335 spiritus
2511 2271 2765 2335 quoque
2814 2253 2925 2334 qui
2978 2251 3041 2314 in
3092 2251 3503 2315 interioribus

2002 2350 2215 2413 nervis
2262 2359 2432 2424 sunt,
2468 2370 2581 2432 per
2625 2369 2784 2432 quos
2833 2350 3002 2413 fiunt.
3051 2350 3503 2433 impressiones

2003 2448 2067 2509 in
2117 2448 2455 2510 animabus
2501 2449 2757 2523 nostris,
2802 2450 3157 2531 corporales
3206 2468 3345 2511 esse
3396 2467 3505 2511 no-

2002 2555 2291 2621 scuntur,
2343 2547 2640 2609 videlicet
2692 2548 2991 2611 humores
3042 2547 3343 2627 subtiles3
3392 2566 3501 2609 ne-

2002 2663 2179 2707 cesse
2228 2652 2323 2707 est
2372 2645 2617 2707 animas
2676 2653 2921 2708 nostras
2971 2645 3100 2727 pati
3149 2646 3372 2708 saltem
3419 2644 3500 2707 ab

2001 2742 2371 2823 hujusmodi
2403 2742 2835 2824 spiritibuS,et
2863 2743 3317 2807 similitudines
3350 2743 3502 2806 istas

2001 2840 2306 2922 recipere.
2351 2840 2513 2913 Quid
2554 2840 2767 2922 itaque
2815 2842 3071 2914 mirum,
3107 2841 3159 2903 si
3202 2862 3239 2903 a
3282 2860 3501 2923 corpo-

2003 2937 2185 2999 ribus
2217 2938 2542 3020 patiantur
2581 2939 2951 3001 substantiae
2982 2939 3107 3001 illae
3134 2958 3245 3001 seu
3277 2940 3504 3002 daemo-

395 3056 621 3100 norum
672 3037 1054 3099 revelatione
1115 3037 1481 3119 spirituum,
1534 3036 1635 3098 vel
1685 3036 1894 3116 conje-
1928 3042 1971 3106 C
2003 3056 2138 3109 neS,
2181 3055 2307 3098 non
2356 3036 2647 3099 obstante
2695 3037 3143 3119 spiritualitate
3194 3038 3499 3119 ipsarum,

395 3136 592 3198 cturis
626 3156 639 3200 :
677 3136 844 3198 unde
888 3135 965 3196 de
1008 3134 1242 3197 talibus
1293 3135 1636 3216 praedicere
1685 3153 1757 3195 ac
1801 3134 1894 3195 di-

394 3234 610 3297 vinare
646 3233 956 3296 nituntur.
984 3232 1323 3296 Enimvero
1353 3234 1507 3294 dum
1535 3231 1894 3313 justissimo

393 3332 704 3395 Creatoris
757 3331 1002 3413 judicio
1052 3331 1310 3412 quidam
1369 3331 1659 3394 homines
1719 3330 1894 3393 mali-

392 3432 532 3511 gnis
574 3429 908 3513 spiritibus
951 3430 1284 3492 traduntur
1313 3429 1606 3503 vexandi,
1641 3430 1760 3491 hoc
1801 3430 1892 3491 eis

393 3550 468 3593 ex
497 3529 884 3593 revelatione
917 3528 1276 3602 innotescit,
1301 3546 1459 3611 quos
1490 3536 1553 3590 et
1581 3536 1892 3611 quantum

393 3630 628 3691 debent
676 3646 926 3699 vexare,
979 3645 1057 3688 ne
1119 3626 1261 3689 illos
1306 3634 1534 3688 vexent
1587 3645 1704 3709 pro
1763 3646 1894 3689 suae

395 3726 811 3808 malignitatis
859 3725 1195 3799 desideri0‚
1241 3726 1352 3787 sed
1401 3741 1517 3807 pro
1567 3724 1678 3786 Dei
1728 3724 1893 3787 arbi-

395 3825 536 3889 trio.
571 3823 768 3905 Cujus
807 3824 1173 3905 exemplum
1213 3822 1474 3885 evidens
1513 3830 1608 3885 est
1649 3823 1712 3885 in
1754 3842 1892 3885 san-

398 3933 499 3988 cto
538 3924 676 3986 Job.

474 4024 668 4087 Porro
714 4020 987 4103 qualiter
1041 4038 1222 4084 novae
1278 4020 1560 4084 scientias
1619 4020 1891 4103 particu-

393 4108 622 4187 larium
663 4126 726 4183 et
765 4119 1168 4181 sensibilium
1214 4138 1428 4181 rerum
1471 4119 1536 4181 in
1575 4118 1667 4181 eis
1706 4118 1888 4194 fiant,

1981 3154 2203 3216 ‘quum
2255 3134 2671 3216 spiritualitas
2730 3135 3087 3208 animarum
3141 3145 3499 3200 nostrarum

2004 3250 2130 3295 non
2181 3233 2487 3315 impediat
2530 3232 2687 3314 quin
2738 3233 3058 3315 patiantur
3095 3253 3131 3295 a
3170 3234 3503 3317 spiritibus

2004 3331 2130 3393 illis
2176 3349 2541 3406 nervorum,
2584 3332 2695 3413 qui
2746 3332 3009 3413 spiritus
3054 3351 3318 3415 corpora
3362 3352 3501 3396 esse

2004 3447 2130 3491 non
2158 3428 2571 3510 ambiguntur
2591 3432 2614 3489 ’ἐ
2634 3465 2715 3473 -
2735 3429 3057 3504 Praeterea,
3092 3448 3169 3492 ex
3200 3432 3502 3493 narratio-

2003 3529 2194 3590 nibus
2239 3527 2741 3590 Christianorum
2790 3534 2851 3589 et
2898 3527 3327 3602 Hebraeorum,
3370 3529 3500 3594 imo

2004 3634 2066 3689 et
2101 3626 2599 3700 idololatrarum,
2643 3633 2889 3689 constat
2924 3626 3243 3690 daemones
3285 3628 3495 3703 irasci,

2004 3725 2239 3799 dolere,
2299 3724 2565 3797 offendi,
2627 3723 2883 3807 placari.
2945 3725 3032 3787 De
3089 3724 3499 3806 ligationibus

2004 3826 2156 3886 item
2200 3841 2420 3885 eorum
2459 3831 2648 3905 atque
2691 3822 3098 3898 clamoribus,
3132 3823 3211 3886 ab
3240 3824 3503 3887 exordio

2005 3924 2385 4005 evangelicas
2434 3923 2589 4003 legis
2640 3923 2897 4005 ipsimet
2941 3923 3257 3987 daemones
3300 3924 3499 3988 fidem

2002 4022 2315 4096 fecerunt,
2365 4022 2772 4104 protestando
2826 4041 2895 4085 se
2942 4022 3211 4085 cruciari
3262 4042 3299 4085 a
3346 4024 3502 4087 viris

2003 4120 2239 4184 sanctis
2267 4139 2340 4182 ac
2370 4116 2631 4200 angelis.
2667 4118 2841 4182 Libri
2877 4138 3131 4203 quoque
3170 4140 3501 4204 magorum

391 4220 808 4303 quaestionem
835 4218 1026 4280 habet
1050 4217 1400 4290 difficilem,
1417 4236 1616 4299 quum
1642 4216 1891 4280 arebus
1922 4224 1971 4286 D
2002 4221 2137 4283 sive
2188 4218 2679 4293 maleficiorum,
2730 4218 2784 4281 si
2836 4226 3046 4281 tamen
3104 4218 3198 4283 eis
3244 4222 3500 4284 creden-

391 4320 520 4383 illis
560 4318 722 4380 nihil
763 4316 1096 4399 recipiant.
1129 4317 1281 4380 Dico
1313 4334 1481 4397 ergo,
1515 4316 1684 4398 quod
1720 4316 1890 4398 apud

394 4416 784 4481 Christianos
823 4414 1063 4478 aliosve
1103 4432 1540 4497 quoscumque
1583 4421 1890 4497 ponentes

395 4517 636 4579 animas
674 4523 820 4577 ante
851 4514 1134 4576 suturam
1175 4514 1705 4576 resurrectionem
1747 4512 1891 4594 igne

397 4614 675 4697 torqueri
715 4613 1042 4695 gehennae,
1076 4631 1202 4675 non
1248 4619 1576 4694 reputatur
1618 4611 1892 4674 multum

402 4714 711 4787 mirabile,
746 4712 799 4774 si
829 4712 909 4773 ab
939 4711 1081 4773 aliis
1113 4712 1302 4773 rebus
1341 4708 1754 4772 sensibilibus
1788 4729 1893 4792 pa-

401 4814 634 4875 tiantur
672 4810 1124 4872 immateriales
1154 4817 1216 4871 et
1249 4815 1551 4890 separatae
1587 4807 1712 4870 illae
1745 4808 1892 4870 sub-

399 4910 662 4983 stantiae,
715 4907 1066 4991 praesertim
1129 4906 1532 4987 passionibus
1591 4926 1732 4987 quae
1789 4925 1894 4969 eas

401 5028 522 5073 non
568 5008 819 5081 laedant,
854 5007 963 5069 sed
1009 5006 1219 5089 potius
1262 5006 1489 5086 juvent
1529 5012 1720 5085 atque
1759 5024 1896 5067 eru-

403 5109 571 5170 diant
613 5126 626 5171 :
673 5105 969 5191 quamvis
1012 5103 1240 5166 modus
1284 5103 1634 5206 recipiendi
1677 5122 1750 5165 ac
1791 5122 1896 5185 pa-

405 5203 600 5267 tiendi
647 5224 775 5269 non
825 5203 1033 5267 solum
1085 5202 1152 5264 in
1199 5202 1293 5264 eis
1344 5200 1657 5263 mirabilis
1698 5210 1761 5263 et
1803 5202 1897 5263 in-

408 5309 597 5367 ventu
637 5302 926 5368 difficilis
971 5301 1074 5378 sit,
1107 5301 1217 5364 sed
1254 5301 1446 5364 etiam
1487 5301 1553 5363 in
1597 5300 1899 5383 potentiis

2002 4319 2156 4381 dum
2188 4325 2304 4392 est,
2328 4318 2405 4380 de
2436 4315 2868 4398 ligationibuS,
2892 4316 3497 4383 incarcerationibus

2003 4425 2066 4480 et
2109 4414 2577 4479 inclusionibus
2620 4416 2979 4479 daemonum
3023 4434 3187 4499 pene
3230 4417 3497 4482 incredi-

2004 4516 2158 4579 bilia
2189 4522 2463 4578 narrant..
2500 4514 2575 4576 Et
2605 4514 2918 4597 quidquid
2948 4515 3030 4577 sit
3059 4516 3135 4577 de
3164 4516 3278 4591 eiS,
3312 4516 3495 4579 dubi-

2003 4615 2121 4677 tari
2172 4623 2384 4676 tamen
2416 4620 2561 4677 'non
2609 4612 2797 4675 debet
2844 4630 2953 4675 eos
3002 4633 3039 4675 a
3085 4614 3497 4678 sensibilibus

2005 4713 2194 4775 rebus
2238 4720 2347 4774 aut
2388 4730 2500 4793 per
2540 4730 2645 4773 eas
2686 4711 3015 4793 acquirere
3059 4729 3252 4775 novas
3298 4714 3499 4775 scien·
3586 4791 3589 4794 ι

2003 4812 2122 4873 tias
2153 4818 2218 4874 et
2246 4810 2661 4894 particulares
2702 4810 2959 4872 notitias
3000 4810 3402 4873 sensibilium
3439 4820 3501 4875 et

2006 4908 2488 4991 particularium
2521 4926 2757 4982 rerum,
2792 4927 3197 4990 quacumque
3231 4912 3504 4973 occasio-

2006 5026 2085 5068 ne
2129 5025 2241 5069 seu
2288 5006 2473 5068 modo
2516 5005 2635 5068 hoc
2675 4994 2809 5067 fiat.

2084 5105 2213 5167 Nec
2262 5104 2497 5166 mirum
2542 5102 2661 5166 tibi
2710 5103 2913 5166 videri
2960 5104 3170 5179 debet,
3215 5106 3375 5169 mira
3412 5105 3503 5169 fa-

2009 5203 2248 5266 cilitate
2301 5211 2364 5264 et
2412 5204 2743 5266 occasione
2798 5202 3124 5265 levissima
3180 5203 3300 5268 hoc
3356 5205 3500 5269 fieri

2010 5300 2180 5385 apud
2222 5318 2351 5376 eOS,
2397 5319 2598 5383 quum
2643 5300 2709 5363 in
2758 5300 3096 5365 animabus
3144 5304 3377 5367 nostris
3418 5304 3501 5368 si·
