4334 6242
142 880 218 922 Gen.
232 892 275 926 m,
292 879 327 920 6.

626 497 828 543 maun
870 497 1093 544 ANGELI
1135 497 1469 543 POTUERINT
1512 495 1800 552 Pssccann,
1842 495 1915 540 m·
1956 495 2077 550 QUA
2122 494 2328 540 SPEcm
2372 493 2620 541 PECGATI
2660 493 2856 550 ATQUE
2899 493 3195 550 QUAUTER

3338 471 3456 537 315

368 666 644 729 Luciferi
678 667 1105 749 superbientis
1131 687 1145 730 t
1171 667 1339 748 quod
1373 666 1495 728 fuit
1524 665 1859 748 superbia;
1890 664 1941 726 A
1970 672 2065 725 est
2094 671 2459 745 apostatare,
2475 683 2592 726 nec
2622 682 2834 726 amare
2863 663 3298 726 excellentiam
3327 679 3466 744 pro-

368 767 904 847 quemadmodum
943 765 1140 827 Adam
1191 765 1425 826 dicitur
1473 765 1859 846 superbisse,

368 864 670 945 quoniam
708 863 1103 945 superbienti
1145 863 1466 926 consensit
1506 863 1705 925 uxori.
1742 862 1861 924 Sed

366 961 485 1022 hoc
536 980 664 1025 non
706 961 959 1023 videtur
1008 961 1358 1044 probabile,
1402 962 1571 1043 quod
1620 961 1863 1022 scilicet

365 1060 573 1140 angeli
606 1061 883 1123 minores
914 1061 1093 1142 prius
1123 1060 1505 1142 appetierint
1532 1059 1735 1133 alteri,
1755 1079 1866 1140 pu-

368 1166 425 1218 ta
458 1158 775 1232 Lucifer0‚
808 1158 1064 1240 aliquod
1104 1159 1344 1221 bonum
1384 1156 1860 1230 commutabile,

365 1274 557 1337 quam
600 1257 723 1319 sibi
772 1257 950 1338 ipsiS,
984 1277 1184 1339 quum
1226 1256 1731 1338 uniuscujusque
1772 1255 1862 1317 af-

365 1353 573 1417 fectus
625 1355 899 1418 maxime
945 1355 1206 1436 junctus
1253 1354 1334 1417 sit
1382 1355 1527 1427 sibi,
1573 1363 1636 1416 et
1684 1354 1862 1436 prius

365 1461 621 1534 appetat
666 1453 1019 1516 inordinate
1064 1453 1189 1516 sibi
1232 1473 1421 1535 quam
1465 1454 1669 1526 alteri,
1702 1460 1765 1513 et
1808 1452 1861 1514 si

366 1550 571 1624 alteri,
628 1559 838 1614 tamen
889 1560 1147 1633 propter
1195 1571 1262 1614 se
1309 1552 1430 1613 hoc
1478 1550 1648 1613 facit.
1702 1550 1861 1612 Hinc

366 1649 473 1711 alii
510 1650 756 1724 dicunt,
789 1651 959 1732 quod
1000 1650 1449 1732 superbierunt
1488 1668 1615 1712 non
1656 1649 1859 1711 solum

368 1747 845 1821 consentiendo,
897 1749 1007 1809 sed
1054 1757 1118 1810 et
1166 1748 1288 1810 sibi
1349 1749 1505 1829 ipsis
1554 1747 1863 1809 excellen-

1970 761 2323 844 priam,sed
2354 763 2794 825 excellentiam
2828 762 3006 844 quasi
3039 779 3463 834 communem,

1971 861 2274 942 quoniam
2329 862 2403 923 ad
2457 879 2860 924 communem
2921 862 3249 924 ordinatur
3303 859 3470 921 utili-

1972 967 2185 1022 tatem.
2239 959 2398 1022 Hinc
2449 961 2626 1023 radix
2685 960 3000 1042 superbiae
3053 959 3288 1021 diaboli
3348 957 3470 1019 fuit

1974 1057 2312 1138 cupiditaS,
2367 1057 2516 1138 quia
2566 1076 2833 1138 praeesse
2881 1056 3148 1138 appetiit
3194 1055 3278 1118 ob
3328 1071 3469 1136 pro-

1975 1156 2187 1237 prium
2239 1156 2645 1218 commodum
2699 1156 2798 1217 vel
2855 1155 3178 1216 honorem.
3229 1190 3309 1199 —
3353 1153 3470 1214 Ve-

1975 1261 2335 1316 rumtamen
2376 1271 2502 1316 non
2547 1253 2812 1334 appetiit.
2849 1252 3275 1335 aequalitatem
3317 1250 3473 1313 divi-

1976 1371 2121 1413 nam
2166 1353 2229 1413 in
2272 1351 2528 1433 propria
2567 1353 2829 1425 ratione,
2863 1371 2980 1413 nec
3019 1370 3156 1414 esse
3199 1359 3266 1412 ut
3305 1352 3471 1414 Deus

1975 1449 2094 1512 sub
2140 1450 2257 1511 hac
2303 1449 2545 1512 ratione
2589 1450 3004 1531 simpliciter3
3046 1450 3156 1511 sed
3202 1451 3471 1531 appetiit

1976 1549 2133 1609 illud
2165 1548 2333 1630 quod
2376 1548 2429 1609 si
2469 1548 2849 1610 obtinuisset
2879 1566 2953 1610 eo
2991 1548 3174 1611 modo
3204 1566 3332 1629 quo
3365 1569 3473 1631 ap-

1977 1647 2180 1728 petiit,
2223 1654 2390 1709 esset
2431 1646 2692 1727 aequalis
2740 1647 2866 1708 Deo
2911 1665 3023 1708 seu
3073 1647 3239 1709 sicut
3282 1649 3466 1710 Deus.

1976 1745 2224 1806 Etenim
2271 1745 2517 1806 cunctis
2566 1764 2834 1825 praeesse
2877 1752 2939 1806 et
2983 1745 3141 1807 nulli
3187 1746 3469 1820 subesse,

370 1846 523 1908 tiam
568 1847 945 1928 appetendo,
984 1847 1318 1928 Quumque
1362 1866 1429 1908 se
1474 1864 1600 1907 non
1644 1846 1860 1906 crede·
1898 1846 1946 1908 B
1976 1850 2071 1904 est
2113 1843 2446 1924 proprium
2491 1843 2621 1904 Dei.
2657 1842 2963 1906 Similiter
3003 1843 3238 1906 habere
3279 1844 3473 1906 beati-

370 1951 507 2005 rent
551 1961 738 2025 posse
780 1944 859 2004 ad
902 1943 1057 2005 illud
1105 1944 1462 2026 pertingere
1506 1943 1643 2004 sine
1685 1943 1865 2004 Luci-

368 2040 484 2102 feri
546 2040 961 2114 sublimitate,
1014 2042 1124 2123 qui
1176 2050 1308 2103 erat
1355 2049 1425 2102 ut
1473 2049 1684 2122 caput,
1738 2048 1862 2101 tam

370 2139 490 2200 sibi
542 2159 737 2221 quam
784 2138 878 2201 illi
930 2139 1367 2202 excellentiam
1419 2145 1797 2220 optaverunt
1848 2155 1861 2198 :

370 2238 590 2319 sicque
650 2238 905 2318 proprie
961 2237 1432 2319 superbierunt,
1504 2246 1693 2318 atque
1758 2256 1865 2298 su-

372 2335 607 2416 perbiae
647 2343 1123 2397 consenserunt.
1168 2336 1309 2396 Fuit
1353 2353 1607 2416 quoque
1645 2352 1866 2396 eorum

371 2433 673 2514 superbia
712 2432 1056 2496 conformis
1092 2432 1407 2514 superbia}
1443 2433 1753 2515 principis
1787 2441 1870 2495 te-

371 2531 737 2605 nebrarum,
788 2531 898 2613 qui
958 2532 1344 2594 naturalium
1404 2550 1665 2594 suorum
1714 2540 1868 2593 stre-

372 2631 705 2704 nuitatem,
758 2631 1196 2694 excellentiam
1250 2631 1868 2713 praecellentiamque

373 2728 797 2809 conspicienS,
858 2727 1061 2791 voluit
1118 2728 1455 2810 praesidere
1515 2736 1577 2790 et
1636 2728 1699 2789 in
1756 2748 1870 2790 sua

374 2825 748 2888 auctoritate
803 2825 1151 2907 quiescere.
1205 2827 1393 2888 Porro
1444 2828 1761 2889 daemones
1810 2827 1866 2888 ei

374 2923 671 3002 subjecti,
705 2941 832 2985 non
876 2932 1025 2986 sunt
1062 2924 1199 2985 ausi
1245 2932 1488 2986 tantum
1532 2932 1867 3006 appetere3

1977 1941 2262 2003 tudinem
2324 1961 2400 2002 ex
2459 1941 2637 2003 nullo
2697 1941 2944 2015 merit-0,
3006 1960 3122 2003 nec
3182 1960 3298 2003 suo
3353 1961 3470 2004 nec

1973 2039 2202 2112 alien0,
2266 2040 2564 2102 convenit
2625 2039 2741 2101 soli
2806 2041 2950 2101 Deo,
3004 2076 3085 2085 —
3141 2040 3471 2122 Multiplex

1975 2156 2228 2219 quoque
2269 2145 2366 2200 est
2407 2137 2782 2211 similitudo,
2827 2138 3124 2200 videlicet
3159 2158 3171 2201 :
3207 2145 3468 2211 naturae,

1974 2243 2037 2297 et
2066 2236 2302 2317 gratim,
2336 2255 2409 2298 ac
2441 2237 2679 2318 gloriae,
2714 2255 2983 2318 quarum
3024 2235 3324 2318 quaelibet
3364 2255 3472 2318 po-

1977 2342 2097 2396 test
2127 2335 2338 2416 appeti
2377 2335 2700 2414 ordinate3
2741 2343 2965 2416 quarta
2993 2343 3090 2397 est
3120 2335 3472 2397 similitudo

1977 2432 2470 2514 aequiparantiae,
2513 2453 2653 2515 quae
2701 2433 3066 2496 nullatenus
3113 2442 3207 2495 est
3256 2441 3474 2515 optan-

1979 2532 2074 2593 da.
2111 2532 2253 2595 Haec
2295 2532 2665 2594 Alexander.

2062 2729 2328 2810 Insuper
2375 2709 2452 2791 de
2509 2729 2607 2790 his
2657 2728 3192 2791 Antisiodorensis
3251 2729 3474 2792 scribit

1981 2827 2217 2888 diffuse
2252 2847 2265 2889 :
2301 2827 2484 2907 cujus
2515 2827 2684 2888 dicta
2714 2826 3174 2889 sententialiter
3201 2836 3348 2889 sunt
3380 2828 3473 2890 in·

1981 2926 2188 2987 ducta.
2241 2925 2690 2986 Verumtamen
2739 2932 2932 2996 tenet,
2985 2926 3153 3006 quod
3211 2926 3474 3006 angelus

374 3022 478 3082 sed
522 3021 909 3084 naturalium
945 3041 1204 3084 suorum
1247 3023 1683 3085 strenuitatem
1717 3042 1869 3104 pen·
1908 3023 1951 3086 C
1985 3022 2292 3104 reprobus
2349 3022 2612 3103 appetiit
2664 3022 3155 3084 similitudinem
3203 3024 3478 3106 aequipa-

375 3119 953 3192 santesst'olucrunt
980 3120 1101 3181 sub
1132 3120 1359 3183 umbra
1391 3120 1563 3184 illius
1595 3122 1874 3202 quiesce-

376 3235 463 3288 re,
492 3217 579 3278 ita
608 3218 778 3298 quod
810 3235 936 3279 non
971 3217 1424 3293 ministrarent,
1458 3220 1567 3280 sed
1598 3221 1868 3300 quadam

378 3314 494 3376 sub
554 3315 665 3377 illo
724 3315 1080 3397 potirentur
1138 3316 1495 3378 voluntaria
1556 3316 1868 3389 libertate,

380 3432 567 3494 quam
614 3413 916 3475 videbant
965 3433 1031 3475 se
1082 3431 1207 3475 non
1260 3431 1441 3494 posse
1492 3414 1611 3476 sub
1655 3415 1874 3476 divino

382 3510 612 3572 habere
662 3511 951 3592 imperio.
1007 3511 1449 3591 cognoverunt
1496 3519 1709 3584 autem
1770 3533 1875 3574 an-

380 3609 523 3688 geli,
556 3607 756 3670 factos
785 3627 852 3670 se
882 3627 1020 3670 esse
1051 3609 1127 3670 ad
1164 3608 1672 3691 participandum
1704 3611 1875 3692 quie-

385 3707 460 3768 tis
499 3704 983 3780 beatitudinem‚
1018 3714 1080 3768 et
1118 3708 1195 3768 ad
1236 3707 1696 3788 acquirendum
1734 3727 1871 3770 eam

385 3822 495 3885 per
522 3821 715 3886 opera
752 3811 941 3885 atque
973 3804 1280 3886 obsequia
1309 3824 1442 3866 sua.
1476 3806 1545 3867 ln
1576 3806 1694 3869 hoc
1726 3824 1874 3886 ergo

384 3902 851 3984 superbierunt,
886 3903 1053 3984 quod
1094 3903 1232 3965 sine
1264 3903 1507 3966 meritis
1538 3904 1875 3966 voluerunt

386 4018 519 4062 esse
549 3999 741 4076 beati,
773 4007 835 4062 et
866 4000 1003 4062 sine
1034 4001 1391 4063 ministerio
1421 4003 1768 4083 quiescere,
1801 4022 1874 4064 ac

387 4098 521 4160 sine
571 4098 774 4160 limite
825 4099 1149 4180 propriam
1198 4100 1588 4162 voluntatem
1654 4100 1876 4182 imple-

1983 3122 2202 3184 rantiae
2247 3121 2380 3193 Dei,
2417 3121 2476 3182 id
2521 3129 2617 3182 est
2659 3120 3083 3202 aequalitatem
3135 3141 3280 3183 cum
3325 3123 3474 3196 De0,

1982 3219 2203 3282 volens
2263 3237 2530 3300 praeesse
2578 3226 2642 3280 et
2692 3236 2817 3280 non
2876 3218 3138 3280 subesse
3191 3237 3205 3280 ε
3257 3219 3476 3301 sicque

1982 3317 2185 3379 voluit
2217 3335 2436 3398 rapere
2471 3316 2792 3389 deitatem,
2829 3325 3086 3397 propter
3116 3318 3285 3398 quod
3324 3318 3480 3380 ami-

1982 3415 2065 3475 sit
2096 3413 2581 3475 felicitatem.—
2603 3414 2937 3495 Quumque
2967 3413 3289 3494 objicitur,
3309 3416 3477 3496 quod

1984 3510 2105 3572 fuit
2158 3510 2726 3593 perspicacissimae
2776 3510 3057 3584 rationiS,
3101 3529 3250 3591 ergo
3293 3513 3482 3574 scivit

1986 3609 2103 3671 hoc
2137 3608 2532 3690 impossibile
2563 3626 2738 3688 esse;
2780 3609 3138 3690 respondet,
3172 3609 3341 3690 quod
3376 3610 3481 3673 ha-

1987 3705 2312 3769 bitualiter
2357 3706 2472 3768 hoc
2518 3707 2794 3787 agnovit,
2829 3707 2938 3768 sed
2984 3707 3480 3788 pulchritudinis

1986 3824 2115 3866 suae
2147 3805 2636 3866 considerationi
2669 3805 2970 3878 intentuS,
2993 3805 3325 3867 actualiter
3352 3823 3480 3868 non

1987 3902 2258 3964 advertit
2298 3921 2416 3964 nec
2461 3903 2750 3964 contulit.

2067 4000 2310 4062 Recitat
2346 4017 2599 4082 quoque
2644 4001 3180 4082 quemadmodum
3221 4001 3479 4082 quidam

1986 4098 2284 4160 dixerunt
2324 4099 2604 4179 primum
2649 4107 2982 4180 peccatum
3025 4099 3304 4161 Luciferi
3343 4118 3480 4161 esse

386 4215 449 4258 re
494 4214 507 4258 :
551 4198 721 4278 quod
770 4205 973 4259 totum
1028 4197 1149 4258 fuit
1196 4198 1531 4279 superbiae,
1584 4199 1875 4279 quamvis
1907 4202 1956 4262 D
1986 4195 2419 4269 omissionem,
2453 4196 2736 4258 dicentes
2767 4197 2932 4277 quod
2965 4197 3356 4279 quicumque
3386 4216 3484 4259 ac-

384 4313 507 4356 non
551 4303 737 4358 tantae
778 4295 945 4358 sicut
982 4296 1281 4357 omnibus
1312 4297 1475 4358 velle
1507 4316 1775 4378 praeesse
1813 4305 1876 4358 et

386 4393 540 4454 nulli
584 4393 867 4455 subesse.
904 4395 1046 4456 Haec
1089 4395 1543 4456 Bonaventura.

460 4491 811 4553 Concordat
865 4491 1238 4565 Alexander,
1302 4491 1465 4553 inter
1524 4501 1732 4554 cetera
1788 4492 1873 4554 lo-

381 4609 579 4670 quens
615 4609 630 4652 :
663 4589 945 4651 Primum
988 4598 1319 4671 peccatum
1351 4589 1585 4651 diaboli
1616 4589 1739 4652 fuit
1769 4611 1870 4652 su-

382 4687 618 4768 perbia,
671 4694 735 4749 et
782 4688 959 4750 radix
1016 4688 1157 4768 ejus
1212 4688 1561 4769 cupiditas:
1612 4707 1729 4750 nec
1777 4698 1872 4751 est

380 4786 693 4868 oppositio
727 4785 891 4847 inter
920 4786 1053 4848 haec
1084 4805 1151 4848 sc
1184 4787 1269 4847 ita
1299 4786 1614 4848 habentia.
1644 4789 1874 4870 Super—

382 4885 481 4946 bia
512 4884 753 4967 quippe
784 4904 925 4966 quae
954 4892 1049 4946 est
1078 4885 1353 4966 speciale
1392 4893 1744 4967 peccatum,
1778 4895 1874 4948 est

381 5001 555 5045 amor
604 5002 717 5044 seu
766 4983 1085 5064 appetitus
1139 4984 1411 5065 propriae
1458 4985 1869 5058 excellentiae‚

386 5079 469 5141 ita
513 5081 683 5162 quod
734 5079 852 5142 hoc
902 5080 1069 5162 quod
1118 5080 1281 5154 dico,
1327 5084 1644 5158 proprias,
1694 5091 1875 5146 sonet

390 5179 451 5240 in
508 5179 785 5259 culpam.
840 5177 993 5240 Nam
1058 5186 1261 5259 potest
1310 5180 1455 5260 quis
1504 5200 1715 5243 amare
1763 5201 1873 5243 seu

390 5278 548 5340 velle
610 5295 878 5360 praeesse
928 5285 1185 5359 propter
1229 5278 1428 5340 Deum
1474 5297 1487 5341 :
1532 5280 1700 5361 quod
1749 5299 1875 5344 non

1985 4295 2240 4357 tualiter
2281 4302 2519 4375 peccat,
2552 4303 2771 4376 peccat
2809 4295 2999 4357 etiam
3041 4314 3154 4377 per
3195 4297 3482 4360 omissio-

1984 4413 2130 4455 nem
2176 4412 2189 4455 :
2233 4392 2398 4453 sicut
2448 4393 2556 4474 qui
2607 4391 2975 4468 fornicatur,
3017 4403 3235 4475 peccat
3283 4394 3479 4458 forni-

1984 4491 2298 4553 cationem
2329 4509 2453 4553 non
2487 4491 2763 4553 vitando.
2797 4492 3130 4573 Quumque
3165 4512 3201 4555 a
3234 4493 3478 4556 Sanctis

1981 4589 2305 4663 asseritur,
2356 4589 2524 4670 quod
2585 4589 2865 4670 primum
2926 4600 3256 4671 peccatum
3308 4591 3478 4654 illius

1984 4686 2105 4749 fuit
2137 4688 2459 4770 superbia,
2483 4699 2811 4771 exponunt
2843 4690 2960 4752 hoc
2991 4691 3068 4752 de
3101 4691 3308 4772 primo
3339 4710 3480 4772 pee-

1984 4795 2123 4849 cato
2152 4788 2382 4850 actuali
2417 4789 2608 4850 illius.
2629 4789 2748 4850 Sed
2779 4796 2997 4850 contra
3026 4789 3143 4850 hoc
3175 4789 3478 4871 est,quod

1983 4887 2245 4967 angelus
2297 4886 2502 4967 potuit
2547 4887 2744 4948 vitare
2791 4894 3119 4967 peccatum
3167 4905 3290 4948 non
3337 4905 3482 4948 con-

1984 4985 2247 5048 ferendo
2281 4986 2414 5047 sive
2448 4985 2880 5047 ratiocinando
2914 5003 2927 5047 ε
2962 4985 3113 5065 quia
3146 5003 3344 5065 quum
3386 4984 3482 5046 fu-

1985 5085 2106 5146 erit
2139 5083 2320 5145 liberi
2362 5082 2632 5155 arbitrii,
2667 5083 2872 5164 potuit
2906 5083 3165 5145 flectere
3205 5083 3362 5144 illud
3402 5084 3478 5145 ad

1990 5183 2226 5244 bonum
2287 5181 2424 5242 sine
2475 5180 2827 5242 collatione.
2883 5181 3044 5261 Ergo
3090 5199 3216 5242 non
3267 5180 3477 5243 confe-

1990 5280 2207 5354 rendo,
2242 5297 2366 5342 non
2412 5279 2696 5362 peccavit
2736 5278 3078 5343 omissione
3113 5298 3127 5343 :
3165 5279 3294 5344 imo
3331 5297 3478 5342 con-
