4334 6242
1057 516 1258 563 Unum
1301 516 1530 562 ANGELI
1571 514 1754 563 PRAvl
1797 516 1934 562 SINT
1974 514 2291 563 OBSTINATI
2333 517 2397 563 IN
2439 520 2640 576 Vt'ruS,
2682 519 2809 567 ETC.

3363 500 3482 567 387

383 683 730 763 spirituum
782 692 953 747 tanta
1003 703 1141 747 esse
1193 684 1606 766 perversitate
1656 685 1876 767 depra-
1907 684 1958 747 A
1987 684 2211 747 eodem
2252 688 2440 750 modo
2484 690 2538 751 si
2584 690 2649 751 in
2690 707 2766 752 eo
2806 691 2976 771 quod
3024 688 3250 763 bonus,
3293 698 3356 751 et
3400 690 3487 751 ita

379 790 576 855 vataS,
629 791 699 844 ut
751 784 913 845 nihil
972 782 1123 845 boni
1180 784 1346 845 velle
1407 784 1651 864 possint
1706 783 1875 864 prin-

378 879 668 960 cipaliter
727 890 790 943 et
850 889 1110 964 propter
1165 901 1252 944 se.
1313 883 1637 944 Interdum
1699 883 1879 963 quip-

375 997 454 1060 pe
489 979 705 1061 aliqua
735 979 900 1042 bona
933 980 1303 1043 hominibus
1348 987 1716 1061 suggerunt,
1750 998 1878 1043 non

375 1078 676 1162 quoniam
728 1077 894 1141 bona
951 1088 1100 1141 sunt
1147 1087 1253 1141 aut
1308 1087 1594 1160 prosunt,
1647 1080 1757 1141 sed
1808 1086 1880 1140 ut

376 1178 501 1240 sint
531 1176 626 1239 eis
659 1176 724 1238 in
754 1177 1156 1240 occasionem
1197 1177 1566 1240 nocumenti
1600 1196 1713 1239 seu
1745 1196 1876 1239 ma-

376 1276 438 1337 li.
474 1274 670 1356 Cujus
714 1275 1082 1358 exemplum
1136 1283 1252 1349 est,
1297 1277 1465 1357 quod
1509 1276 1878 1339 hominibus

377 1392 532 1457 quos
597 1382 874 1437 noscunt
937 1394 1075 1437 esse
1141 1374 1493 1447 instabiles,
1556 1374 1878 1437 interdum

378 1481 724 1553 suggerunt
766 1473 1091 1554 religionis
1143 1474 1522 1555 ingressum,
1566 1480 1880 1555 quatenus

379 1570 574 1633 60510
601 1571 933 1653 apostasia}
965 1579 1297 1653 peccatum
1329 1572 1641 1633 1111106601.
1656 1571 1883 1645 Quum-

382 1688 502 1751 que
551 1670 922 1751 depravatio
966 1678 1028 1731 et
1073 1670 1435 1732 obscuratio
1485 1670 1718 1731 virium
1771 1690 1879 1751 ap·

382 1768 906 1849 prehensivarum
958 1768 1296 1843 nobilium,
1329 1769 1411 1830 sit
1455 1787 1532 1830 ex
1583 1768 1882 1850 deprava—

1987 784 2066 845 de
2108 784 2271 847 aliis,
2315 787 2490 860 Quod
2540 789 2592 851 si
2645 789 2789 870 quis
2839 789 3027 862 dicat,
3070 788 3221 870 quia
3264 807 3487 850 secun-

1986 884 2140 947 dum
2203 903 2457 947 omnem
2514 895 2873 970 respectum
2932 896 2995 949 et
3050 889 3303 949 modum
3359 886 3491 949 odit

1987 1000 2134 1043 eum
2180 983 2477 1066 princeps
2519 985 2623 1047 hic
2661 985 3091 1059 tenebrarum,
3126 985 3395 1067 ideoque
3430 983 3490 1046 ei

1987 1098 2066 1141 ex
2113 1084 2289 1144 omni
2342 1090 2517 1165 parte
2567 1084 3005 1165 ignotissimus
3054 1092 3151 1147 est
3198 1082 3488 1161 Creat0r3

1985 1196 2211 1242 verum
2258 1188 2353 1242 est
2394 1181 2535 1255 hoc,
2569 1181 2750 1263 juxta
2793 1200 3000 1245 meam
3047 1182 3483 1245 intentionem.

1986 1278 2147 1339 Vera
2186 1296 2462 1360 namque
2502 1278 2641 1360 ejus
2683 1280 2962 1361 cognitio
2991 1288 3087 1343 est
3116 1280 3490 1343 assimilatio

1989 1377 2427 1457 cognoscentis
2457 1377 2534 1440 ad
2565 1378 2912 1459 cognitum,
2928 1378 3110 1459 juxta
3139 1378 3307 1461 quod
3338 1377 3489 1442 scri-

1989 1482 2170 1555 ptum
2222 1484 2319 1537 est
2363 1494 2376 1537 :
2422 1476 2674 1540 Similes
2722 1476 2780 1539 ei
2828 1477 3090 1551 61111105,
3124 1477 3275 1559 0016
3316 1478 3487 1539 vide-

1990 1573 2203 1636 bimus
2243 1594 2390 1637 eum
2433 1575 2621 1638 sicuti
2661 1583 2774 1638 est.
2810 1576 3051 1639 Idcirco
3096 1574 3333 1658 impius
3377 1576 3484 1639 ille

1989 1673 2460 1737 dissimillimus
2505 1675 2632 1737 Deo
2675 1682 2770 1737 est
2812 1695 2925 1737 sua
2966 1675 3329 1738 vitiositate.
3372 1676 3487 1738 Per

1991 1770 2264 1834 effectus
2320 1781 2533 1835 autem
2587 1780 2647 1834 et
2696 1792 2887 1855 opera
2947 1774 3055 1836 Dei
3119 1774 3328 1856 ipsum
3386 1791 3488 1837 co-

381 1868 549 1930 tione
599 1875 662 1929 et
711 1867 1116 1949 perversione
1174 1867 1408 1929 virium
1470 1866 1874 1941 motivarum,
1915 1867 1962 1929 B
1991 1871 2241 1951 gnoscit
2276 1888 2289 1933 :
2324 1869 2488 1932 sieut
2534 1890 2649 1952 per
2687 1891 2866 1935 suam
2909 1873 3382 1955 depressionem
3426 1880 3490 1935 et

382 1966 560 2047 sequi
586 1965 1037 2046 videtur,quod
1069 1973 1306 2046 quanto
1339 1965 1538 2045 maj0r
1566 1972 1662 2025 est
1692 1983 1881 2026 causa

383 2062 851 2145 depravationis
897 2063 1289 2144 hujusmodi,
1333 2071 1508 2125 tanto
1551 2064 1631 2124 sit
1680 2062 1882 2143 major

382 2162 743 2225 obscuratio
793 2161 1100 2243 ipsorum.
1155 2163 1490 2242 Quumque
1542 2180 1881 2244 supremus

384 2260 805 2340 malignorum
848 2260 1194 2341 spirituum
1235 2260 1317 2321 sit
1353 2259 1626 2321 maxime
1660 2259 1882 2340 depra-

381 2366 562 2420 vatus
603 2359 671 2420 in
714 2358 970 2421 motivis
1012 2358 1258 2420 viribus
1299 2358 1456 2431 suis,
1489 2356 1670 2438 sequi
1708 2356 1881 2418 vide-

385 2466 505 2527 tur,
539 2458 711 2539 quod
750 2465 812 2519 et
851 2457 916 2518 in
947 2458 1011 2518 vi
1055 2456 1444 2519 intellectiva
1483 2456 1561 2518 sit
1605 2455 1882 2517 maxime

386 2556 758 2618 obscuratus
812 2572 826 2615 :
879 2554 1098 2636 sicque
1159 2555 1459 2636 princeps
1518 2554 1878 2616 daemonum

387 2653 954 2736 insipientissimus
993 2659 1160 2715 esset
1195 2660 1385 2733 atque
1424 2652 1656 2714 astutia
1699 2650 1885 2712 mini-

391 2772 529 2814 mus
573 2771 588 2815 :
633 2752 802 2833 quod
845 2767 1035 2813 nemo
1081 2750 1244 2811 dixit
1293 2768 1494 2831 usque
1541 2750 1769 2811 adhuc.
1804 2786 1885 2795 —

387 2851 538 2913 Dico
580 2866 752 2930 ergo,
790 2849 961 2930 quod
1004 2848 1368 2930 depravatio
1410 2847 1726 2909 affectivae
1769 2866 1883 2909 seu

390 2949 660 3021 motivae,
709 2947 980 3009 maxime
1025 2946 1323 3008 obscurat
1365 2946 1498 3007 vim
1549 2944 1882 3007 intellecti-

1992 1988 2244 2051 poenam
2306 1971 2589 2051 agnoscit
2638 1971 2947 2034 Creatoris
3004 1979 3379 2053 potestatem
3428 1978 3492 2032 et

1990 2068 2375 2149 aequitatem.
2410 2068 2621 2131 Nihilo
2663 2068 2875 2131 minus
2906 2069 3071 2141 11160,
3106 2069 3275 2151 quod
3314 2068 3490 2131 facil-

1990 2165 2219 2227 limum
2267 2165 2389 2227 fuit
2426 2166 2554 2229 Deo
2598 2184 2921 2229 reservare
2961 2167 3111 2229 huic
3156 2167 3491 2230 maledicto

1990 2271 2291 2345 apostatae
2342 2265 2620 2326 innatam
2670 2284 2852 2327 suam
2902 2265 3214 2338 notitiam,
3264 2283 3335 2327 ac
3387 2283 3492 2326 na-

1993 2361 2196 2423 turale
2237 2362 2303 2423 in
2345 2363 2780 2442 cognoscendo
2819 2382 3110 2436 acumen,
3145 2371 3207 2425 et
3246 2363 3388 2435 hoc,
3422 2363 3489 2425 in

1992 2460 2247 2541 gravius
2289 2460 2429 2541 ejus
2470 2468 2877 2523 tormentum.
2914 2462 3055 2525 Haec
3087 2462 3483 2524 GuillelmuS.

2073 2656 2254 2719 Nunc
2303 2656 2756 2738 perscrutanda
2802 2666 2951 2718 sunt
3000 2656 3276 2720 breviter
3332 2642 3487 2739 prze—

1996 2754 2213 2817 habita
2255 2753 2449 2817 verba
2491 2754 2679 2817 Scoti.

2074 2852 2292 2935 Itaque
2350 2854 2602 2935 quando
2660 2854 2753 2915 sic
2808 2853 3036 2934 arguit,
3086 2853 3149 2916 Si
3199 2854 3491 2916 voluntas

1994 2952 2274 3013 humana
2312 2970 2389 3013 ex
2430 2969 2495 3012 se
2536 2952 2613 3012 ad
2653 2951 2965 3031 justitiam
3012 2960 3223 3033 posset
3262 2953 3489 3029 redire,

385 3066 528 3109 vam
575 3054 834 3128 propter
880 3052 1168 3106 mutuam
1227 3044 1771 3126 propinquitatem
1820 3046 1963 3110 etc
1996 3049 2197 3113 multo
2256 3049 2455 3129 magis
2514 3049 2806 3110 voluntas
2865 3050 3189 3130 angelica3
3250 3058 3495 3114 constat

385 3144 845 3207 connexionem
903 3161 916 3205 :
971 3143 1509 3225 quemadmodum
1569 3142 1634 3203 in
1693 3160 1882 3205 avaro

385 3243 840 3326 conspicimus,
875 3241 1061 3321 eujus
1110 3241 1472 3303 intellectus
1515 3259 1592 3301 ex
1639 3240 1883 3322 cupidi-

381 3344 528 3405 tatis
570 3342 728 3404 vitio
776 3342 863 3403 ita
905 3340 1377 3413 obtenebratur,
1422 3347 1493 3401 ut
1542 3340 1880 3421 pecuniam

384 3440 901 3504 intellectualiter
949 3439 1300 3520 dijudicare
1351 3457 1476 3500 non
1525 3438 1752 3509 valeat,
1801 3456 1882 3500 an

384 3542 630 3603 scilicet
669 3538 942 3621 pecunia
983 3538 1339 3619 appetenda
1378 3537 1461 3599 sit
1502 3544 1761 3619 propter
1793 3556 1878 3609 se,

384 3660 462 3702 an
494 3637 976 3702 contemnenda.
1010 3636 1146 3697 Imo
1176 3634 1570 3697 teterrimum
1603 3634 1883 3697 avaritiae

387 3738 616 3800 vitium
661 3734 1147 3798 intolerabiliter
1191 3732 1344 3795 facit
1384 3740 1447 3795 et
1489 3732 1667 3814 quasi
1716 3732 1884 3813 cogit

389 3854 596 3899 errare
625 3854 888 3898 avarum
932 3834 1100 3895 circa
1140 3832 1502 3915 pecuniam,
1538 3831 1602 3893 in
1634 3839 1882 3894 tantum

387 3936 554 4017 quod
615 3952 782 3996 unus
841 3932 1203 3996 Italicorum
1265 3931 1424 3992 dixit
1475 3930 1881 4012 philosopho-

389 4052 528 4095 rum
555 4050 569 4096 :
603 4031 884 4095 Avaritia
917 4039 1012 4093 est
1045 4031 1358 4093 inhaerens
1389 4028 1608 4111 opinio
1637 4037 1698 4091 et
1731 4047 1882 4109 qua-

387 4133 438 4195 si
489 4130 703 4203 insita,
745 4130 916 4211 quod
969 4127 1240 4211 pecunia
1285 4144 1398 4208 per
1441 4145 1506 4189 se
1554 4126 1755 4207 ipsam
1801 4125 1884 4187 sit

1994 3149 2160 3230 quod
2204 3148 2371 3209 istud
2413 3165 2539 3209 non
2580 3148 2887 3229 sequitur.
2924 3147 3119 3228 Cujus
3158 3149 3494 3232 multiplex

1995 3244 2155 3305 ratio
2196 3251 2293 3305 est
2324 3243 2604 3317 inducta,
2639 3244 2991 3325 praesertim
3031 3245 3182 3325 quia
3218 3245 3497 3307 increata

1994 3341 2306 3422 sapientia
2338 3341 2649 3403 Creatoris
2682 3340 2954 3422 primam
2988 3342 3362 3405 electionem
3395 3363 3498 3405 an-

1993 3439 2116 3519 geli
2151 3438 2371 3500 statuit
2401 3458 2539 3501 esse
2573 3438 2917 3500 terminum
2961 3458 3091 3501 5016
3120 3439 3261 3513 viae,
3295 3440 3496 3503 homi-

1995 3536 2185 3599 nibus
2218 3555 2369 3600 vero
2405 3543 2695 3598 mortem.
2719 3572 2800 3581 —
2829 3536 3164 3618 Quumque
3203 3538 3490 3613 assumit,

1994 3635 2222 3697 Anima
2252 3653 2523 3717 peccans
2560 3633 2627 3695 in
2658 3634 2921 3697 instanti
2953 3635 3368 3716 separationis
3399 3645 3495 3699 est

1993 3733 2331 3806 obstinata,
2374 3740 2493 3795 etc.
2542 3732 2717 3807 Dico,
2762 3733 2930 3814 quod
2978 3732 3191 3795 anima
3238 3734 3497 3815 ponitur

1993 3833 2060 3895 10
2100 3832 2375 3895 termino
2420 3850 2533 3913 per
2583 3830 2883 3893 ultimum
2926 3839 3141 3893 actum
3190 3851 3377 3894 suum
3428 3832 3495 3895 in

1994 3949 2279 4013 corpore,
2307 3930 2371 3991 in
2402 3947 2529 4011 quo
2560 3929 2765 3992 adhuc
2797 3928 2921 3991 fuit
2949 3930 3200 4004 viatrix,
3228 3930 3494 4014 ideoque

1991 4037 2137 4091 actu
2183 4029 2292 4091 illo
2340 4035 2619 4091 meretur
2660 4036 2769 4089 aut
2813 4028 3174 4091 demeretur
3215 4046 3229 4091 :
3276 4029 3495 4112 516006

1993 4127 2361 4191 immediate
2401 4134 2545 4208 post
2572 4133 2786 4188 actum
2828 4126 3011 4189 illum
3051 4128 3329 4210 amplius
3365 4147 3489 4192 non

388 4229 552 4293 bona
593 4237 656 4291 et
689 4234 947 4310 propter
987 4245 1053 4289 se
1093 4226 1301 4309 ipsam
1344 4225 1717 4307 appetenda.
1753 4223 1882 4287 Hoc
1911 4228 1962 4292 D
1993 4233 2090 4289 est
2133 4226 2384 4298 viatrix,
2428 4243 2637 4307 neque
2686 4223 2752 4285 in
2801 4231 2965 4287 statu
3018 4226 3340 4306 merendi3
3382 4227 3492 4289 sed

386 4346 532 4410 ergo
559 4334 656 4391 est
684 4326 789 4408 jus
831 4344 904 4387 ac
934 4325 1086 4388 ordo
1127 4331 1368 4386 naturae
1409 4321 1879 4395 10161166106115,

385 4436 453 4491 01
509 4428 723 4511 minus
781 4425 994 4487 videat
1050 4430 1112 4485 et
1177 4429 1512 4503 cognoscat
1568 4440 1701 4484 rem
1763 4420 1885 4481 cir-

387 4546 458 4589 ca
512 4545 703 4610 quam
761 4524 1101 4605 depravata
1157 4530 1253 4584 est
1312 4519 1451 4600 ejus
1510 4519 1801 4582 voluntas
1865 4536 1878 4583 ε

389 4634 448 4686 61
487 4626 620 4688 haec
664 4641 764 4684 res
808 4630 904 4684 est
945 4620 1198 4684 Creator
1242 4618 1647 4699 omnipotens
1692 4617 1879 4691 DeuS‚

391 4721 758 4785 naturaliter
823 4727 1079 4781 sanctus
1140 4726 1202 4781 et
1265 4716 1492 4788 bonuS‚
1562 4716 1626 4777 in
1689 4734 1882 4797 quem

397 4822 669 4883 maxima
726 4826 822 4881 est
880 4818 972 4879 ira
1027 4817 1374 4897 odiumque
1431 4814 1686 4877 diaboli.
1739 4814 1885 4877 Ideo

398 4920 574 4982 illum
618 4918 883 4979 minime
929 4916 1131 4978 noscit
1176 4934 1253 4977 ex
1297 4933 1373 4976 ea
1410 4921 1585 4995 parte
1627 4932 1752 4994 qua
1792 4914 1884 4975 illi

400 5017 590 5080 iratus
631 5024 726 5078 est
761 5034 1038 5096 eumque
1077 5013 1208 5076 odit
1252 5030 1266 5073 :
1310 5012 1462 5094 0016
1504 5012 1556 5073 si
1601 5012 1731 5073 odit
1776 5013 1888 5073 De-

403 5134 508 5178 um
557 5114 861 5198 quoniam
905 5113 1116 5193 justus
1169 5118 1286 5185 est,
1340 5110 1606 5172 minime
1655 5128 1885 5190 cogno·

403 5216 515 5277 scit
547 5213 862 5296 justitiam
903 5210 1080 5290 ejus;
1117 5209 1169 5272 si
1207 5210 1274 5271 in
1315 5228 1392 5272 eo
1427 5207 1593 5290 quod
1635 5208 1888 5289 sapiens

404 5321 515 5388 est,
567 5310 832 5374 minime
891 5308 1211 5389 cognoscit
1273 5306 1648 5390 sapientiam
1704 5304 1887 5385 ejus3

1995 4325 2281 4388 redditur
2320 4323 2657 4396 obstinata,
2692 4322 2743 4385 si
2776 4323 2946 4385 viam
2988 4324 3216 4387 clausit
3256 4325 3323 4389 in
3365 4344 3492 4390 ma·

1995 4424 2074 4486 lo.
2109 4422 2236 4486 Nec
2275 4421 2731 4484 inconveniens
2770 4429 2880 4483 aut
2914 4420 3315 4503 impossibile
3355 4442 3493 4488 esse

1995 4521 2267 4594 videtur,
2315 4519 2591 4582 animam
2644 4518 2785 4601 ipso
2834 4519 3091 4583 instanti
3143 4539 3272 4603 quo
3320 4540 3495 4604 sepa-

1995 4628 2170 4683 rat-ur
2211 4639 2248 4681 a
2292 4636 2575 4701 corpore,
2620 4636 2759 4680 esse
2802 4618 2869 4680 in
2912 4615 3125 4700 aliquo
3172 4628 3318 4681 actu
3365 4638 3492 4702 quo

1997 4716 2342 4780 6011066101
2387 4715 2451 4777 10
2502 4714 2796 4789 termino,
2841 4714 2926 4776 ita
2974 4716 3142 4796 quod
3193 4715 3351 4779 illud
3401 4718 3494 4780 in·

1997 4824 2167 4879 stans
2211 4815 2293 4877 sit
2334 4813 2633 4876 ultimum
2672 4831 2843 4875 nunc
2892 4833 3021 4876 suae
3063 4814 3378 4878 viationis.
3412 4847 3492 4863 --

1996 4915 2203 4988 Quum
2234 4930 2384 4974 vero
2416 4912 2507 4973 sic
2537 4910 2765 4990 arguit,
2800 4910 2861 4973 Si
2894 4910 3185 4974 voluntas
3214 4912 3493 4977 hominis

1998 5019 2258 5093 propter
2300 5010 2424 5073 hoc
2468 5008 2637 5090 quod
2683 5007 2874 5070 habet
2919 5010 3491 5090 apprehensionem

1999 5108 2420 5182 immobilem,
2453 5105 2661 5168 reddit
2690 5124 2755 5167 se
2794 5105 3198 5181 obstinatam,
3231 5108 3331 5169 vel
3372 5109 3492 5171 hoc

1997 5214 2093 5269 est
2122 5207 2276 5268 dum
2317 5212 2413 5268 est
2443 5205 2509 5267 10
2551 5222 2833 5286 corpore,
2867 5205 2966 5266 vel
2998 5206 3151 5268 dum
3192 5216 3287 5269 est
3316 5216 3493 5272 extra

2002 5322 2266 5386 corpus;
2294 5303 2457 5377 dico,
2479 5302 2646 5385 quod
2678 5303 2931 5384 quando
2959 5312 3055 5365 est
3086 5304 3153 5365 in
3184 5323 3486 5389 corpore:

3515 1494 3704 1541 Naana.
3718 1508 3776 1549 m,
3832 1522 3845 1534 ·

3512 1562 3552 1604 2.

3568 2688 3613 2729 p.
3638 2675 3717 2716 ³79
3735 2674 3783 2717 A·

3518 2740 3563 2780 et
3586 2750 3622 2779 5.
