4334 6242
1220 501 1307 546 AN
1348 501 1413 546 IN
1454 499 1711 546 ANGELIS
1754 499 1845 544 st‘r
1886 497 2255 544 PERSONALIS
2298 495 2610 545 Discite-'1³10

3351 477 3469 543 207

355 671 495 747 stit,
528 672 681 754 quia
720 670 786 734 in
825 671 1041 752 aliquo
1083 670 1281 753 recipi
1320 669 1562 752 nequit.
1597 670 1667 732 In
1699 669 1867 732 idem
1899 670 1950 730 A
1982 684 2107 730 non
2148 667 2460 730 differunt
2490 666 2616 728 nisi
2656 665 2918 740 ratione,
2951 682 3028 728 eo
3056 665 3226 747 quod
3265 664 3475 727 unitas

356 771 621 832 videtur
680 770 1040 832 coincidere
1088 768 1328 830 Alberti
1381 768 1731 852 responsio,
1774 786 1868 829 se-

363 869 657 930 cundum
700 888 893 951 quam
936 868 1062 929 dici
1106 885 1233 930 non
1276 867 1464 941 valet,
1499 867 1667 948 quod
1714 867 1872 928 indi-

360 967 653 1030 viduatio
695 967 1065 1049 angelorum
1111 965 1228 1028 fiat
1270 984 1383 1047 per
1420 965 1663 1046 aliquid
1702 963 1869 1026 reale

364 1065 855 1147 superadditum
884 1082 1105 1128 eorum
1138 1071 1398 1136 naturae,
1434 1063 1725 1146 quamvis
1758 1080 1870 1145 per

363 1163 519 1225 talia
557 1163 928 1226 ostendatur
956 1181 1028 1225 ac
1058 1162 1429 1225 innotescat.

448 1358 757 1420 Praeterea
801 1360 1029 1440 quaerit
1076 1359 1445 1432 RicharduS,
1492 1359 1712 1420 Utrum
1761 1377 1869 1419 an-

364 1455 549 1536 gelus
591 1456 676 1517 sit
716 1455 1071 1518 substantia
1114 1476 1241 1518 una
1280 1474 1547 1518 numero
1588 1456 1869 1518 formali-

368 1561 466 1616 ter
504 1572 621 1636 per
662 1554 905 1636 aliquid
956 1555 1433 1636 superadditum
1484 1573 1614 1616 suae
1664 1571 1871 1616 essen-

366 1652 492 1714 tiae.
556 1651 707 1725 Quae
764 1653 1032 1733 quaestio
1090 1652 1546 1733 praeinductam
1612 1651 1872 1734 respicit

366 1749 811 1830 quaestionem.
841 1750 1198 1831 Respondet
1233 1770 1247 1813 :
1280 1750 1545 1823 Quidam
1576 1750 1873 1812 dixerunt

1980 786 2173 848 super
2202 767 2542 828 essentiam
2579 783 2708 828 non
2743 765 2931 826 addat
2961 764 3084 827 nisi
3125 762 3477 826 indivisibi-

1981 864 2223 925 litatem
2263 865 2648 946 praedictam.
2685 864 2844 926 Hinc
2875 863 3344 926 Commentator
3373 881 3476 923 su-

1981 980 2095 1043 per
2122 970 2420 1042 quartum
2450 962 2911 1045 Metapbysicae,
2930 962 3192 1042 loquens
3223 959 3302 1022 de
3331 967 3477 1021 ente

1979 1067 2042 1121 et
2086 1078 2214 1123 uno
2248 1079 2262 1122 :
2297 1061 2597 1122 Eamdem
2637 1060 2902 1142 (inquit)
2941 1059 3275 1140 designant
3319 1077 3474 1132 rem,

1981 1159 2090 1220 sed
2135 1159 2341 1221 modis
2386 1159 2677 1234 diversiS,
2721 1177 2847 1222 non
2890 1159 3170 1220 diversas
3213 1157 3479 1239 disposi—

1983 1256 2186 1318 tiones
2227 1257 2596 1338 adjunctas3
2637 1265 2700 1318 et
2738 1255 3093 1318 substantia
3134 1253 3479 1336 cujuslibet

1984 1355 2073 1416 rei
2114 1363 2210 1416 est
2238 1354 2659 1417 essentialiter
2699 1375 2845 1428 una,
2879 1372 3006 1417 non
3049 1371 3163 1436 per
3199 1372 3332 1416 rem
3372 1353 3478 1415 ad-

1982 1452 2180 1515 ditam
2221 1453 2300 1515 ei.
2335 1453 2477 1515 Haec
2510 1453 2996 1516 commentator.
3033 1452 3110 1513 Et
3139 1451 3230 1512 sic
3271 1450 3478 1513 unitas

1985 1549 2395 1612 individualis
2435 1557 2531 1611 est
2571 1549 2708 1633 ipsa
2745 1550 3019 1612 essentia
3063 1548 3128 1610 in
3170 1555 3478 1630 quantum

1985 1649 2418 1723 indivisibilis,
2451 1649 2624 1710 salva
2666 1667 2780 1710 sua
2831 1647 3206 1729 integritate.
3241 1682 3322 1691 ——
3361 1647 3480 1709 Sed

1983 1746 2181 1828 objici
2212 1754 2438 1828 potest,
2458 1747 2608 1828 quia
2638 1748 2990 1809 secundum
3022 1747 3481 1809 Damascenum

367 1847 539 1927 quod
568 1846 683 1908 sic.
700 1848 789 1909 De
820 1865 1094 1928 quorum
1125 1847 1425 1929 opinione
1456 1847 1709 1909 videtur
1736 1847 1873 1909 Avi·
1909 1846 1957 1907 B
1986 1845 2172 1907 tertio
2201 1844 2378 1917 libro,
2392 1845 2668 1926 capitulo
2698 1844 3052 1917 undecimo,
3070 1843 3484 1907 individuatio

367 1961 572 2006 cenna
616 1944 839 2008 fuisse.
876 1946 1107 2008 Dicunt
1150 1946 1345 2019 enim,
1378 1946 1548 2027 quod
1592 1945 1873 2008 denomi-

366 2044 582 2105 nativa
624 2043 996 2124 significant
1030 2043 1327 2106 accidens
1361 2062 1375 2105 :
1410 2065 1619 2104 unum
1657 2051 1869 2106 autem

366 2148 466 2201 est
501 2141 1074 2204 denominativum.
1110 2143 1290 2214 Item,
1324 2142 1509 2204 aliter
1548 2149 1715 2204 esset
1756 2160 1870 2202 nu-

366 2239 538 2319 gatio
578 2239 817 2313 dicere,
864 2241 997 2304 Una
1044 2239 1414 2302 substantia.
1460 2275 1541 2285 ——
1584 2240 1704 2302 Sed
1754 2240 1875 2301 ista

368 2338 590 2419 opinio
634 2338 1089 2401 irrationabilis
1132 2357 1269 2401 esse
1310 2339 1579 2400 videtur.
1616 2339 1874 2420 Propter

369 2435 541 2515 quod
592 2434 1066 2498 Commentator
1112 2454 1305 2517 super
1351 2444 1646 2517 quartum
1691 2437 1876 2498 Meta-

370 2533 657 2616 physicae
696 2534 773 2596 de
815 2532 935 2596 hoc
978 2534 1295 2615 redarguit
1335 2535 1748 2608 Avicennam,
1782 2533 1873 2595 di-

370 2630 577 2694 cendo
631 2650 647 2695 ε
698 2632 1023 2694 Avicenna
1080 2632 1357 2693 multum
1406 2632 1715 2713 peccavit,
1762 2649 1877 2692 aes-

370 2730 663 2792 timando
728 2731 898 2812 quod
964 2749 1078 2792 ens
1145 2738 1205 2792 et
1274 2749 1474 2793 unum
1543 2729 1875 2809 designant

367 2828 830 2910 dispositiones
872 2828 1115 2891 additas
1164 2829 1453 2892 essentiae
1502 2827 1615 2902 rei,
1655 2834 1718 2889 et
1763 2826 1877 2888 mi-

370 2945 519 2987 rum
564 2933 662 2988 ὧι
698 2926 777 2987 de
816 2926 1077 2989 homine
1122 2927 1243 2988 isto
1285 2926 1603 3007 quomodo
1644 2925 1877 2987 erravit

1983 1944 2062 2006 fit
2104 1964 2219 2026 per
2264 1944 2635 2006 accidentia.
2669 1944 2842 2006 Idem
2887 1943 3171 2006 affirmat
3211 1941 3485 2024 Porphy-

1985 2044 2134 2106 rius.
2169 2042 2494 2105 Avicenna
2531 2060 2784 2124 quoque
2819 2042 3005 2104 tertio
3041 2041 3481 2124 Metaphysicae

1984 2160 2113 2204 suae
2135 2141 2257 2202 ait:
2279 2142 2494 2204 Unitas
2525 2139 2894 2204 substantioe
2922 2159 3049 2202 non
3082 2141 3389 2221 recipitur
3415 2139 3478 2199 in

1984 2238 2443 2300 certificatione
2473 2237 2845 2320 quidditatis
2882 2236 3156 2318 alicujus
3195 2234 3482 2308 substan-

1986 2336 2239 2412 tiarum,
2273 2337 2384 2400 sed
2415 2344 2510 2399 est
2541 2337 2843 2418 quiddam
2883 2335 3303 2398 substantiam
3334 2350 3480 2395 con-

1984 2436 2314 2498 comitans.
2332 2435 2706 2508 Dicendum,
2724 2435 2894 2517 quod
2923 2434 3326 2496 auctoritates
3357 2432 3481 2494 illae

1986 2533 2356 2608 Damasceni
2414 2542 2604 2614 atque
2653 2532 2979 2614 Porphyrii
3040 2531 3483 2612 intelliguntur

1986 2633 2063 2694 de
2112 2631 2434 2714 principio
2483 2631 3005 2694 individuationis
3065 2629 3481 2692 manifestati-

1986 2749 2086 2805 vo,
2121 2749 2248 2793 non
2289 2729 2542 2792 factivo.
2576 2729 2931 2792 Auctoritas
2963 2746 3112 2792 vero
3141 2727 3481 2791 Avicennae

1989 2830 2052 2891 in
2098 2830 2218 2892 boc
2261 2828 2581 2910 abjicitur.
2617 2863 2698 2873 ——-
2733 2827 2876 2890 Haec
2919 2826 3286 2890 Richardus.

370 3031 553 3086 tanto
582 3041 814 3086 errore.
850 3024 913 3086 Si
943 3023 1116 3086 enim
1154 3042 1252 3085 res
1282 3031 1451 3086 esset
1479 3023 1633 3105 quid
1674 3041 1875 3084 unum
1914 3022 1957 3084 C
2070 3028 2508 3090 Bonaventura
2556 3043 2810 3108 quoque
2861 3025 2964 3086 hic
3012 3022 3236 3086 scribit
3277 3042 3292 3087 :
3340 3023 3484 3096 Qui-

372 3140 491 3202 per
520 3122 765 3203 aliquid
795 3122 1459 3203 superadditum,nihil
1488 3129 1651 3184 esset
1684 3139 1877 3183 unum

370 3239 491 3301 per
534 3239 603 3282 se
646 3228 709 3282 et
754 3240 869 3302 per
910 3239 1089 3283 suam
1134 3221 1576 3294 substantiam,
1610 3219 1721 3282 sed
1763 3238 1879 3301 per

371 3335 515 3378 rem
558 3317 930 3381 substantiae
972 3319 1252 3380 additam
1288 3337 1300 3380 :
1334 3325 1398 3380 et
1441 3318 1547 3380 illa
1594 3336 1693 3380 res
1735 3336 1877 3399 quae

370 3423 473 3477 est
523 3435 673 3490 una,
726 3415 779 3478 si
827 3416 1075 3478 dicatur
1124 3436 1249 3478 una
1298 3435 1410 3498 per
1459 3416 1875 3477 intentionem

369 3514 659 3575 additam
702 3533 832 3577 suae
874 3515 1185 3588 essentiae,
1218 3513 1524 3596 quaeritur
1564 3514 1755 3574 etiam
1799 3513 1876 3574 de

374 3612 510 3686 illa,
546 3631 663 3694 per
698 3631 892 3694 quam
931 3611 1011 3673 fit
1050 3632 1196 3687 una,
1230 3631 1309 3674 an
1350 3611 1432 3674 sit
1469 3631 1595 3673 una
1633 3630 1747 3695 per
1784 3631 1875 3684 se,

370 3729 458 3772 an
490 3728 608 3792 per
639 3710 1059 3773 intentionem
1096 3708 1375 3772 additam
1395 3727 1413 3789 ;
1454 3717 1519 3772 et
1548 3710 1638 3771 sic
1673 3727 1877 3772 rever-

375 3816 549 3870 tetur
586 3827 663 3869 ac
702 3808 1000 3889 procedet
1040 3809 1103 3870 in
1144 3807 1491 3870 infinitum.
1526 3807 1669 3870 Haec
1700 3807 1878 3870 Com-

376 3912 719 3968 mentator.

460 4003 730 4066 Videtur
758 4021 907 4084 ergo
938 4004 1099 4066 mihi
1128 4004 1493 4078 dicendum,
1526 4005 1696 4087 quod
1736 4003 1882 4067 sub-

373 4101 613 4165 stantia
652 4101 861 4182 angeli
901 4110 996 4164 est
1034 4120 1301 4165 numero
1342 4121 1467 4164 una
1504 4102 1878 4175 formaliter,

1988 3126 2134 3188 dam
2166 3125 2475 3195 dixerunt,
2493 3125 2661 3205 quod
2695 3125 2759 3185 in
2790 3123 3031 3204 angelis
3062 3130 3158 3184 est
3186 3121 3485 3184 discretio

1989 3223 2362 3305 personalis,
2396 3224 2506 3286 sed
2547 3241 2674 3285 non
2711 3241 2870 3304 pura
2903 3241 2917 3285 :
2951 3221 3101 3303 quia
3141 3229 3206 3282 ut
3238 3222 3481 3294 dicunt,

1991 3323 2055 3384 in
2085 3323 2325 3402 angelis
2355 3329 2448 3384 tot
2477 3329 2626 3383 sunt
2656 3320 2902 3402 species
2941 3328 3097 3401 quot
3132 3319 3480 3382 individua.

1989 3420 2162 3493 Quod
2214 3419 2657 3502 reprobabitur
2708 3419 2889 3481 infra.
2935 3419 3043 3481 Est
3085 3434 3233 3499 ergo
3276 3415 3490 3478 sobria

1988 3526 2051 3580 et
2101 3518 2410 3580 catholica
2467 3516 2722 3599 positio,
2772 3517 2943 3598 quod
2992 3517 3056 3578 in
3104 3515 3345 3597 angelis
3391 3521 3489 3576 est

1989 3614 2317 3677 distinctio
2363 3614 2713 3696 personalis
2763 3614 3222 3686 tantummodO,
3264 3621 3372 3675 aut
3423 3613 3488 3674 in

1990 3713 2313 3787 omnibuS,
2366 3720 2476 3774 aut
2524 3713 2588 3774 in
2637 3711 2960 3793 aliquibus
3014 3711 3256 3773 saltem.
3311 3711 3387 3772 Et
3433 3711 3487 3772 si

1990 3811 2353 3892 objiciatur,
2387 3811 2555 3892 quod
2591 3809 2916 3872 distinctio
2951 3808 3156 3871 solum
3198 3825 3491 3890 persona-

1992 3910 2069 3971 lis
2112 3917 2408 3971 causatur
2443 3927 2520 3970 ex
2562 3907 2876 3970 divisione
2920 3907 3198 3969 materiae
3233 3926 3246 3970 ε
3280 3907 3490 3970 dicen-

1991 4009 2144 4069 dum
2186 4007 2354 4088 quod
2399 4006 2630 4069 falsum
2670 4012 2802 4083 est3
2843 4004 2953 4066 sed
2995 4005 3337 4067 multitudo
3378 4025 3492 4086 per

1990 4105 2461 4187 generat-ionem
2501 4103 2676 4165 venit
2714 4122 2790 4164 ex
2833 4102 3112 4166 materiae
3150 4102 3486 4178 divisione,

376 4218 507 4263 non
540 4219 658 4282 per
687 4200 843 4281 quid
883 4201 1383 4282 superadditum,
1416 4201 1526 4262 sed
1558 4221 1671 4282 per
1700 4205 1881 4263 s'uam
1913 4211 1961 4272 D
1992 4204 2295 4286 quoniam
2334 4220 2640 4283 generans
2680 4202 2787 4263 dat
2820 4201 3034 4281 genito
3075 4208 3318 4282 partem
3360 4221 3488 4264 suae

376 4299 725 4361 essentiam
786 4297 907 4359 sub
964 4296 1205 4360 ratione
1262 4318 1389 4380 qua
1448 4299 1879 4374 indivisibilis,

377 4397 555 4460 salva
599 4415 715 4459 sua
764 4395 1123 4476 integritate
1170 4415 1184 4459 :
1226 4397 1395 4478 quod
1439 4397 1583 4460 dico
1626 4407 1884 4480 propter

379 4496 695 4558 unitatem
736 4495 994 4576 speciei.
1030 4494 1263 4556 Natura
1302 4515 1575 4577 namque
1605 4496 1885 4558 humana

378 4603 453 4656 ut
491 4593 819 4656 intellecta
866 4601 1095 4675 praeter
1143 4592 1451 4655 unitatem
1494 4601 1555 4655 et
1598 4595 1883 4657 multitu-

377 4693 623 4764 dinem,
686 4692 1067 4773 intelligitur
1125 4710 1249 4754 non
1314 4699 1382 4753 ut
1438 4692 1881 4774 multiplicata,

376 4799 596 4854 tamen
650 4798 720 4852 ut
770 4790 1303 4872 multiplicabiliS,
1352 4791 1522 4853 salva
1570 4811 1683 4853 sua
1731 4790 1888 4854 inte-

374 4891 608 4971 gritate
661 4906 676 4951 t
729 4889 1034 4971 quoniam
1082 4889 1395 4971 quidquid
1454 4888 1722 4952 debetur
1777 4889 1886 4952 ho-

378 4989 545 5052 mini
594 4988 767 5050 unde
815 4988 1007 5050 homo
1054 4995 1170 5060 est,
1225 4995 1425 5049 totum
1484 4987 1761 5049 salvatur
1819 4987 1885 5049 in

378 5087 675 5170 quolibet
713 5087 973 5149 homine
1012 5085 1338 5167 singulari.
1371 5086 1562 5148 Porro
1604 5086 1887 5148 indivisi-

376 5188 596 5250 bilitas
636 5204 771 5249 non
809 5184 964 5248 dicit
994 5203 1129 5248 rem
1169 5185 1449 5266 aliquam
1492 5185 1830 5266 positivam
1867 5202 1881 5246 ε

376 5294 445 5350 et
472 5287 567 5348 sic
598 5285 909 5349 naturalis
951 5284 1160 5346 unitas
1200 5283 1339 5364 ejus
1369 5290 1432 5346 et
1461 5303 1575 5346 sua
1611 5283 1887 5347 essentia

1993 4302 2380 4364 substantiae.
2444 4300 2784 4363 Diversitas
2848 4306 3061 4362 autem
3121 4300 3530 4381 angelorum-

1993 4419 2120 4464 non
2170 4410 2265 4463 est.
2315 4419 2429 4482 per
2475 4400 2949 4481 generationem
3008 4417 3121 4461 seu
3181 4398 3489 4480 multipli-

1994 4499 2307 4561 cationem
2356 4498 2543 4560 unius
2585 4497 2664 4560 ab
2703 4499 2922 4572 altero,
2958 4498 3068 4560 sed
3110 4516 3330 4560 omnes
3375 4497 3492 4559 im-

1996 4598 2268 4661 mediate
2306 4617 2343 4660 a
2381 4598 2506 4660 Deo
2548 4598 2739 4660 creati
2785 4605 2953 4660 sunt.
2988 4598 3131 4660 Haec
3173 4595 3492 4658 Bonaven-

1994 4704 2153 4759 tura.

2074 4794 2189 4867 Qui
2251 4793 2512 4875 insuper
2557 4792 2805 4875 quaerit,
2859 4793 3079 4856 Utrum
3139 4791 3490 4875 personalis

1996 4891 2348 4972 proprietas
2393 4891 2474 4952 sit
2519 4891 2584 4952 in
2632 4890 2874 4971 angelis
2917 4890 3324 4953 accidentalis
3369 4909 3384 4954 ε
3425 4896 3489 4951 et

1994 4995 2089 5050 est
2128 4988 2349 5050 eadem
2389 4987 2653 5069 quaestio
2694 4987 2829 5050 haec
2870 5006 3018 5050 cum
3063 5006 3208 5050 mox
3254 4988 3490 5070 praeha-

1995 5087 2129 5148 bita
2170 5087 2517 5167 quaestione
2565 5086 2880 5150 Richardi.
2918 5087 3011 5148 Ad
3057 5106 3247 5169 quam
3291 5087 3487 5148 Bona-

1994 5191 2264 5248 ventura
2313 5185 2647 5267 respondet
2681 5205 2695 5248 :
2734 5185 2913 5248 Circa
2956 5185 3076 5247 hoc
3119 5193 3215 5247 est
3256 5184 3487 5266 triplex

1996 5285 2233 5366 opinio.
2271 5285 2423 5358 Una,
2455 5284 2623 5365 quod
2667 5283 3016 5365 personalis
3059 5283 3356 5346 discretio
3393 5291 3490 5347 est
