4334 6242
869 471 989 538 264

1544 491 1609 537 IN
1651 491 1871 536 LIBRUM
1912 491 1955 534 11
1997 487 2478 535 SENTENTIARL'M.
2524 506 2605 517 —
2644 489 2796 534 ms'r.
2846 489 2950 551 1113
2995 489 3217 544 QUAEST.
3267 489 3305 535 V

952 664 1255 726 Praeterea
1301 663 1362 724 in
1411 663 1617 744 prima
1659 667 1835 742 parte
1874 661 2172 733 Summae,
2205 679 2370 741 quae-
2400 659 2451 721 A
2483 659 2629 732 lem,
2666 667 2734 720 ut
2771 679 2845 721 ea
2885 667 3099 722 utatur
3135 661 3212 722 ad
3257 660 3741 741 intelligendum
3784 669 3978 740 actu;

632 779 716 819 ιιι-ι.
741 780 781 820 2.
872 761 1077 824 stione
1124 759 1651 843 quinquagesima
1698 767 1937 832 octava,
1984 759 2104 820 hoc
2155 759 2366 840 ipsum

871 861 1197 922 declarans
1234 878 1247 920 ε
1282 858 1846 932 Quemadmodum,
1871 857 2101 939 inquit,
2124 857 2201 919 ad
2236 857 2370 918 uni-

870 967 1065 1021 tatem
1098 967 1306 1020 motus
1347 958 1693 1039 requiritur
1727 957 1933 1018 unitas
1966 956 2246 1030 termini,
2282 957 2366 1017 ita

868 1059 945 1120 ad
1008 1058 1317 1119 unitatem
1378 1056 1764 1137 operationis
1823 1055 2098 1136 exigitur
2155 1055 2366 1116 unitas

867 1156 1123 1236 objecti.
1161 1154 1481 1234 Contingit
1523 1161 1733 1214 autem
1781 1153 1993 1234 aliqua
2040 1153 2246 1233 accipi
2297 1160 2366 1213 ut

866 1255 1071 1336 plura,
1106 1261 1168 1315 et
1209 1260 1278 1314 ut
1320 1272 1519 1314 unum
1557 1269 1570 1313 :
1606 1252 1771 1313 sicut
1811 1259 2020 1332 partes
2053 1252 2359 1313 continui.

866 1353 929 1414 Si
990 1352 1163 1415 enim
1230 1369 1625 1433 unaquaeque
1686 1369 1799 1431 per
1857 1369 1923 1411 se
1986 1349 2359 1431 accipiatur,

865 1457 1014 1513 sunt
1045 1451 1259 1532 plures
1296 1467 1309 1510 :
1346 1449 1512 1510 unde
1544 1467 1660 1509 nec
1692 1468 1817 1510 una
1848 1449 2214 1530 operatione
2245 1467 2363 1509 nec

865 1549 1057 1611 simul
1089 1555 1558 1628 cognoscuntur
1597 1565 1709 1628 per
1748 1566 2005 1608 sensum
2046 1556 2154 1608 aut
2187 1547 2365 1609 intel-

866 1648 1121 1708 lectum.
1159 1645 1449 1707 Secundo
1491 1645 1895 1725 accipiuntur
1938 1652 2007 1705 ut
2050 1663 2250 1706 unum
2298 1644 2363 1705 in

865 1752 997 1807 toto
1031 1762 1044 1805 ε
1079 1745 1298 1824 sicque
1344 1762 1470 1803 una
1505 1743 1869 1823 operatione
1909 1762 1981 1803 ac
2023 1742 2214 1803 simul
2257 1760 2364 1803 no-

2478 765 2586 819 aut
2619 758 2671 820 si
2703 758 2930 820 habeat
2959 759 3197 841 plureS,
3232 768 3302 820 ut
3331 766 3544 820 utatur
3574 778 3702 820 una
3730 779 3975 822 earum.

2480 856 2653 918 Unde
2701 865 2764 918 et
2805 875 2879 918 ea
2920 877 3062 939 quae
3105 858 3364 931 scimus,
3397 875 3524 919 non
3567 859 3786 920 omnia
3832 866 3982 920 actu

2481 955 2973 1017 conside-ramus
3009 955 3374 1018 Substantia
3406 974 3555 1037 ergo
3585 957 3984 1018 intellectua-

2479 1052 2559 1114 lis
2608 1073 2722 1135 per
2769 1053 3014 1136 species
3065 1055 3280 1135 plures
3329 1071 3736 1135 cognoscens,
3779 1055 3984 1116 utitur

2480 1171 2605 1213 una
2644 1171 2835 1233 quam
2866 1153 3026 1225 vult,
3057 1171 3130 1214 ac
3173 1171 3286 1234 per
3315 1153 3435 1214 hoc
3466 1153 3658 1214 simul
3696 1161 3844 1215 actu
3876 1171 3983 1215 co-

2476 1249 2724 1330 gnoscit
2780 1250 2997 1311 omnia
3055 1270 3196 1332 quae
3256 1269 3367 1332 per
3425 1269 3617 1313 unam
3677 1251 3986 1332 intelligit

2477 1347 2757 1428 speciem
2811 1365 2824 1408 ε
2877 1347 3093 1410 omnia
3143 1348 3382 1430 quippe
3431 1348 3540 1410 illa
3588 1357 3736 1410 sunt
3795 1349 3981 1430 quasi

2479 1465 2678 1506 unum
2720 1445 3144 1526 intelligibile,
3181 1446 3244 1507 in
3285 1454 3595 1528 quantum
3627 1466 3741 1528 per
3773 1467 3978 1509 unum

2477 1551 2624 1604 sunt
2681 1544 2949 1624 cognita.
3005 1544 3090 1606 Ea
3137 1561 3290 1606 vero
3342 1563 3482 1625 quae
3531 1564 3646 1626 per
3691 1545 3980 1608 diversas

2477 1642 2721 1722 species
2781 1642 3125 1722 cognoscit,
3188 1661 3314 1704 non
3373 1644 3697 1723 cognoscit
3754 1643 3973 1706 simul.

2477 1739 2584 1800 Est
2614 1757 2762 1819 ergo
2802 1739 2865 1800 in
2898 1739 3223 1801 intellectu
3264 1740 3633 1802 substantiae
3671 1751 3979 1823 separatae

866 1851 1131 1906 scuntur
1160 1849 1285 1902 tam
1320 1861 1433 1923 per
1464 1861 1720 1903 sensum
1754 1861 1943 1923 quam
1980 1860 2091 1922 per
2123 1841 2364 1902 intelle·
2401 1838 2447 1899 B
2478 1838 2764 1918 quandam
2819 1837 3382 1918 intelligentiarum
3436 1839 3795 1918 successi03
3847 1859 3976 1900 non

866 1940 1231 2012 ctum‚dum
1265 1946 1465 2000 totum
1498 1939 1870 2000 continuum
1901 1938 2360 2012 consideratur,

864 2045 935 2100 ut
964 2037 1199 2099 dicitur
1229 2037 1414 2098 tertio
1454 2035 1529 2096 de
1560 2035 1805 2096 Anima.
1842 2035 1943 2098 Sic
1983 2053 2237 2117 quoque
2270 2036 2362 2096 in-

862 2137 1153 2198 tellectus
1186 2142 1400 2196 noster
1428 2134 1619 2195 simul
1653 2134 1973 2213 cognoscit
2005 2133 2364 2214 subjectum

861 2243 923 2296 et
956 2233 1390 2316 praedicatum,
1425 2240 1615 2313 prout
1646 2240 1794 2293 sunt
1836 2239 2046 2312 partes
2081 2233 2365 2312 proposi-

860 2332 1051 2395 tionis
1098 2332 1308 2393 unius.
1346 2330 1505 2392 Hinc
1552 2330 1751 2390 multa
1796 2331 2147 2391 secundum
2193 2330 2360 2411 quod

860 2439 1008 2492 sunt
1050 2429 1369 2500 distincta,
1405 2445 1529 2489 non
1576 2435 1844 2508 possunt
1886 2427 2079 2488 simul
2131 2427 2362 2489 intelli-

858 2528 954 2610 gi3
988 2527 1096 2589 sed
1132 2533 1318 2607 prout
1349 2526 1412 2587 in
1446 2543 1574 2586 uno
1605 2525 1993 2606 intelligibili
2027 2525 2358 2598 uniuntur,

860 2627 953 2689 sic
1002 2626 1195 2687 simul
1251 2624 1712 2704 intelliguntur.
1766 2659 1845 2668 —
1893 2623 2081 2685 Porro
2137 2642 2363 2684 unum-

861 2725 1158 2807 quodque
1208 2731 1303 2784 est
1353 2721 1754 2802 intelligibile
1806 2730 1972 2794 actu,
2006 2723 2360 2783 secundum

862 2821 1032 2902 quod
1064 2820 1203 2900 ejus
1246 2818 1600 2880 similitudo
1640 2837 1751 2879 seu
1791 2819 2035 2899 species
2074 2819 2365 2880 consistit

864 2919 931 2980 in
978 2917 1324 2979 intellectu.
1360 2917 1787 2997 Quaecumque
1827 2933 1976 2996 ergo
2016 2935 2129 2997 per
2172 2935 2362 2977 unam

2474 1944 2685 1998 tamen
2719 1937 2973 2017 proprie
3016 1945 3245 2009 motus,
3272 1956 3472 2017 quum
3513 1955 3640 1999 non
3679 1939 3980 1999 succedat

2473 2042 2652 2096 actus
2703 2035 3022 2115 potentiae,
3057 2035 3167 2097 sed
3215 2042 3393 2097 actus
3444 2035 3634 2097 actui.
3669 2037 3814 2099 Haec
3858 2037 3974 2099 ibi.

2555 2133 2642 2194 De
2693 2131 2809 2193 hac
2852 2133 3109 2194 demum
3163 2134 3425 2195 materia
3475 2135 3540 2195 in
3591 2133 3978 2215 quibusdam

2472 2230 2655 2292 aliter
2685 2230 2876 2292 sentit
2907 2231 3470 2312 Durandus.Negat
3500 2251 3775 2314 namque
3806 2235 3980 2315 quod

2474 2329 2715 2389 dictum
2759 2337 2875 2402 est,
2911 2329 3080 2410 quod
3123 2330 3290 2390 sicut
3332 2347 3563 2411 corpus
3604 2348 3730 2392 non
3770 2339 3982 2412 potest

2475 2426 2667 2488 simul
2709 2426 2971 2507 figurari
3013 2427 3279 2488 diversis
3320 2426 3568 2508 figuris,
3603 2429 3696 2491 sic
3728 2429 3978 2492 intelle-

2475 2531 2615 2584 ctus
2665 2524 2856 2585 simul
2918 2524 3244 2586 informari
3307 2543 3431 2587 non
3483 2525 3651 2588 valet
3702 2527 3978 2590 diversis

2477 2620 2830 2702 speciebus
2881 2621 3113 2684 Omnes
3163 2620 3332 2683 enim
3384 2623 3630 2704 species
3680 2624 3981 2705 intelligi-

2477 2717 2638 2779 biles
2673 2719 2737 2779 in
2771 2719 3098 2780 intellectu
3133 2720 3530 2794 exsistenteS‚
3555 2729 3864 2802 quantum
3896 2724 3976 2784 ad

2474 2823 2685 2877 actum
2733 2815 3141 2890 informandi,
3177 2825 3324 2878 sunt
3368 2817 3431 2878 in
3475 2827 3622 2879 actu
3667 2819 3977 2901 simplici-

2476 2921 2591 2985 ter,
2626 2914 2758 2976 sive
2810 2913 3172 2976 intellectus
3222 2913 3597 2990 consideret,
3641 2917 3774 2978 sive
3823 2935 3973 2980 non.

864 3016 1145 3098 speciem
1207 3013 1675 3094 intelligibilem
1736 3021 1979 3095 queunt
2042 3015 2361 3095 cognosci,
2403 3018 2446 3080 C
2557 3011 2846 3073 Secundo
2896 3019 3081 3092 negat
3128 3013 3296 3093 quod
3346 3013 3592 3076 dictum
3641 3024 3757 3088 est,
3805 3018 3978 3097 quod

865 3120 1335 3195 cognoscuntur
1375 3120 1443 3173 ut
1485 3131 1685 3173 unum
1735 3111 2139 3192 intelligibile
2175 3130 2188 3173 z
2225 3111 2365 3174 ideo

864 3212 1057 3274 simul
1106 3217 1475 3272 noscuntur.
1526 3210 1673 3282 Quae
1723 3227 1873 3270 vero
1924 3227 2036 3290 per
2082 3209 2364 3270 diversas

864 3317 1331 3390 cognoscuntur
1375 3305 1810 3386 intelligibiles
1856 3306 2123 3387 specieS,
2158 3315 2228 3368 ut
2277 3308 2368 3367 di-

863 3426 1047 3470 versa
1104 3403 1537 3485 intelligibilia
1598 3404 1955 3484 capiuntur.
2013 3403 2159 3477 Quae
2218 3423 2367 3484 ergo

863 3503 1070 3584 angeli
1131 3509 1520 3582 cognoscunt
1583 3500 1647 3562 in
1707 3500 1935 3573 Verbo,
2001 3501 2367 3581 intelligunt

867 3620 995 3663 una
1024 3599 1411 3679 intelligibili
1452 3598 1685 3679 specie,
1722 3618 1861 3679 quae
1892 3605 1986 3658 est
2024 3598 2242 3660 divina
2270 3618 2366 3659 es-

868 3700 1073 3760 sentia
1118 3717 1131 3758 :
1180 3698 1399 3778 sicque
1448 3697 1665 3759 omnia
1712 3696 1903 3757 simul
1953 3705 2360 3775 cognoscunt.

870 3797 957 3858 Ea
1006 3814 1157 3858 vero
1216 3794 1575 3874 cognitione
1635 3813 1759 3874 qua
1818 3801 2205 3874 cognoscunt
2267 3814 2365 3856 res

868 3914 983 3977 per
1013 3894 1257 3976 species
1302 3893 1569 3965 innataS,
1602 3892 1815 3954 omnia
1857 3892 1963 3952 illa
2001 3892 2194 3953 simul
2229 3911 2367 3973 pos-

870 4001 1018 4054 sunt
1078 3991 1430 4070 intelligere
1481 4009 1622 4070 quae
1682 4009 1807 4050 una
1866 3989 2077 4070 specie
2138 4007 2365 4069 cogno·

868 4099 1154 4164 scuntur,
1192 4107 1319 4150 non
1363 4095 1575 4149 autem
1623 4087 1730 4149 illa
1774 4107 1915 4168 quae
1952 4087 2239 4148 diversis,
2277 4088 2365 4149 Ex

2475 3109 2738 3189 angelus
2787 3127 2986 3190 quum
3038 3110 3118 3171 sit
3167 3110 3327 3172 liber
3374 3118 3436 3173 et
3487 3113 3726 3186 volenS,
3771 3123 3979 3195 potest

2478 3206 2567 3268 uti
2603 3207 2816 3287 specie
2849 3226 2993 3280 una,
3027 3225 3152 3270 non
3191 3208 3331 3270 alia.
3370 3210 3598 3272 Contra
3627 3212 3795 3292 quod
3829 3214 3984 3274 scri-

2479 3304 2573 3365 bit
2605 3322 2618 3365 :
2652 3305 2788 3366 Non
2831 3313 3036 3386 potest
3075 3325 3212 3367 esse
3244 3307 3399 3388 quin
3437 3317 3661 3388 agente
3689 3318 3753 3370 et
3795 3329 3982 3391 passo

2478 3403 2934 3482 approximatis
2991 3402 3107 3464 fiat
3165 3405 3350 3478 acti0,
3407 3424 3615 3486 neque
3673 3408 3980 3488 possibile

2477 3509 2573 3561 est
2602 3500 2758 3581 quin
2791 3508 3099 3581 praesente
3139 3501 3390 3582 objecto
3433 3505 3729 3584 potentia!
3769 3507 3982 3586 cogni-

2477 3597 2623 3660 tivae
2668 3597 3024 3660 necessario
3070 3598 3182 3659 fiat
3234 3601 3511 3680 cognitio
3559 3619 3573 3662 ε
3622 3601 3863 3665 idcirco
3913 3605 3977 3665 in

2479 3703 2786 3776 potestate.
2825 3695 3169 3758 voluntatis
3208 3715 3336 3758 non
3377 3707 3493 3772 est,
3526 3699 3694 3780 quod
3736 3701 3980 3763 intelle-

2478 3801 2617 3854 ctus
2661 3801 2874 3855 noster
2915 3811 3041 3854 non
3086 3793 3394 3876 intelligat
3437 3807 3815 3878 praesentato
3853 3800 3977 3862 sibi

2476 3890 2727 3970 objecto
2759 3892 2822 3952 in
2857 3892 3313 3972 phantasmate.
3349 3894 3469 3956 Sed
3503 3895 3654 3976 quia
3683 3897 3979 3960 voluntas

2474 3988 2683 4050 facere
2727 3990 2913 4063 valet,
2947 3991 3116 4071 quod
3163 3991 3492 4072 phantasia
3539 4012 3665 4056 non
3717 3996 3980 4076 phanta-

2477 4085 2677 4147 sietur
2706 4087 2782 4147 de
2822 4086 3058 4167 aliquo,
3092 4095 3297 4167 potest
3327 4107 3404 4149 ex
3441 4093 3856 4172 consequenti
3887 4092 3979 4155 fa-

869 4189 967 4250 his
1026 4194 1271 4249 constat
1317 4186 1588 4266 qualiter
1635 4185 1793 4246 illud
1850 4184 2214 4266 Philosophi
2276 4205 2367 4247 se-
2398 4184 2447 4246 D
2478 4202 2620 4244 cere
2652 4184 2821 4263 quod
2862 4183 3220 4246 intellectus
3251 4186 3412 4248 nihil
3443 4188 3520 4249 de
3552 4187 3660 4250 illo
3691 4190 3978 4252 conside-

870 4287 1079 4348 cundo
1109 4285 1487 4365 Topicorum
1528 4285 1609 4346 sit
1644 4283 2126 4363 intelligendum
2163 4301 2177 4344 ε
2213 4283 2369 4346 Con-

868 4383 1055 4464 tingit
1094 4383 1294 4444 multa
1333 4383 1517 4456 scire,
1552 4371 1660 4443 sed
1703 4400 1901 4442 unum
1934 4381 2138 4442 solum
2186 4381 2366 4442 intel-

871 4483 1084 4560 ligere.
1130 4482 1273 4543 Haec
1319 4481 1383 4541 in
1428 4481 1705 4542 Summa.

952 4579 1214 4659 insuper
1248 4578 1312 4639 in
1345 4577 1605 4639 Summa
1636 4585 1853 4638 contra
1886 4576 2177 4656 gentiles,
2203 4576 2368 4640 libro

872 4676 1173 4750 secundo,
1208 4675 1485 4756 capitulo
1528 4675 1753 4736 ultimo
1788 4692 1801 4735 :
1838 4674 2036 4737 Omne
2074 4674 2217 4754 (ait)
2247 4675 2365 4738 hoc

871 4782 967 4836 est
997 4781 1141 4834 actu
1185 4773 1601 4841 intellectum,
1636 4771 1821 4852 cujus
1862 4771 2106 4851 species
2140 4771 2368 4833 intelli-

870 4871 1087 4952 gibilis
1126 4879 1219 4932 cst
1256 4878 1400 4931 actu
1443 4871 1505 4931 in
1551 4869 1897 4942 intellectu,
1936 4867 2021 4930 ita
2064 4871 2232 4949 quod
2276 4870 2367 4931 in-
2412 4936 2422 4947 ¹

870 4969 1161 5030 tellectus
1195 4967 1393 5029 utitur
1432 4986 1522 5028 ea.
1559 4966 1764 5040 Quum
1804 4967 1975 5028 enim
2016 4966 2371 5029 substantia

874 5065 1237 5145 intelligens
1267 5065 1350 5125 sit
1380 5064 1569 5125 etiam
1612 5064 1851 5136 volenS,
1886 5073 2073 5146 atque
2108 5083 2220 5146 per
2249 5065 2369 5126 hoc

874 5165 1131 5227 domina
1174 5163 1269 5226 sui
1316 5171 1515 5236 actuS,
1551 5163 1615 5223 in
1656 5169 1964 5244 potestate
2010 5163 2210 5243 ipsius
2250 5171 2366 5236 cst,

874 5264 1027 5327 dum
1088 5262 1275 5326 habet
1330 5261 1609 5346 speciem
1668 5260 1945 5346 aliquam
2005 5260 2371 5342 intelligibi-

2477 4290 2590 4343 ret.
2627 4283 2832 4355 Quum
2885 4281 3077 4362 igitur
3127 4283 3475 4346 intellectui
3524 4286 3813 4366 angelico
3863 4309 3980 4370 per

2477 4380 2722 4460 species
2753 4399 2910 4461 quas
2951 4381 3162 4453 habet,
3195 4382 3411 4444 omnia
3438 4383 3689 4464 objecta
3717 4388 3977 4467 aequali-

2477 4486 2571 4539 ter
2603 4479 3496 4561 praesententur,impossibile
3526 4481 3778 4544 videtur
3809 4488 3974 4567 quod

2477 4577 2540 4637 in
2576 4583 2881 4657 potestate
2913 4576 2995 4638 sit
3024 4577 3164 4657 ejus
3198 4578 3547 4660 intelligere
3589 4600 3812 4656 unum,
3847 4603 3975 4645 non

2475 4674 2692 4751 aliud3
2743 4683 2806 4735 et
2854 4675 2946 4735 uti
2997 4675 3210 4756 specie
3261 4694 3407 4749 una,
3457 4695 3582 4739 non
3631 4679 3774 4741 alia.
3829 4681 3977 4745 ldeo

2477 4770 3010 4851 respondendum,
3061 4772 3230 4852 quod
3285 4773 3548 4852 angelus
3605 4795 3860 4857 semper
3909 4779 3976 4841 in

2475 4877 2620 4930 actu
2680 4869 2978 4950 intelligit
3034 4890 3123 4943 se,
3180 4872 3480 4952 quoniam
3545 4873 3979 4940 indesinenter

2481 4987 2754 5047 praesens
2787 4975 2882 5029 est
2912 4968 3055 5029 sibi.
3091 4968 3229 5030 Alia
3259 4989 3512 5052 quoque
3543 4991 3682 5052 quai
3713 4992 3789 5034 ex
3821 4975 3977 5036 solis

2481 5065 2873 5127 naturalibus
2915 5067 3124 5128 causis
3165 5066 3545 5148 dependent,
3585 5069 3979 5133 incessanter

2481 5163 2780 5244 intelligit
2832 5171 2973 5225 actu
3030 5181 3044 5225 ε
3097 5165 3393 5245 quoniam
3457 5167 3574 5227 etsi
3636 5167 3786 5229 'talia
3844 5187 3972 5231 non

2481 5271 2624 5324 sunt
2669 5262 3001 5347 praescntia
3037 5262 3234 5324 menti
3275 5263 3575 5346 angelicae
3615 5267 3972 5332 secundum
