4334 6242
831 513 952 581 470

1503 534 1567 581 m
1607 533 1829 580 Lmntm
1872 533 1916 580 11
1959 532 2442 580 summanum.
2485 550 2567 561 —
2606 531 2761 579 msr.
2802 531 2905 595 113
2948 531 3172 587 QUAEST.
3216 529 3239 577 1

834 703 1014 768 dium
1043 703 1618 769 demonstrationis,
1637 704 1752 766 Illa
1779 721 1944 778 vero,
1965 701 2333 764 Hierarchia
2359 699 2411 763 A
2438 700 2736 764 videlicet
2764 719 2924 775 esse,
2945 700 3007 763 in
3039 708 3351 782 quantum
3380 709 3479 763 est
3505 699 3791 783 corporis
3815 699 3943 762 for-

835 811 932 866 est
958 803 1112 866 ordo
1143 811 1206 866 et
1243 803 1508 866 scientia
1538 810 1599 865 et
1637 802 1823 876 actio,
1858 801 1910 863 si
1951 800 2111 863 nihil
2149 799 2333 862 adda-

833 909 960 975 tur,
1002 909 1096 964 est
1145 902 1327 983 quasi
1376 899 1932 963 demonstrationis
1981 898 2329 971 conclusio,

835 1000 988 1082 quia
1031 1000 1302 1062 includit
1344 998 1707 1062 essentialia
1747 998 2118 1060 hierarchiae
2161 997 2336 1078 prin-

837 1098 1023 1180 cipia.
1059 1098 1319 1180 Propter
1365 1098 1534 1180 quod
1583 1097 1648 1159 B.
1684 1096 2021 1179 Dionysius
2070 1115 2209 1158 eam
2258 1114 2334 1156 ex

795 1197 1139 1279 ‘praedicta
1186 1195 1528 1260 concludit.
1583 1196 1703 1258 Sed
1748 1195 1923 1278 prior
1975 1194 2081 1256 illa
2129 1192 2334 1276 perfe-

837 1296 998 1358 ctior
1044 1303 1160 1368 est,
1208 1295 1510 1377 quoniam
1563 1293 2046 1376 comprehendit
2095 1300 2335 1354 utrum-

835 1413 961 1476 que
981 1411 996 1455 ε
1016 1394 1184 1456 unde
1212 1401 1308 1456 est
1336 1393 1513 1476 quasi
1541 1391 1990 1455 demonstratio
2018 1391 2333 1472 positione

837 1491 1164 1554 differens.
1200 1527 1278 1538 -
1312 1491 1598 1573 Denique
1641 1491 1796 1553 ordo
1843 1488 2187 1571 dupliciter
2234 1508 2335 1550 su-

838 1590 1054 1651 mitur.
1087 1589 1298 1652 Primo
1345 1589 1526 1670 quasi
1570 1587 1974 1662 abstractive,
2008 1605 2124 1669 pro
2168 1586 2335 1648 ordi-

837 1687 1114 1760 natione,
1147 1706 1288 1768 quae
1331 1694 1425 1748 est
1467 1687 1690 1748 relatio
1735 1686 1900 1750 inter
1935 1685 2165 1766 gradus
2215 1683 2335 1746 dif-

837 1785 1114 1848 ferentes
1169 1803 1186 1846 :
1241 1785 1460 1866 sicque
1514 1785 1579 1847 in
1639 1783 2015 1846 definitione
2077 1782 2340 1864 ponitur

2442 817 2581 876 ma3
2611 799 2809 862 alium
2840 807 3053 862 autem
3087 799 3394 862 effectum
3426 799 3673 862 inducit
3712 799 3777 860 in
3809 815 3943 860 uno

2442 898 2753 972 membro,
2804 898 2930 961 alio
2982 899 3320 972 mediante,
3368 906 3440 960 ut
3488 905 3731 961 motum
3780 914 3796 958 :
3844 897 3945 958 sic

2443 999 2607 1060 Deus
2637 997 3039 1078 omnipotens
3068 1006 3132 1060 et
3161 996 3450 1060 excelsus
3480 997 3729 1059 cunctis
3755 996 3947 1059 coele-

2444 1092 2650 1158 stibus
2700 1094 3031 1158 ordinibus
3076 1095 3441 1157 immediate
3487 1093 3705 1155 influit
3739 1093 3943 1154 vitam

2446 1202 2686 1258 naturae
2716 1194 3041 1274 vitamque
3066 1192 3284 1274 gratiae
3314 1200 3377 1254 et
3406 1191 3653 1272 gloriae3
3675 1192 3753 1254 ad
3784 1191 3948 1253 divi-

2447 1311 2677 1355 norum
2708 1310 2858 1356 vero
2895 1291 3368 1356 exsecutionem
3407 1290 3773 1354 officiorum
3814 1308 3948 1353 mo-

2448 1399 2553 1454 vet
2583 1410 2691 1454 eos
2720 1391 3028 1464 ordinate,
3062 1390 3380 1464 videlicet,
3404 1391 3646 1453 medios
3674 1409 3790 1471 per
3818 1389 3949 1472 pri·

2452 1507 2611 1574 mos,
2660 1489 3048 1572 ultimosque
3107 1508 3221 1570 per
3268 1489 3531 1552 medios.
3581 1489 3824 1551 Idcirco
3878 1488 3945 1550 in

2450 1588 2824 1652 definitione
2854 1587 3225 1650 hierarchia>
3255 1605 3374 1649 non
3407 1587 3667 1668 ponitur
3694 1595 3943 1660 natura,

2449 1687 2669 1769 gratia,
2720 1693 2829 1748 aut
2873 1684 3095 1766 gloria,
3146 1685 3256 1747 sed
3304 1684 3595 1758 scientia,
3640 1692 3945 1766 tanquam

2449 1785 2727 1866 dirigens
2756 1783 3070 1845 actionem
3104 1783 3169 1844 in
3200 1783 3437 1844 divinis
3465 1781 3724 1844 officiis.
3746 1817 3829 1827 —
3850 1782 3946 1844 Ad

837 1883 1228 1946 hierarchiae.
1253 1883 1543 1947 Secundo
1574 1883 1956 1956 concretive,
1981 1881 2335 1942 secundum
2374 1881 2421 1944 B
2449 1883 2824 1956 secundum,
2875 1881 3040 1944 actio
3086 1879 3439 1944 viatoribus
3494 1880 3800 1954 exhibita,
3848 1888 3951 1942 est

837 1982 1008 2063 quod
1051 1981 1336 2043 nominat
1385 2000 1583 2043 unum
1629 1980 1895 2061 gradum
1949 1987 2215 2053 tantum,
2268 1985 2338 2039 ut

837 2080 1085 2142 dicatur
1114 2080 1267 2142 ordo
1299 2099 1463 2141 unus
1492 2079 1744 2161 graduS,
1778 2077 2074 2140 videlicet
2104 2078 2337 2157 gradus

837 2177 1165 2241 ordinatus
1199 2196 1213 2240 τ
1245 2185 1308 2240 et
1349 2178 1436 2239 ita
1473 2185 1566 2240 est
1608 2195 1753 2258 pars
1799 2176 2187 2238 hierarchiae.
2223 2176 2338 2238 Per

839 2277 1008 2358 quod
1047 2283 1220 2358 patet
1257 2275 1490 2339 solutio
1529 2275 1886 2356 argumenti
1925 2275 2110 2336 istius
2145 2292 2158 2335 :
2195 2274 2339 2336 Pars

839 2393 968 2438 non
1017 2375 1276 2456 ponitur
1323 2374 1389 2436 in
1439 2373 1812 2436 definitione
1860 2373 2076 2448 totiuS‚
2113 2371 2337 2434 saltem

841 2480 913 2535 ut
955 2480 1176 2555 genuS.

920 2571 1188 2652 Insuper
1230 2578 1449 2633 contra
1493 2569 1901 2632 definitiones
1946 2569 2058 2630 has
2102 2567 2197 2631 sic
2243 2586 2339 2630 ar-

840 2669 949 2751 gui
998 2677 1225 2752 potest.
1269 2669 1500 2743 Primo,
1552 2669 1618 2730 in
1667 2667 1906 2748 angelis
1955 2685 2081 2730 non
2131 2668 2339 2730 solum

841 2776 938 2830 est
984 2768 1136 2830 ordo
1179 2768 1532 2829 secundum
1582 2767 1938 2837 scientiam,
1986 2766 2095 2828 sed
2147 2766 2341 2828 etiam

841 2867 1194 2929 secundum
1239 2865 1363 2927 alia
1410 2867 1574 2928 dona
1616 2864 1927 2926 naturalia
1967 2871 2158 2945 atque
2205 2882 2341 2943 gra-

840 2964 1025 3037 tuita,
1059 2983 1200 3046 quae
1244 2962 1658 3026 excellentius
1704 2969 1851 3024 sunt
1895 2962 1959 3024 in
2005 2961 2346 3043 superiori-

2450 1979 2960 2043 ministrantibus
3001 1979 3278 2061 propria,
3311 1997 3429 2041 nec
3464 1979 3530 2040 in
3570 1979 3948 2041 definitione

2449 2078 2818 2141 hierarchiae
2867 2077 3148 2158 ponitur,
3182 2077 3292 2139 sed
3335 2076 3501 2139 actio
3542 2076 3945 2157 cognitionis,

2448 2177 2786 2258 designans
2818 2174 3309 2237 transfusionem
3343 2173 3605 2236 luminis
3639 2174 3948 2236 divinitus

2450 2277 2578 2338 dati
2621 2293 2699 2338 ex
2749 2291 2876 2336 uno
2926 2273 2991 2335 in
3037 2273 3235 2335 alium
3284 2291 3299 2334 :
3341 2293 3485 2356 quae
3531 2273 3697 2336 actio
3742 2273 3949 2335 omni-

2451 2373 2571 2436 bus
2610 2372 2737 2436 illis
2766 2379 2972 2435 exstat
3010 2373 3389 2434 communis.
3421 2407 3504 2417 —
3532 2372 3625 2434 Ad
3660 2371 3947 2445 tertium,

2451 2474 2510 2536 S.
2544 2472 2881 2555 Dionysius
2928 2471 2992 2533 in
3034 2470 3249 2533 verbis
3288 2470 3416 2533 illis
3459 2471 3777 2553 praetactis
3820 2488 3949 2533 non

2451 2571 2723 2633 intendit
2751 2571 3046 2633 ordinare
3076 2569 3517 2633 definitionem
3553 2570 3947 2644 hierarchias,

2450 2669 2560 2732 sed
2591 2668 2952 2732 essentialia
2982 2667 3123 2749 ejus
3152 2668 3470 2750 principia
3497 2677 3774 2750 tangere.
3794 2668 3953 2742 Ouo-

2451 2787 2594 2830 rum
2625 2786 2825 2829 unum
2857 2775 2949 2829 est
2982 2766 3156 2828 velut
3186 2767 3660 2848 materiale,per
3688 2767 3950 2829 modum

2450 2867 2700 2949 generis
2744 2866 2985 2928 habens
3032 2883 3121 2939 se,
3156 2873 3375 2947 utpote
3418 2865 3591 2927 ordo.
3624 2864 3765 2927 Alia
3802 2871 3954 2927 sunt

2453 2973 2755 3047 tanquam
2828 2962 3121 3026 formalia
3188 2963 3575 3044 complentia
3638 2963 3951 3025 rationem

843 3063 965 3125 bus
1008 3081 1200 3145 quam
1246 3063 1311 3123 in
1362 3059 1772 3123 inferioribus
1807 3077 1820 3122 t
1854 3076 2003 3141 ergo
2051 3059 2345 3141 ponenda
2380 3059 2423 3123 C
2452 3063 2826 3126 hierarchia>
2870 3081 2985 3143 per
3029 3062 3289 3124 modum
3331 3061 3715 3124 differentiae
3748 3079 3763 3122 ε
3796 3079 3953 3142 quo·

845 3167 994 3223 sunt
1023 3160 1086 3220 in
1119 3158 1494 3221 definitione
1525 3156 1916 3232 hierarchiae,
1947 3157 2115 3219 sicut
2143 3157 2346 3218 scien-

845 3258 952 3319 tia.
975 3293 1056 3303 —
1083 3257 1394 3330 Secundo,
1425 3256 1590 3318 actio
1620 3262 1863 3337 spectat
1892 3255 2098 3317 solum
2139 3255 2216 3316 ad
2247 3271 2343 3316 or-

846 3357 1027 3418 dines
1060 3355 1490 3417 ministrantes
1521 3372 1535 3416 :
1564 3371 1714 3435 ergo
1743 3370 1869 3414 non
1899 3360 1995 3414 est
2027 3352 2092 3413 in
2122 3351 2345 3414 defini-

846 3455 1019 3518 tione
1049 3453 1420 3516 hierarchioe
1451 3452 1758 3534 ponenda,
1772 3469 1961 3533 quum
1990 3450 2345 3512 hierarchia

850 3551 1361 3614 ministrantibus
1413 3559 1476 3614 et
1527 3549 1982 3612 adsistentibus
2038 3548 2121 3610 sit
2180 3566 2347 3611 com-

850 3650 1218 3716 muniS.nec
1249 3666 1582 3712 commune
1610 3666 1726 3729 per
1755 3646 2086 3728 proprium
2117 3645 2347 3709 habeat

851 3747 1128 3811 definiri.
1150 3782 1233 3792 —
1252 3747 1483 3819 Tertio,
1508 3745 1677 3808 idem
1710 3745 1775 3807 in
1807 3745 2076 3806 diversis
2103 3745 2348 3825 generi-

852 3846 973 3908 bus
1005 3863 1130 3910 non
1169 3843 1618 3906 subalternatis
1655 3843 1804 3926 poni
1847 3861 1974 3905 non
2005 3841 2187 3905 valet.
2225 3842 2350 3905 Sci·

851 3944 1023 4007 entia
1051 3950 1287 4016 autem,
1306 3941 1470 4004 actio
1499 3950 1562 4004 et
1592 3941 1766 4014 ordo,
1796 3959 1922 4004 non
1954 3949 2179 4002 mutuo
2209 3939 2352 4002 sub·

853 4042 1248 4106 alternantur
1264 4059 1277 4103 :
1293 4058 1444 4122 ergo
1473 4038 1995 4102 inconvenienter
2023 4048 2351 4121 ponuntur

854 4141 917 4202 in
946 4139 1312 4203 definitione
1341 4136 1712 4200 hierarchiae
1741 4144 1808 4197 ut
1835 4136 2354 4217 genera—Quar-

853 4247 940 4312 to,
974 4238 1038 4299 in
1070 4237 1305 4299 divinis
1334 4243 1398 4298 et
1429 4235 1725 4297 increatis
1765 4234 2247 4316 supergloriosis
2278 4253 2351 4297 ac
2379 4239 2430 4300 D

853 4335 1189 4399 adorandis
1232 4333 1520 4416 personis
1563 4350 1691 4394 non
1731 4340 1827 4395 est
1865 4333 2021 4396 ordo
2069 4332 2352 4396 scient-iffi

854 4441 918 4497 et
959 4433 1248 4508 actioniS‚
1281 4451 1480 4514 quum
1523 4450 1742 4494 earum
1791 4432 1873 4493 sit
1914 4450 2042 4493 una
2088 4431 2354 4493 scientia

855 4551 1110 4614 unaque
1157 4531 1342 4606 actio,
1395 4529 1620 4592 saltem
1668 4530 1746 4592 ad
1793 4537 1987 4592 extra.
2029 4530 2123 4592 Ad
2169 4529 2355 4592 ratio-

807 4631 814 4639 '
857 4651 1003 4694 nem
1052 4638 1266 4693 autem
1310 4628 1679 4692 hierarchiae
1724 4628 1999 4710 pertinet
2040 4628 2194 4691 ordo
2238 4628 2355 4690 sci-

857 4731 1044 4794 entiae
1073 4736 1138 4791 et
1165 4727 1432 4790 actionis
1465 4744 1478 4789 :
1513 4744 1662 4806 ergo
1690 4743 1815 4789 non
1858 4726 2092 4788 similat
2127 4726 2357 4788 deifor-

859 4848 980 4891 me.
1034 4863 1115 4873 —
1162 4826 1414 4901 Quint0,
1467 4825 1635 4888 idem
1689 4833 1785 4888 est
1842 4824 2235 4887 deiformitas
2294 4833 2357 4887 et

858 4926 1212 4992 similitudo
1255 4925 1519 4986 divina:
1554 4941 1703 5005 ergo
1749 4943 1946 4985 unum
1992 4941 2213 4985 eorum
2258 4944 2360 4985 su·

858 5025 1107 5109 perflue
1148 5023 1406 5106 ponitur
1441 5023 1508 5084 in
1548 5021 1918 5084 hierarchiae
1957 5020 2352 5084 definitione.

938 5124 1290 5187 Dicendum
1321 5122 1398 5184 ad
1429 5120 1923 5203 primum,quod
1952 5120 2114 5182 sicut
2145 5121 2360 5182 anima

859 5223 1169 5287 exsistens
1224 5220 1290 5282 in
1339 5237 1602 5302 corpore
1651 5218 1992 5301 quemdam
2052 5217 2359 5280 effectum

823 5321 1226 5388 ,immediate
1276 5318 1522 5383 inducit
1565 5317 1630 5381 in
1677 5317 1976 5382 omnibus
2027 5315 2355 5392 membriS‚

2452 3180 2595 3223 rum
2643 3160 2926 3242 primum
2968 3167 3065 3221 est
3104 3159 3365 3221 luminis
3404 3159 3605 3221 divini
3645 3158 3950 3241 receptio,

2453 3277 2596 3340 quoe
2644 3257 2905 3321 nomine
2952 3257 3236 3320 scientiae
3284 3255 3687 3338 designatur3
3728 3275 3953 3318 secun-

2454 3357 2607 3418 dum
2664 3363 2762 3418 est
2818 3354 3161 3417 transfusio
3219 3354 3481 3416 luminis
3534 3355 3600 3417 in
3657 3355 3951 3428 alterum,

2454 3473 2597 3537 quae
2628 3473 2742 3536 per
2774 3453 3089 3515 actionem
3130 3453 3315 3514 datur
3354 3453 3661 3534 intelligi3
3692 3453 3955 3515 tertium

2455 3560 2552 3615 est
2594 3550 2961 3614 consecutio
3004 3550 3157 3612 finis
3201 3550 3267 3612 in
3306 3552 3754 3614 consecutione
3794 3551 3957 3613 divi·

2456 3669 2553 3712 nae
2610 3647 3107 3711 assimilationis.
3162 3648 3391 3729 Sicque
3441 3647 3607 3710 inter
3651 3649 3811 3722 haec,
3860 3667 3958 3710 se·

2458 3767 2660 3830 quens
2708 3756 2804 3809 est
2846 3746 3027 3830 quasi
3072 3745 3337 3808 formale
3380 3754 3673 3829 respectu
3721 3765 3959 3829 praece-

2458 3847 2685 3908 dentis,
2750 3847 2825 3908 Et
2882 3853 3089 3928 potest
3144 3863 3224 3907 ex
3281 3844 3411 3908 illis
3469 3845 3604 3908 dari
3664 3845 3960 3909 definitio

2460 3944 2829 4007 hierarchias
2868 3943 2988 4006 sub
3020 3942 3225 4005 forma
3262 3943 3380 4005 hac
3414 3960 3428 4006 ε
3462 3943 3827 4006 Hierarchia
3864 3951 3963 4006 est

2461 4042 2716 4104 divinus
2747 4043 2899 4104 ordo
2930 4042 3282 4104 secundum
3315 4042 3646 4104 scientiam
3676 4050 3738 4104 et
3770 4043 3963 4105 actio-

2461 4158 2609 4203 nem
2639 4141 2716 4202 ad
2748 4140 3220 4223 adipiscendam
3256 4141 3367 4203 Dei
3408 4140 3957 4203 assimilationem.

2462 4274 2545 4284 —
2579 4238 2673 4301 Ad
2721 4246 3041 4320 quartum,
3098 4239 3451 4301 secundum
3507 4239 3841 4321 quosdam,
3896 4239 3960 4300 in

2464 4336 2699 4399 divinis
2751 4335 3036 4416 personis
3080 4336 3368 4418 quaedam
3412 4336 3768 4398 hierarchia
3814 4354 3963 4399 con-

2464 4433 2653 4508 sistit,
2713 4452 2905 4515 quam
2970 4433 3487 4516 supercoelestem
3555 4434 3883 4517 appellant
3943 4453 3957 4497 :

2464 4551 2605 4616 quae
2634 4531 2981 4593 attenditur
3010 4531 3363 4594 secundum
3392 4533 3681 4595 ordinem
3719 4541 3961 4596 naturai

2466 4629 2533 4690 in
2580 4628 2814 4690 divinis
2871 4629 3183 4710 personis,
3234 4647 3427 4710 quam
3481 4628 3790 4692 assimilat
3847 4649 3960 4692 seu

2466 4727 2753 4790 imitatur
2783 4727 3139 4790 hierarchia
3166 4729 3535 4810 angelorum
3567 4728 3867 4804 coelestiS,
3898 4737 3962 4792 et

2464 4825 2800 4887 hominum
2850 4823 3269 4888 subcoelestiS.
3306 4827 3425 4890 Sed
3474 4826 3643 4888 istud
3690 4844 3821 4888 non
3866 4835 3963 4890 est

2468 4922 2874 4997 convenienS,
2927 4941 3045 4985 nec
3094 4924 3152 4986 S.
3202 4925 3500 5008 Dionysio
3546 4942 3899 4988 consonum
3942 4942 3957 4986 ε

2466 5021 2769 5103 quoniam
2810 5021 2874 5082 in
2914 5021 3151 5084 divinis
3193 5023 3478 5104 personis
3518 5041 3753 5104 ponere
3790 5023 3961 5106 prin-

2469 5121 2751 5203 cipatum
2783 5120 2973 5182 unius
3001 5121 3079 5183 ad
3119 5121 3412 5196 alterum,
3445 5129 3739 5183 censetur
3768 5123 3962 5185 haere-

2470 5219 2707 5298 ticum3
2751 5226 2860 5280 aut
2906 5219 3074 5300 quod
3122 5219 3301 5281 Pater
3346 5226 3589 5300 purget,
3644 5218 3961 5282 illuminet

2469 5325 2577 5382 aut
2628 5316 2917 5402 perficiat
2962 5317 3230 5399 Filium3
3273 5336 3385 5382 seu
3432 5318 3495 5382 id
3544 5318 3715 5401 quod
3765 5317 3961 5382 Patris
