4334 6242
1137 487 1416 537 nmmum
1457 483 1922 536 nisi-mancum
1961 481 2123 535 uem
2165 489 2210 535 11
2253 483 2716 536 samam-mam
3396 465 3473 536 17

369 659 559 716 nione
594 659 888 716 contraria
929 674 1040 714 non
1085 660 1372 731 obstante)
1398 659 1656 723 virtutes,
1687 663 1752 715 ut
1783 659 1880 732 ju·
1905 657 1961 720 A

367 749 623 814 stitiam,
682 753 741 807 et
793 749 1014 806 similes
1062 766 1075 805 :
1125 765 1270 821 quas
1323 753 1522 806 tamen
1579 748 1883 806 actualiter

369 841 680 911 peccando
725 838 940 896 amisit.
980 839 1125 895 Hinc
1172 842 1228 895 et
1274 839 1332 894 in
1379 839 1600 911 peccati
1647 855 1880 911 poenam

371 945 410 984 a
446 929 768 1001 voluptatis
809 929 976 984 horto
1018 929 1288 985 exclusus
1333 928 1460 994 ruit,
1501 928 1772 984 similiter
1807 928 1881 984 ab

369 1035 484 1075 esu
516 1018 660 1091 ligni
687 1019 820 1074 vitoe
849 1019 1196 1091 prohibitus.
1229 1020 1304 1074 De
1335 1036 1450 1091 quo
1489 1035 1605 1074 non
1641 1018 1879 1090 quidem

371 1111 516 1180 post
551 1111 872 1181 peccatum,
913 1110 1014 1164 sed
1053 1111 1186 1166 ante
1225 1110 1558 1172 comedens,
1593 1108 1782 1164 vivere
1820 1107 1880 1162 in

377 1199 672 1252 aeternum
717 1199 957 1268 poterat.
1004 1197 1165 1252 Unde
1204 1198 1358 1268 quod
1399 1197 1458 1251 in
1499 1196 1703 1252 Genesi
1741 1195 1881 1267 legi-

373 1287 498 1348 tur,
531 1285 730 1342 Videte
769 1301 840 1341 ne
877 1290 1075 1342 sumat
1104 1288 1175 1342 de
1205 1287 1364 1358 ligno
1392 1285 1540 1350 vitae,
1574 1288 1700 1350 etc„
1732 1285 1882 1341 acci-

375 1373 668 1446 piendum
709 1377 810 1438 est,
842 1375 1080 1438 scilicet,
1100 1393 1214 1447 quo
1245 1375 1522 1447 indignus
1564 1391 1720 1432 nunc
1758 1379 1879 1430 est:

377 1466 456 1520 de
505 1482 620 1536 quo
668 1466 810 1521 dum
854 1468 990 1521 ante
1027 1467 1332 1535 peccatum
1375 1464 1739 1527 comedisset,
1779 1463 1886 1518 im-

375 1553 652 1610 mortalis
697 1569 937 1610 manere
985 1557 1224 1626 poterat.
1273 1555 1342 1608 Et
1385 1554 1445 1608 in
1501 1554 1658 1609 hunc
1703 1553 1880 1609 etiam

375 1645 631 1700 modum
668 1643 858 1715 posita
894 1646 982 1699 est
1017 1643 1299 1708 custodia,
1332 1659 1404 1700 ne
1433 1645 1509 1699 ad
1543 1642 1880 1715 paradisum

375 1732 561 1788 homo
591 1731 824 1789 rediret.
857 1735 1206 1805 Quanquam
1237 1736 1431 1789 autem
1465 1735 1534 1788 de
1565 1732 1689 1804 ipso
1723 1731 1882 1804 ligno

2398 677 2821 740 DISTINCTIO
2866 677 3072 740 XXXI.

2176 813 2357 874 Nunc
2400 821 2689 894 superest
2733 813 3134 894 investigare,
3178 819 3296 874 etc.

2105 1017 2512 1073 ONTRARlUM
2540 1021 2626 1074 est
2656 1016 2787 1074 fidei
2828 1017 3131 1074 catholicae
3168 1019 3325 1090 quod
3356 1017 3484 1090 qui-

2131 1109 2268 1163 dam
2300 1107 2517 1179 opinati
2549 1111 2703 1172 sunt,
2723 1107 3005 1178 originale
3035 1111 3338 1179 peccatum
3368 1111 3483 1162 tra—

1990 1194 2050 1250 hi
2091 1198 2419 1253 secundum
2456 1196 2738 1262 animam,
2773 1211 2889 1252 non
2928 1197 3117 1253 solum
3157 1198 3483 1253 secundum
3516 1191 3521 1199 ’

1992 1300 2229 1342 carnem
2278 1303 2293 1340 :
2344 1285 2601 1342 dicentes
2647 1287 2908 1342 animam
2957 1303 3187 1359 quoque
3244 1302 3365 1342 esse
3413 1303 3485 1343 ex

1990 1378 2249 1438 traduce,
2291 1391 2422 1448 quoe
2457 1379 2654 1432 tamen
2696 1378 3021 1433 secundum
3064 1376 3365 1433 veritatem
3414 1392 3484 1432 ex

1991 1465 2283 1521 creatione
2312 1470 2413 1530 est,
2447 1469 2512 1522 ut
2538 1466 2805 1538 superius
2843 1466 3046 1537 patuit.
3077 1465 3348 1522 Trahitur
3382 1482 3486 1521 au·

1990 1559 2109 1612 tem
2140 1555 2421 1628 originale
2452 1571 2485 1611 a
2515 1555 2850 1628 parentibus
2874 1558 3197 1613 secundum
3226 1571 3483 1621 carnem,

1993 1661 2060 1700 eo
2098 1646 2255 1716 quod
2296 1645 2355 1700 in
2393 1643 2611 1701 fervore
2654 1645 2914 1700 libidinis
2957 1644 3299 1716 concipitur,
3332 1649 3389 1701 et
3426 1644 3485 1699 in

1993 1750 2203 1805 corpus
2257 1732 2561 1798 formatur,
2618 1751 2688 1790 ex
2746 1734 2915 1807 cujus
2970 1737 3240 1791 contactu
3294 1733 3487 1790 infusa

369 1822 516 1878 vitae
553 1825 689 1879 ante
727 1825 1032 1894 peccatum
1077 1823 1464 1878 manducasse
1508 1821 1884 1893 probabiliter
1915 1815 1961 1876 B
1991 1823 2193 1879 anima
2240 1827 2295 1879 et
2343 1823 2467 1894 ipsa
2514 1823 2810 1896 polluitur,
2853 1823 3030 1896 fitque
3074 1840 3171 1880 rea
3214 1821 3487 1896 concupi-

375 1910 574 1982 putari
607 1913 812 1983 potest,
845 1927 960 1966 non
1001 1913 1200 1966 tamen
1239 1909 1436 1965 statim
1473 1909 1882 1965 immortalita-

373 2004 500 2056 tem
534 2000 968 2072 permansivam
996 2003 1294 2056 assecutus
1318 2002 1406 2056 est
1426 2017 1439 2055 :
1463 1999 1600 2072 quia
1627 2001 1704 2056 ad
1732 1999 1882 2056 banc

375 2091 857 2162 consequendam
886 2090 1291 2162 requirebatur
1316 2105 1468 2162 soepe
1497 2089 1704 2146 iterata
1731 2089 1882 2162 ejus-

373 2181 518 2236 dem
549 2178 696 2252 ligni
727 2180 1027 2237 comestio.

373 2295 727 2347 Extat-batus
757 2295 927 2347 homo
958 2295 1214 2346 felicibus
1245 2295 1468 2346 exsulat
1496 2294 1692 2356 hortis,

441 2367 580 2418 Mox
609 2367 846 2418 vetitum
877 2367 1082 2432 cupido
1112 2367 1245 2417 dum
1275 2367 1426 2432 capit
1455 2379 1550 2418 ore
1581 2367 1786 2417 cibum.

810 2601 1235 2665 DISTINCTIO
1275 2603 1455 2665 XXX.

469 2755 542 2818 In
583 2755 1029 2838 superioribus
1073 2755 1465 2819 insinuatum
1509 2764 1627 2830 est,
1670 2765 1788 2820 etc.

1991 1910 2228 1967 scentiae
2278 1911 2453 1977 illius,
2502 1927 2633 1983 quae
2677 1928 2854 1983 supra
2902 1910 3183 1983 originale
3230 1915 3484 1968 vocatur.

1993 2003 2158 2066 Quod
2205 2001 2444 2073 quidem
2493 2000 2709 2057 dicitur
2754 2017 2993 2058 manere
3040 2001 3101 2058 in
3150 2018 3323 2057 carne
3371 2017 3487 2057 non

1991 2089 2142 2147 sicut
2172 2091 2231 2146 in
2260 2091 2536 2163 subjecto,
2567 2107 2750 2162 quum
2782 2090 2910 2163 ipsa
2937 2091 3123 2163 culpae
3160 2090 3486 2164 subjectum

1992 2196 2114 2236 esse
2143 2195 2258 2235 non
2293 2179 2490 2252 possit,
2522 2182 2625 2236 sed
2663 2179 2813 2236 sicut
2849 2180 2909 2236 in
2950 2196 3125 2237 causa
3158 2180 3351 2252 ipsum
3381 2179 3492 2235 vir·

1991 2270 2226 2326 tualiter
2253 2269 2602 2326 continente.
2633 2271 2731 2326 Est
2758 2270 2953 2343 itaque
2984 2271 3175 2344 ipsum
3208 2269 3490 2342 originale

1992 2357 2235 2430 quid‘am
2266 2361 2458 2416 carnis
2488 2359 2743 2416 defectus
2776 2363 2833 2417 et
2872 2359 3115 2425 soeditas,
3147 2377 3279 2432 quoe
3307 2359 3489 2432 ipsius

1991 2447 2199 2505 vitium
2228 2452 2285 2506 et
2313 2449 2605 2522 corruptio
2633 2451 2786 2506 recte
2817 2449 2931 2506 dici
2962 2453 3183 2523 potest:
3216 2466 3393 2522 quam
3434 2453 3492 2505 ct

1993 2537 2052 2593 in
2100 2555 2273 2597 carne
2321 2543 2455 2596 ante
2501 2539 2717 2596 animae
2765 2539 3117 2596 infusionem
3164 2557 3307 2604 esse,
3353 2539 3491 2595 hinc

1995 2631 2166 2701 patet,
2213 2631 2369 2702 quod
2407 2629 2530 2701 ipsa
2569 2628 2762 2685 infusa
2805 2629 2958 2684 illico
3004 2628 3488 2686 commaculatur.

1993 2719 2109 2776 Nec
2147 2719 2385 2785 mirum,
2429 2718 2576 2774 filios
2614 2718 2895 2792 originale
2937 2719 3277 2776 contrahere
3319 2737 3355 2774 a
3392 2737 3492 2792 pa-

1995 2809 2256 2866 rentibus
2282 2810 2601 2882 baptizatis,
2633 2826 2885 2882 quorum
2914 2809 3043 2881 jam
3084 2809 3366 2882 originale
3406 2810 3493 2866 di-

1997 2898 2245 2955 missum
2292 2901 2395 2962 est,
2436 2915 2621 2971 quum
2663 2901 2720 2955 ct
2756 2899 2828 2954 ab
2869 2898 3107 2956 homine
3146 2899 3491 2956 circumciso

455 2979 502 3033 D
549 2981 874 3050 peccatum.
929 2981 1084 3050 quod
1127 2978 1316 3053 (Juxta
1370 2980 1736 3052 Apostolum)
1785 2997 1888 3053 pel·
1915 2982 1958 3045 C
1997 2987 2149 3044 tilius
2177 2988 2395 3044 habens
2424 2987 2777 3060 praeputium
2808 2990 3099 3052 nascatur,
3126 2991 3182 3044 et
3210 3005 3280 3044 ex
3312 3005 3491 3062 grano

482 3067 744 3139 primum
803 3068 1104 3124 hominem
1165 3068 1224 3124 in
1281 3071 1573 3126 mundum
1631 3070 1883 3137 intravit,

381 3173 504 3213 non
549 3156 794 3222 actuale,
839 3160 907 3214 ut
946 3157 1188 3229 quidam
1233 3158 1518 3223 volebant,
1563 3161 1665 3215 sed
1713 3159 1887 3232 origi-

383 3246 518 3302 nale
548 3247 720 3303 debet
749 3245 1012 3318 intelligi.
1044 3248 1210 3312 Quod
1249 3263 1356 3304 nec
1388 3247 1578 3303 solum
1611 3247 1886 3304 imitatio-

381 3335 475 3391 nis
515 3335 803 3408 exemplo,
836 3339 902 3392 ut
937 3334 1232 3407 Pelagiani
1272 3335 1559 3401 dicebant,
1590 3339 1656 3392 ut
1691 3336 1774 3393 sic
1812 3336 1888 3392 sit

379 3424 613 3482 actuale
661 3424 988 3498 quuslibet,
1029 3426 1132 3481 sed
1169 3423 1307 3479 vitio
1350 3425 1782 3498 propagationis
1825 3425 1882 3481 in

379 3518 650 3587 posteros
696 3514 975 3586 pervenit.
1020 3515 1119 3569 Est
1162 3513 1356 3585 itaque
1403 3514 1512 3570 hoc
1559 3519 1881 3587 peccatum,

379 3606 712 3661 secundum
747 3603 1069 3668 veritatem,
1103 3602 1274 3676 culpa
1311 3606 1581 3676 quoedam
1621 3621 1656 3660 a
1693 3603 1886 3676 primo

381 3695 628 3766 parente
681 3709 784 3766 per
834 3692 1120 3765 originem
1179 3693 1253 3754 in.
1295 3695 1552 3766 posteros
1599 3695 1882 3750 traducta.

381 3785 528 3848 Quoe
556 3782 798 3854 quidem
826 3798 946 3839 non
983 3785 1070 3838 est
1106 3785 1270 3838 actus
1309 3781 1586 3848 hominis,
1619 3784 1720 3839 sed
1750 3800 1885 3839 con-

385 3870 749 3944 cupiscentia
794 3873 1066 3944 quaedam
1113 3870 1322 3927 vitiosa
1367 3871 1700 3936 habitualis,
1749 3889 1885 3928 con-

386 3960 577 4016 citans
621 3960 680 4016 in
729 3960 855 4032 ipso
902 3961 1192 4018 desideria
1227 3961 1544 4033 pravitatis,
1587 3963 1728 4026 Quae
1755 3961 1882 4033 jam

383 4050 605 4108 dicitur
632 4050 884 4122 languor
911 4053 1153 4116 naturae,
1175 4050 1304 4122 jam
1336 4050 1427 4106 lex
1459 4050 1882 4114 membrorum,

1997 3081 2241 3149 purgato
2288 3076 2483 3132 arista.
2523 3077 2775 3133 Vocatur
2814 3079 3011 3132 autem
3060 3076 3341 3148 originale
3381 3078 3492 3134 hoc

1995 3169 2317 3239 peccatum,
2375 3184 2443 3223 eo
2499 3169 2658 3239 quod
2711 3167 2785 3222 ab
2846 3165 3070 3238 origine
3132 3182 3239 3223 sua
3302 3165 3492 3238 proles

1995 3255 2189 3327 ipsum
2220 3257 2525 3321 contrahit,
2559 3255 2803 3312 faciente
2843 3241 2954 3311 hoc
2993 3255 3185 3312 carnis
3218 3255 3488 3312 seminali

1995 3345 2415 3402 commixtione
2453 3345 2785 3402 libidinosa.

1993 3469 2096 3520 Est
2113 3484 2264 3531 caro,
2284 3485 2410 3535 quae
2431 3470 2636 3520 misera
2658 3474 3000 3534 conspurcat
3018 3469 3233 3534 origine
3254 3469 3485 3534 prolem.

2057 3541 2268 3606 Nempe
2298 3541 2543 3592 animam
2580 3540 2758 3593 soboli
2790 3554 2901 3593 non
2934 3541 3030 3592 <lat
3063 3541 3220 3605 origo
3251 3554 3486 3606 sequax.

2389 3776 2816 3839 DISTINCTIO
2857 3777 3092 3839 XXXII.

1993 3926 2301 4002 Quoniam
2342 3945 2537 4007 supra
2574 3926 2817 3988 dictum
2857 3931 2953 3986 est
2988 3923 3316 4004 originale,
3362 3931 3482 3985 etc.

376 4141 504 4213 jam
547 4139 738 4196 fomes
775 4140 1012 4212 peccati,
1047 4139 1178 4211 jam
1221 4139 1313 4195 lex
1357 4139 1566 4204 carnia,
1613 4137 1885 4211 concupi·
1917 4142 1966 4203 D
2130 4140 2492 4197 EMITrlTUR
2538 4139 2597 4194 in
2640 4136 2938 4210 Baptismo
2984 4135 3266 4208 originale
3307 4152 3489 4208 quan·

383 4229 626 4294 scentia,
668 4226 1212 4300 concupiscibilitas,
1251 4227 1339 4284 vel
1377 4231 1677 4300 tyrannus.
1719 4230 1884 4294 Quod

385 4318 628 4392 quidem
668 4320 972 4389 peccatum
1006 4334 1078 4373 ex
1115 4316 1510 4374 inobedientia
1548 4318 1722 4390 primi
1753 4334 1885 4389 pro-

383 4407 540 4465 venit
579 4406 857 4479 parentis,
897 4405 960 4462 in
998 4423 1113 4478 quo
1150 4407 1545 4463 voluntarium
1586 4407 1710 4472 suit,
1753 4407 1887 4463 licet

386 4496 598 4570 posteri
631 4495 960 4553 necessario
988 4495 1181 4568 ipsum
1221 4496 1564 4553 incurrant:
1597 4496 1696 4552 alii
1724 4496 1882 4552 enim

387 4587 660 4644 homines
689 4587 1015 4643 secundum
1053 4603 1296 4658 corpora
1332 4584 1570 4642 fuerunt
1605 4585 1664 4640 in
1695 4587 1880 4642 Adam

387 4694 488 4749 per
513 4676 868 4734 seminalem
898 4675 1204 4739 rationem,
1237 4679 1293 4732 et
1319 4693 1390 4732 ex
1418 4693 1486 4733 eo
1513 4675 1638 4748 lege
1677 4691 1884 4748 propa-

389 4767 638 4841 gationis
681 4767 1124 4823 descenderunt.
1170 4767 1337 4831 Quod
1377 4769 1574 4822 autem
1617 4765 1885 4838 Magister

389 4857 604 4931 adjicit,
637 4857 710 4913 de
753 4855 1034 4912 alimento
1070 4855 1129 4910 in
1163 4854 1410 4912 humani
1448 4855 1705 4927 corporis
1741 4854 1884 4911 veri-

391 4949 564 5004 tatem
593 4944 748 5002 nihil
775 4943 1042 5008 transire,
1073 4946 1132 5000 et
1167 4943 1229 5000 id
1267 4946 1422 5017 quod
1462 4946 1533 5000 de
1571 4943 1753 5017 ipsius
1789 4961 1882 5001 ve—

389 5036 552 5093 ritate
590 5039 695 5100 est,
738 5034 799 5091 in
841 5036 1030 5090 Adam
1073 5033 1378 5091 actualiter
1416 5032 1611 5100 fuisse,
1650 5051 1768 5091 non
1806 5037 1884 5090 te-

393 5131 574 5186 netur.

391 5241 460 5293 Ut
486 5243 708 5308 generis
739 5239 918 5292 nostri
950 5239 1133 5303 primo
1163 5239 1407 5291 deducta
1433 5244 1663 5306 parente

451 5316 547 5366 Est
573 5329 725 5375 caro,
759 5313 843 5364 sic
874 5311 1068 5377 primae
1096 5312 1328 5363 vulnera
1355 5312 1542 5364 carnis
1573 5312 1756 5364 habet.

629 5433 694 5484 Τ.
731 5432 814 5483 21.

2155 4233 2281 4287 tum
2322 4231 2397 4285 ad
2436 4228 2691 4299 culpam,
2722 4225 2989 4299 quamvis
3016 4225 3487 4298 concupiscentia

1992 4319 2170 4376 etiam
2210 4321 2339 4391 post
2372 4317 2741 4388 Baptismum
2780 4315 3096 4381 remaneat,
3128 4331 3259 4388 quae
3285 4318 3485 4372 tamen

1993 4425 2096 4480 per
2142 4408 2333 4480 ipsum
2383 4406 2671 4463 minuitur
2706 4409 2765 4462 et
2799 4405 3136 4462 debilitatur
3176 4422 3189 4462 :
3232 4405 3385 4462 sicut
3425 4405 3484 4460 in

1993 4497 2208 4555 actuali
2237 4499 2469 4570 peccato
2498 4500 2694 4554 reatus
2728 4499 2942 4560 manet,
2966 4500 3100 4553 actu
3129 4498 3483 4562 transeunte,

1991 4589 2058 4643 ut
2097 4587 2156 4642 in
2196 4585 2513 4642 homicidio
2549 4586 2637 4643 vel
2676 4585 2986 4643 consimili.
3020 4588 3106 4641 An
3134 4602 3267 4642 vero
3306 4585 3483 4641 etiam

1990 4676 2118 4748 ipsa
2147 4693 2281 4732 caro
2309 4692 2344 4731 a
2372 4674 2629 4733 foeditate
2657 4691 2835 4748 quam
2868 4675 2926 4730 in
2957 4674 3328 4746 conceptione
3354 4690 3488 4730 con-

1991 4765 2186 4831 traxit,
2222 4765 2522 4837 Baptismo
2570 4765 2863 4830 liberetur,
2904 4764 3144 4837 quidam
3192 4763 3485 4820 contraria

1989 4855 2250 4912 sentiunt
2294 4872 2307 4912 ε
2352 4855 2451 4911 ubi
2500 4857 2557 4910 et
2600 4853 2872 4927 Magister
2916 4852 3169 4909 declinat
3220 4855 3297 4909 ad
3353 4869 3485 4925 par-

1989 4949 2108 5002 tem
2139 4945 2569 5001 affirmativam.
2585 4945 2855 5000 Doctores
2873 4959 3008 4999 vero
3028 4941 3127 4998 alii
3152 4943 3483 5016 oppositum

1989 5038 2205 5093 tenent.
2265 5034 2443 5090 Dictae
2504 5036 2701 5091 autem
2758 5031 3245 5104 concupiscentiae
3298 5033 3481 5090 Deum

1990 5141 2227 5183 causam
2272 5141 2415 5189 esse,
2448 5123 2508 5180 in
2552 5127 2839 5196 quantum
2883 5138 3053 5195 poena
3092 5126 3194 5190 est,
3226 5139 3343 5180 non
3382 5125 3485 5180 du-

1991 5215 2191 5282 bium;
2236 5214 2371 5271 licet
2407 5213 2469 5269 in
2513 5216 2799 5286 quantum
2838 5212 3009 5283 culpa
3046 5215 3149 5275 est,
3180 5228 3217 5268 a
3252 5211 3483 5268 diabolo

1989 5305 2064 5361 sit
2107 5307 2165 5361 et
2211 5321 2245 5360 a
2288 5303 2481 5376 primo
2528 5303 2817 5375 peccante.
2870 5302 3196 5372 lmputatur
3242 5301 3485 5373 insuper

3202 5425 3231 5479 2
