4334 6242
758 484 845 529 AN
886 485 1131 531 nemius
1172 485 1255 530 AB
1294 483 1548 529 AETERNO
1590 482 1663 527 ET
1706 482 1843 527 SINE
1884 482 2035 527 oum
2076 482 2417 529 TEMPORALI
2463 483 2648 529 1N1'rlo
2690 483 2782 528 SIT
2822 482 3090 529 CREATUS
3397 460 3481 525 85

368 670 491 716 nec
540 653 830 717 Ecclesia
876 654 1323 717 determinavit
1372 655 1751 736 positionem
1802 652 1876 714 il-
1903 651 1954 714 A
1986 653 2151 716 Deus
2183 672 2308 716 non
2341 654 2540 734 potuit
2568 652 2775 715 facere
2804 652 3038 735 aliquid
3073 654 3474 733 praeteritum,

371 751 499 813 lam
552 770 695 814 esse
744 753 1125 815 haereticam.
1174 788 1253 798 —
1300 753 1587 835 Insuper,
1640 770 1717 813 ex
1767 750 1876 812 illa

372 850 795 932 responsione
847 869 974 914 non
1025 852 1337 932 sequitur,
1391 852 1559 932 quod
1610 850 1723 912 Dei
1772 867 1875 912 vo-

372 947 587 1011 luntas
628 950 930 1011 consistat
972 950 1299 1012 mutabilis
1334 967 1347 1011 τ
1386 950 1534 1030 quia
1567 949 1875 1011 aeternali-

370 1056 469 1110 ter
518 1068 599 1111 ex
648 1049 839 1111 certis
879 1058 941 1111 et
990 1048 1476 1131 sapientialibus
1525 1048 1875 1111 rationibus

376 1148 657 1210 instituit
684 1154 751 1209 et
778 1148 1060 1210 decrevit
1090 1147 1404 1209 mundum
1435 1148 1512 1209 de
1544 1164 1709 1209 novo
1743 1164 1877 1228 pro-

374 1246 613 1308 ducere
654 1253 804 1307 tunc
844 1254 907 1308 et
942 1246 1175 1319 taliter,
1209 1246 1461 1326 quando
1500 1252 1561 1305 et
1605 1243 1879 1325 qualiter

378 1345 592 1425 ipsum
636 1344 950 1425 produxit.
986 1344 1228 1406 Idcirco
1268 1362 1385 1406 nec
1424 1361 1613 1405 causa
1653 1342 1761 1405 illa
1790 1342 1878 1404 di-

380 1442 635 1505 lationis
678 1441 797 1507 fuit
848 1441 1242 1523 originaliter
1282 1448 1391 1503 aut
1438 1440 1879 1523 principaliter

378 1558 456 1602 ex
486 1548 666 1621 parte
696 1547 1019 1615 creaturae,
1054 1541 1165 1603 scd
1195 1558 1271 1601 ex
1306 1539 1479 1601 fonte
1508 1545 1572 1600 et
1610 1538 1879 1600 immen-

380 1658 449 1701 sa
492 1646 683 1719 atque
728 1637 1267 1719 imperscrutabili
1314 1636 1743 1719 profunditate
1790 1635 1880 1697 in-

380 1745 605 1799 creatae
651 1755 725 1798 ac
774 1736 1313 1817 superliberrimae
1365 1734 1692 1817 sapientiai
1742 1733 1875 1807 Dei,

1984 754 2107 815 nisi
2140 753 2368 815 fuisset
2397 752 2684 814 futurum
2710 771 2723 813 :
2751 752 3147 833 impossibile
3177 770 3327 833 ergo
3357 752 3480 815 fuit

1987 853 2155 934 quod
2213 852 2450 913 faceret
2506 851 2794 914 infinitos
2851 850 2987 912 dies
3049 852 3356 932 praeteriri
3413 852 3480 914 in

1983 959 2246 1033 accepto
2275 969 2435 1025 esse,
2471 950 2593 1012 nisi
2634 949 2904 1012 fuissent
2948 948 3189 1012 infiniti
3221 950 3357 1012 dies
3387 950 3483 1012 fu-

1984 1050 2111 1112 turi
2163 1051 2229 1112 in
2278 1057 2542 1131 accepto
2587 1066 2742 1110 esse.
2791 1047 3036 1111 Infiniti
3083 1056 3296 1110 autem
3346 1049 3482 1111 dies

1986 1148 2188 1211 futuri
2247 1166 2374 1210 non
2434 1155 2726 1229 poterant
2777 1146 3042 1228 produci
3096 1146 3162 1208 in
3219 1157 3482 1229 accepto

1986 1267 2145 1321 esse,
2181 1248 2288 1309 sed
2331 1246 2539 1309 solum
2573 1246 2638 1308 in
2677 1245 3050 1327 accipiendo
3085 1264 3224 1307 esse
3261 1253 3371 1307 aut
3408 1245 3483 1308 fi-

1986 1347 2076 1409 eri
2113 1364 2126 1407 ε
2161 1345 2316 1408 alias
2367 1362 2494 1407 non
2544 1344 2818 1407 fuissent
2861 1343 3125 1418 infiniti,
3159 1345 3268 1405 sed
3311 1344 3483 1406 finiti

1987 1453 2050 1507 et
2079 1444 2421 1506 terminati.
2455 1480 2536 1489 —-
2565 1445 2825 1517 RursuS,
2859 1444 3026 1505 sicut
3053 1443 3288 1505 creatio
3325 1450 3420 1506 est
3447 1462 3484 1506 a

1987 1562 2116 1606 non
2148 1550 2292 1605 ente
2325 1543 2390 1603 in
2421 1562 2556 1617 enS,
2582 1543 2674 1605 sic
2703 1541 3080 1605 annihilatio
3107 1548 3204 1627 est
3232 1542 3309 1603 de
3339 1549 3483 1605 ente

1990 1645 2055 1706 in
2086 1660 2215 1704 non
2245 1661 2377 1704 ens.
2412 1642 2956 1714 Quemadmodum
2996 1658 3146 1720 ergo
3173 1640 3484 1702 annihila-

1989 1742 2079 1804 tio
2126 1748 2190 1803 et
2233 1746 2540 1821 perpetua
2581 1739 2830 1800 duratio
2873 1758 2910 1800 a
2952 1745 3129 1820 parte
3173 1746 3318 1819 post
3357 1756 3486 1801 non

380 1834 673 1917 quamvis
706 1834 865 1896 ratio
896 1833 1025 1908 illa,
1050 1834 1591 1915 quemadmodum
1620 1840 1682 1895 et
1714 1833 1875 1905 idea,
1915 1839 1962 1900 B
1992 1846 2159 1901 stant
2189 1838 2403 1911 simul,
2439 1838 2526 1899 ita
2565 1856 2682 1898 nec
2722 1836 2957 1899 creatio
2986 1844 3050 1898 et
3090 1835 3347 1898 infinita
3373 1837 3487 1898 du-

382 1932 822 1994 habitudinem
864 1933 1208 2013 quamdam
1248 1951 1359 1994 seu
1400 1932 1767 1993 relationem
1800 1931 1877 1991 ad

387 2030 696 2092 mundum
739 2029 1022 2092 includat
1054 2048 1068 2091 :
1103 2050 1243 2111 quae
1274 2028 1579 2091 habitudo
1619 2047 1745 2091 non
1786 2036 1881 2091 est

386 2128 571 2190 realis
618 2146 695 2190 ex
747 2136 931 2210 parte
974 2128 1105 2191 Dei.
1160 2129 1425 2210 Insuper
1471 2127 1765 2189 Albertus
1816 2126 1881 2189 in

388 2225 485 2287 his
542 2226 758 2289 verbis
818 2226 1071 2289 videtur
1132 2226 1256 2289 sibi
1322 2226 1443 2307 ipsi
1507 2224 1878 2288 contrarius.

392 2326 543 2388 Nam
587 2325 753 2388 sicut
792 2326 925 2407 jam
970 2326 1195 2407 patuit,
1232 2325 1297 2387 in
1342 2326 1605 2387 Summa
1646 2343 1757 2386 sua
1804 2329 1886 2385 te·

172 2443 327 2497 min.
393 2430 613 2498 statur,
645 2425 815 2506 quod
864 2424 1029 2486 Deus
1080 2424 1433 2486 secundum
1482 2422 1882 2504 sapientiam,

394 2522 720 2585 scientiam
763 2529 826 2584 et
866 2521 1331 2603 providentiam
1372 2540 1551 2583 suam
1593 2520 1887 2601 praeordi-

394 2620 567 2681 navit
596 2620 850 2702 quando
880 2627 942 2682 et
973 2619 1247 2701 qualiter
1277 2618 1575 2681 universa
1610 2617 1752 2680 fieri
1784 2618 1887 2679 de-

393 2718 597 2781 beant.
652 2754 733 2764 —
776 2719 951 2792 Quod
1001 2735 1153 2780 vero
1199 2737 1275 2779 ex
1323 2717 1695 2779 auctoritate
1753 2716 1885 2778 divi

392 2818 671 2899 Dionysii
715 2816 1084 2890 introducit,
1118 2815 1495 2878 solvendum
1538 2823 1633 2877 est
1668 2833 1681 2877 :
1716 2816 1884 2896 quod

392 2917 555 2977 Deus
595 2915 775 2996 juxta
813 2932 1148 2977 censuram
1189 2912 1515 2994 sapientiae
1554 2932 1683 2975 suae
1722 2913 1888 2975 dona

1992 1937 2150 2000 ratio
2198 1956 2234 1997 a
2282 1945 2460 2019 parte
2508 1942 2672 1997 ante.
2722 1972 2803 1981 —
2848 1935 3163 2017 AmpliuS,
3217 1935 3270 1997 si
3321 1935 3486 1997 Deus

1990 2037 2304 2098 mundum
2349 2035 2428 2096 ab
2471 2041 2706 2096 aeterno
2747 2040 3040 2107 creasset,
3075 2051 3202 2096 non
3251 2033 3489 2115 potuis-

1992 2141 2087 2196 set
2126 2152 2275 2195 eum
2317 2150 2444 2194 non
2490 2150 2702 2193 creare
2737 2148 2751 2192 :
2788 2132 2938 2212 quia
2976 2150 3094 2193 nec
3137 2140 3304 2205 ante,
3337 2131 3489 2213 quia

1992 2250 2120 2294 non
2169 2231 2292 2294 fuit
2335 2240 2526 2299 ante,·
2565 2248 2682 2291 nec
2731 2237 2884 2291 tunc
2927 2231 3180 2311 quando
3227 2229 3484 2303 creavit,

1992 2331 2144 2412 quia
2174 2338 2246 2392 ut
2276 2330 2484 2411 primo
2523 2328 3024 2390 perihermenias
3063 2328 3318 2403 dicitur,
3349 2347 3489 2391 esse

1994 2429 2248 2511 quando
2291 2436 2407 2502 est,
2439 2446 2698 2490 necesse
2743 2435 2838 2488 est
2881 2445 3054 2505 esse3
3088 2445 3205 2489 nec
3245 2434 3484 2509 postea,

1996 2527 2145 2609 quia
2177 2527 2346 2608 quod
2386 2525 2625 2588 factum
2665 2532 2782 2599 est,
2817 2543 2946 2588 non
2988 2532 3194 2607 potest
3232 2544 3360 2588 non
3399 2525 3490 2588 fa-

1995 2634 2169 2687 ctum
2215 2643 2372 2685 esse.
2407 2659 2486 2669 —-
2516 2625 2695 2696 Item,
2737 2624 2791 2686 si
2842 2624 3007 2686 Deus
3059 2623 3265 2705 potuit
3313 2643 3493 2685 mun—

1995 2725 2147 2785 dum
2181 2724 2374 2785 istum
2406 2722 2486 2783 ab
2515 2731 2750 2785 aeterno
2780 2741 3048 2795 creasse,
3082 2722 3219 2803 pari
3251 2721 3492 2784 ratione

1995 2830 2059 2884 et
2089 2840 2290 2883 unum
2322 2840 2560 2901 equum
2592 2838 2912 2900 unamque
2943 2838 3174 2901 equam
3214 2836 3360 2881 mox
3389 2838 3494 2899 ge-

1995 2939 2217 2982 nerare
2250 2926 2560 3000 potenteS,
2593 2926 2656 2981 et
2687 2918 2855 3000 quod
2894 2918 3218 2998 generatio
3255 2916 3334 2980 ab
3366 2917 3492 2979 illis

392 3033 503 3076 sua
531 3013 817 3095 largitur,
847 3021 911 3074 et
951 3013 1119 3074 sicut
1157 3012 1311 3075 ordo
1342 3030 1554 3074 rerum
1593 3011 1882 3092 requirit,
1922 3016 1966 3079 C
1998 3018 2365 3082 continuata
2412 3025 2580 3079 esset
2638 3035 2839 3097 usque
2887 3017 2969 3078 in-
3007 3035 3304 3098 praesens.
3357 3016 3492 3079 Sic-

394 3131 515 3175 non
558 3112 911 3175 secundum
954 3111 1421 3173 extremitatem
1465 3130 1595 3173 suae
1633 3110 1886 3171 virtutis

393 3218 453 3271 et
499 3206 1191 3271 communicabilitatiS.
1233 3207 1367 3269 Imo
1410 3214 1622 3288 posset
1672 3205 1887 3288 plures

395 3308 635 3389 species
666 3305 1039 3386 angelorum
1072 3324 1263 3387 supra
1301 3324 1406 3366 eas
1438 3324 1595 3385 quas
1626 3305 1884 3378 creavit,

396 3406 763 3488 producere,
798 3413 862 3466 et
894 3405 1095 3465 multa
1130 3403 1689 3466 communicabilia
1719 3422 1887 3466 com-

396 3504 719 3566 municare
752 3511 883 3565 tam
916 3503 981 3564 in
1014 3501 1409 3564 naturalibus
1439 3522 1630 3583 quam
1664 3502 1729 3563 in
1760 3521 1891 3583 gra-

398 3602 591 3675 mitis,
652 3620 795 3683 quae
853 3619 1171 3682 nusquam
1230 3600 1711 3678 communicat;
1771 3620 1889 3662 nec

396 3701 631 3764 idcirco
680 3708 777 3761 est
828 3699 1105 3773 inviduS,
1158 3699 1311 3780 quia
1362 3718 1438 3761 ex
1488 3698 1888 3780 irreprehen-

395 3799 561 3862 sibili
594 3817 864 3861 censura
904 3817 1035 3860 suae
1064 3796 1339 3861 fontanae
1380 3815 1763 3879 prorsusque
1798 3798 1888 3859 in-

398 3898 595 3961 finitae
638 3896 967 3979 sapientiae
1009 3896 1129 3958 hoc
1173 3895 1427 3957 omittit.

471 3997 767 4060 Rationes
807 3995 1065 4057 demum
1110 4013 1222 4076 per
1256 4014 1413 4076 quas
1451 3994 1891 4057 Bonaventura

400 4094 616 4177 probat
667 4093 1251 4177 impossibilitatem
1300 4093 1669 4155 aeternitatis
1712 4113 1893 4155 mun-

1998 3137 2121 3200 que
2182 3116 2348 3178 inter
2406 3134 2645 3197 equum
2701 3122 2846 3176 ante
2907 3134 3098 3195 quem
3150 3115 3310 3176 alter
3367 3132 3493 3177 non

1996 3215 2139 3287 fuit,
2174 3222 2238 3275 et
2285 3231 2525 3296 equum
2575 3232 2745 3275 nunc
2792 3221 3184 3291 generatum,
3222 3211 3495 3274 fuissent

1996 3313 2144 3394 equi
2196 3310 2436 3373 infiniti
2490 3328 2504 3371 ε
2557 3311 2727 3391 quod
2776 3311 3038 3373 omnino
3097 3309 3493 3392 impossibile

1996 3419 2113 3484 est,
2145 3428 2222 3472 eo
2259 3409 2430 3491 quod
2471 3410 2637 3470 inter
2676 3410 2834 3471 duos
2871 3409 3174 3471 terminos
3216 3410 3494 3489 signatos

1999 3528 2125 3572 non
2160 3509 2364 3570 valeat
2395 3527 2534 3570 esse
2566 3506 2822 3569 infinita
2851 3508 3169 3570 successio
3197 3528 3316 3570 nec
3345 3508 3498 3569 mul-

1997 3608 2200 3669 titudo
2250 3605 2524 3668 infinita.
2569 3642 2650 3651 —
2687 3605 2830 3667 Haec
2877 3606 3244 3669 Richardus.
3298 3606 3494 3687 Cujus

1997 3705 2224 3767 ultima
2269 3704 2429 3767 ratio
2468 3703 2691 3766 fortior
2720 3702 2973 3765 videtur
3000 3705 3077 3765 de
3117 3704 3394 3767 homine.
3430 3705 3495 3767 Si

1998 3803 2169 3865 enim
2203 3804 2408 3884 potuit
2449 3803 2613 3864 Deus
2647 3801 2958 3863 mundum
2997 3800 3076 3863 ab
3106 3809 3342 3865 aeterno
3371 3822 3498 3865 cre-

1996 3919 2157 3973 asse,
2193 3899 2412 3960 eadem
2452 3899 2693 3960 ratione
2725 3905 2788 3959 et
2827 3898 2954 3959 duo
2988 3898 3318 3961 individua
3355 3920 3495 3982 spe-

2000 3998 2119 4060 ciei
2177 3999 2491 4069 humanae,
2541 4016 2578 4057 a
2625 3994 2861 4077 quibus
2917 3995 3156 4058 infiniti
3204 3997 3494 4060 homines

1998 4104 2211 4159 essent
2255 4094 2569 4177 progeniti
2604 4111 2618 4154 :
2653 4112 2730 4155 ex
2777 4111 2904 4175 quo
2946 4100 3318 4175 sequeretur
3366 4113 3494 4157 non

402 4195 485 4268 di,
516 4202 577 4256 et
610 4194 779 4276 quod
819 4200 1106 4255 creatura
1144 4210 1273 4254 non
1305 4193 1510 4273 quivit
1544 4192 1626 4254 ab
1656 4201 1891 4256 aeterno
1921 4200 1970 4261 D
2000 4194 2208 4257 solum
2259 4191 2712 4254 inconveniens
2757 4190 2890 4271 jam
2940 4198 3335 4272 praetactum,
3383 4192 3494 4254 sed

400 4294 619 4367 creari,
671 4291 1047 4366 virtualiter,
1102 4290 1232 4352 imo
1281 4291 1461 4372 quasi
1517 4290 1887 4364 formaliter,

164 4412 379 4461 marm
405 4399 547 4453 sunt
588 4391 883 4453 inductae.
917 4432 925 4440 -

487 4489 674 4552 Porro
740 4488 1087 4551 Richardus
1157 4486 1601 4569 multipliciter
1668 4488 1893 4570 probat

406 4588 537 4649 hoc.
586 4586 795 4649 Primo
841 4585 935 4647 sic
986 4603 999 4647 :
1052 4586 1116 4647 Si
1168 4585 1480 4646 mundum
1530 4585 1610 4647 ab
1658 4593 1892 4648 aeterno

408 4686 565 4749 Deus
624 4684 945 4768 produxit,
998 4683 1296 4765 produxit
1354 4701 1503 4744 eum
1560 4684 1623 4745 in
1678 4684 1893 4765 aliquo

408 4784 661 4847 instanti
691 4790 837 4845 ante
870 4782 1038 4863 quod
1079 4799 1205 4842 non
1237 4781 1360 4842 fuit
1395 4781 1566 4844 aliud
1610 4782 1890 4860 instans3

408 4884 621 4964 sicque
663 4880 913 4943 duratio
962 4880 1183 4941 mundi
1236 4880 1476 4961 incepit
1522 4880 1602 4941 ab
1646 4880 1757 4943 illo
1805 4881 1896 4943 in-

410 4982 613 5053 stanti,
646 4988 711 5043 et
755 4999 794 5041 a
842 4985 1019 5060 parte
1066 4985 1214 5040 ante
1264 4979 1601 5040 terminata
1648 4978 1770 5040 fuit
1816 4980 1895 5041 ad

411 5079 558 5141 illud
611 5097 626 5140 :
679 5096 806 5140 non
864 5094 1015 5158 ergo
1068 5076 1150 5138 ab
1207 5084 1442 5140 aeterno
1500 5077 1769 5139 duravit.
1818 5113 1899 5123 —

414 5177 728 5249 Praeterea,
780 5175 835 5237 si
898 5175 1175 5237 mundus
1225 5175 1306 5236 ab
1359 5184 1593 5238 aeterno
1654 5184 1899 5237 creatus

422 5274 659 5349 fuisset,
692 5273 928 5337 infiniti
958 5272 1090 5353 jam
1126 5272 1261 5335 dies
1301 5274 1760 5355 praeterissent3
1792 5276 1899 5336 sed

2002 4294 2195 4355 etiam
2240 4290 2409 4371 quod
2459 4296 2671 4350 essent
2719 4288 2988 4351 infinitae
3036 4289 3267 4353 animae
3313 4290 3498 4353 ratio-

2002 4390 2176 4453 nales
2223 4406 2391 4451 nunc
2435 4406 2470 4449 a
2513 4387 2889 4468 corporibus
2931 4394 3252 4469 separatae.

2080 4491 2158 4551 At
2199 4505 2349 4551 vero
2389 4485 2682 4567 quamvis
2721 4485 3030 4548 Henricus
3072 4487 3137 4547 in
3166 4486 3499 4559 Quodlibe-

2001 4588 2083 4648 tis
2123 4585 2256 4648 suis
2296 4604 2498 4667 pauca
2538 4583 2860 4645 induxerit
2898 4592 3271 4665 argumenta
3311 4586 3388 4647 ad
3421 4586 3501 4647 is-

2004 4686 2115 4747 tud
2164 4683 2586 4765 probandum,
2629 4681 2693 4743 in
2743 4682 3003 4743 Summa
3052 4689 3264 4744 tamen
3314 4684 3498 4764 plura

2004 4783 2250 4846 inducit
2293 4781 2552 4843 robusta
2592 4781 2691 4859 (ut
2733 4780 3020 4861 apparet)
3065 4782 3321 4854 motiva,
3355 4800 3498 4863 quae

2004 4882 2196 4943 etiam
2229 4880 2428 4960 tangit
2456 4879 2675 4940 Petrus
2714 4877 2792 4938 de
2822 4876 3074 4949 Gaudia,
3109 4886 3171 4939 ct
3209 4878 3316 4939 alii
3360 4880 3498 4962 qui-

2006 4981 2170 5042 dam.
2207 4977 2435 5059 Aliqua
2482 4983 2690 5037 tamen
2734 4973 2988 5036 illorum
3030 4982 3179 5037 sunt
3220 4976 3501 5040 introdu—

2008 5086 2127 5139 cta.
2162 5076 2470 5138 Henricus
2519 5074 2753 5153 itaque,
2797 5079 2860 5133 et
2905 5072 3237 5147 AureoluS,
3269 5094 3341 5137 ac
3390 5074 3500 5137 alii

2010 5171 2660 5258 quidam„duodecim
2693 5171 2967 5233 rationes
2997 5172 3274 5254 potiores
3304 5173 3498 5235 addu-

2014 5281 2186 5337 cunt.
2223 5273 2376 5346 Una,
2412 5270 2578 5351 quod
2611 5268 2775 5330 Deus
2819 5287 2942 5330 uon
2983 5270 3287 5351 potuisset
3321 5290 3501 5333 mun-
