4334 6242
569 4810 681 4857 Ibid.
694 4814 832 4865 2230.

879 457 1002 522 382

1565 480 1630 526 IN
1669 480 1892 528 mamm
1933 482 1978 527 11
2018 480 2502 527 SENTENTIARUH.
2544 498 2626 510 —
2666 482 2817 529 msr.
2856 484 2983 546 vl13
3026 484 3251 540 QUAEST.
3292 485 3314 530 1

883 646 1135 711 inferno
1176 658 1390 713 autem
1433 651 1578 733 quis
1623 650 2040 714 confitebitur
2080 650 2245 713 tibi?
2284 650 2387 713 Sic
2417 649 2469 713 A
2500 668 2753 733 poenam
2789 652 3095 716 memoria
3123 652 3391 716 fratrum
3422 670 3583 736 quos
3612 650 3891 734 reliquit,
3926 657 3999 713 ut

768 779 824 808 xv
879 746 1236 828 (inquiens)
1272 750 1602 813 consessus
1651 757 1747 812 est
1795 750 1861 812 in
1909 749 2160 813 inferno
2208 750 2387 811 dives

881 843 1010 917 ille,
1043 846 1200 908 adeo
1242 854 1310 908 ut
1347 848 1539 910 etiam
1581 866 1729 910 suos
1769 847 1960 909 vellet
1999 845 2223 909 fratres
2258 864 2389 909 mo-

879 942 1039 1017 neri,
1095 952 1166 1005 ut
1213 964 1250 1007 a
1305 946 1438 1008 suis
1489 965 1556 1008 se
1616 946 1986 1009 cohiberent
2035 946 2315 1028 peccatis
2368 963 2382 1009 :

879 1042 1050 1122 quod
1094 1059 1171 1104 ex
1217 1043 1406 1125 plena
1454 1044 1910 1107 deliberatione
1960 1044 2185 1118 voluit,
2220 1044 2387 1106 sicut

877 1156 955 1201 ex
986 1138 1328 1222 Evangelio
1360 1142 1829 1225 comprobatur.
1867 1142 2268 1205 Contrarium
2300 1151 2385 1204 ta-

877 1255 1026 1300 men
1069 1239 1322 1302 videtur
1364 1242 1602 1303 sentire
1652 1241 2015 1323 GregoriuS,
2050 1240 2382 1304 octavode-

877 1335 1046 1398 cimo
1099 1337 1428 1401 Moralium
1489 1339 1710 1402 dicens
1753 1357 1768 1401 ε
1812 1339 2034 1403 Omnis
2087 1340 2383 1403 voluntas

876 1435 1157 1498 damnati
1205 1436 1446 1518 injusta
1487 1446 1600 1501 est.
1636 1439 1938 1502 Voluntas
1987 1446 2203 1501 aute-m
2254 1457 2381 1502 non

876 1543 968 1596 est
1004 1534 1262 1615 injusta,
1297 1536 1463 1598 sicut
1493 1556 1702 1619 neque
1728 1537 1922 1617 justa,
1955 1537 2079 1599 nisi
2113 1557 2191 1600 ex
2222 1536 2375 1599 fine.

875 1632 1120 1695 Idcirco
1151 1642 1217 1696 ut
1260 1635 1537 1698 mediam
1568 1637 1736 1698 viam
1770 1644 2097 1699 teneamus
2136 1637 2201 1698 in
2235 1636 2377 1711 isto,

875 1730 1396 1813 distinguendum
1439 1736 1608 1816 quod
1638 1735 1804 1798 velle
1834 1734 2075 1798 bonum
2116 1754 2194 1797 ex
2225 1736 2377 1797 deli—

876 1829 1200 1894 beratione
1247 1832 1392 1914 quis
1451 1840 1658 1915 potest
1704 1834 2047 1914 dupliciter
2098 1852 2112 1897 :

873 1946 988 2011 per
1017 1948 1106 2003 se,
1141 1939 1401 2012 propter
1431 1930 1641 2014 ipsum
1674 1931 1913 1995 bonum
1945 1940 2008 1995 et
2037 1932 2179 2014 ejus
2210 1951 2380 1996 amo-

874 2046 1010 2089 rem
1057 2047 1132 2090 ac
1182 2030 1400 2092 odium
1463 2030 1660 2109 mali3
1712 2032 1993 2094 secundo
2053 2050 2166 2114 per
2213 2032 2377 2094 acci-

872 2126 1050 2201 denS‚
1103 2136 1365 2210 propter
1411 2127 1626 2211 fugam
1678 2147 1904 2212 poenae‚
1953 2131 2052 2192 vel
2103 2131 2377 2213 propriae

870 2224 973 2286 vel
1029 2225 1322 2288 aliorum.
1379 2226 1442 2289 Si
1503 2227 1798 2310 propriso,
1850 2228 1942 2291 sic
2001 2229 2145 2291 dico
2205 2230 2374 2311 quod

872 2332 1141 2404 possunt
1191 2324 1256 2386 in
1297 2332 1514 2387 actum
1557 2325 1797 2389 bonum
1848 2327 2066 2402 moris,
2100 2336 2170 2389 ut
2211 2328 2375 2391 velle

871 2440 1202 2504 nunquam
1249 2442 1570 2505 peccasse,
1623 2444 1702 2487 ne
1756 2426 2138 2488 aeternaliter
2188 2428 2375 2509 puni·
2419 2498 2424 2504 ,

871 2528 1109 2582 rentur.
1157 2521 1304 2594 Quae
1354 2530 1566 2585 tamen
1616 2524 1909 2586 voluntas
1960 2524 2025 2587 in
2076 2525 2197 2587 hoc
2246 2544 2373 2589 non

868 2625 965 2679 est
993 2618 1160 2681 bona
1190 2619 1471 2683 bonitate
1503 2622 1720 2696 moris,
1753 2622 1904 2703 quia
1925 2642 2044 2685 nec
2073 2641 2374 2704 recogno-

868 2725 1054 2779 scunt
1079 2736 1156 2779 ex
1186 2736 1337 2781 vera
1367 2720 1742 2800 poenitentia
1772 2720 1956 2783 illum
1987 2728 2202 2783 actum
2234 2741 2372 2785 esse

870 2815 1133 2890 malum,
1166 2834 1286 2879 nec
1328 2817 1626 2898 displicet
1663 2819 1756 2880 eis
1797 2827 2056 2901 propter
2098 2840 2189 2895 se,
2224 2821 2375 2903 quia

869 2914 1095 2988 maluS,
1123 2915 1240 2983 ‚sed
1290 2916 1495 2977 solum
1541 2918 1782 2980 ratione
1834 2936 2037 2999 poenae
2084 2938 2368 2994 annexae,

866 3014 1407 3093 quemadmodum
1455 3023 1518 3077 et
1564 3015 1801 3077 vellent
1862 3034 1988 3079 non
2037 3036 2177 3080 esse
2229 3036 2371 3100 pro·
2409 3021 2453 3084 C

867 3119 1010 3195 pter
1047 3111 1457 3175 acerbitatem
1501 3132 1724 3194 poenae.
1761 3114 1825 3177 Si
1863 3123 2079 3178 autem
2110 3124 2373 3199 propter

865 3210 1086 3292 fugam
1126 3230 1330 3293 poenae
1367 3212 1663 3287 aliorum,
1697 3214 1790 3276 sic
1836 3224 2050 3296 posset
2092 3216 2239 3297 quis
2281 3216 2373 3277 di-

867 3327 1010 3371 cere
1053 3309 1224 3391 quod
1267 3329 1670 3392 nequaquam
1722 3330 1835 3394 per
1884 3331 1970 3375 se.
2006 3312 2139 3375 Imo
2187 3312 2369 3375 abso-

866 3406 997 3469 lute
1026 3415 1216 3489 atque
1258 3409 1639 3491 simpliciter
1678 3428 1900 3473 omnes
1940 3411 2220 3473 damnati
2263 3411 2372 3475 ho-

865 3505 1070 3567 mines
1112 3524 1187 3567 ac
1229 3507 1548 3570 daemones
1591 3508 1831 3570 vellent
1875 3526 2098 3571 omnes
2148 3529 2367 3573 seeum

862 3622 1003 3666 esse
1050 3605 1379 3668 damnatos
1427 3624 1500 3667 ac
1551 3606 1944 3687 puniend0s3
1995 3616 2058 3669 et
2103 3609 2182 3671 ad
2228 3610 2368 3671 nul-

865 3702 1244 3786 lum,neque
1275 3704 1351 3765 ad
1385 3722 1452 3766 se
1483 3704 2008 3787 invicem,neque
2037 3706 2115 3767 ad
2147 3707 2366 3784 Deum,

849 3792 1132 3883 ‘possunt
1189 3801 1422 3864 habere
1481 3810 1694 3865 actum
1760 3804 1994 3867 amoris
2059 3805 2368 3869 delibera-

864 3908 1023 3973 tum,
1058 3900 1169 3962 sed
1213 3901 1420 3963 solum
1461 3903 1540 3964 ad
1581 3920 1648 3963 se
1689 3902 1882 3984 ipsoS,
1919 3905 2253 3967 statuendo
2291 3906 2367 3968 fi-

863 4016 1010 4061 nem
1062 4018 1250 4061 suum
1294 4000 1358 4061 in
1405 4019 1472 4063 se
1523 4000 1679 4082 ipsis
1730 4020 2028 4082 perverse
2061 4019 2076 4064 ε
2109 4003 2241 4065 imo
2288 4004 2365 4066 ad

863 4115 931 4159 se
991 4097 1269 4160 invicem
1318 4105 1381 4160 et
1437 4099 1514 4161 ad
1573 4117 1796 4163 omnes
1853 4100 2072 4162 odium
2130 4101 2369 4165 habent

2498 750 2574 812 de
2608 769 2797 832 poena
2827 751 3142 814 inutiliter
3173 759 3527 815 amatorum
3567 751 3843 832 amplius
3876 758 4002 812 tor-

2496 859 2785 929 queatur.
2814 850 2888 912 Et
2919 851 3171 913 videtur
3200 852 3419 915 Glossa
3450 849 3799 921 intendere,
3824 848 4001 931 quod

2497 946 2700 1009 voluit
2729 965 2836 1010 eos
2879 949 3186 1023 converti,
3220 968 3302 1013 ne
3340 949 3391 1011 si
3426 967 3644 1011 secum
3685 948 3751 1010 in
3786 946 4001 1011 locum

2496 1053 2959 1109 tormentorum
2999 1047 3312 1123 venirent,
3346 1066 3425 1110 ex
3470 1048 3590 1110 hoc
3629 1046 3839 1109 acrius
3876 1052 4003 1109 tor-

2495 1153 2798 1225 queretur
2846 1164 2924 1207 ex
2972 1164 3161 1227 poena
3209 1145 3348 1209 visa
3394 1153 3770 1208 amatorum.
3818 1144 4003 1219 Quod

2494 1241 2747 1304 videtur
2803 1242 3041 1305 sentire
3100 1243 3437 1325 Gregorius
3500 1243 3845 1326 NyssenuS,
3910 1241 4005 1305 di·

2494 1358 2643 1401 cens
2670 1341 2895 1413 :Quasi
2928 1341 3202 1423 quodam
3231 1343 3404 1422 justo
3434 1342 3627 1404 etiam
3658 1348 3801 1425 post
3832 1359 4003 1404 mor-

2492 1446 2621 1499 tem
2662 1458 2699 1500 a
2736 1440 2870 1501 vita
2907 1440 3230 1504 detinetur
3266 1441 3505 1503 affectu
3546 1439 3805 1503 carnali.
3836 1440 4001 1503 Nam

2492 1536 2545 1598 si
2596 1538 2741 1618 quis
2790 1538 3055 1601 omnino
3102 1540 3374 1602 carnalis
3416 1540 3770 1602 secundum
3822 1558 4003 1601 men-

2492 1642 2619 1697 tem
2653 1635 2680 1696 s
2684 1636 2788 1711 iat,
2822 1656 2939 1699 nec
2982 1645 3319 1719 postquam
3360 1656 3591 1721 corpus
3621 1638 3873 1701 exuerit
3906 1656 4002 1699 re-

2494 1743 2788 1797 movetur
2827 1755 2865 1798 a
2906 1737 3310 1818 passionibus
3354 1738 3513 1818 ejus.

2166 1835 2378 1916 primo
2415 1833 2463 1897 B
2574 1834 2693 1896 Sed
2725 1834 2893 1896 unde
2925 1843 3023 1896 est
3050 1835 3193 1910 hoc,
3226 1836 3396 1918 quod
3435 1854 3513 1898 ex
3544 1836 3779 1918 pietate
3813 1845 4003 1898 natu-

2492 1932 2607 1993 rali
2667 1951 2815 1995 eum
2875 1932 3331 1996 deliberatione
3388 1952 3515 1997 non
3571 1935 3819 2016 possint
3882 1952 4003 2018 pro

2489 2037 2663 2094 tanto
2704 2050 2816 2095 seu
2858 2032 2923 2092 in
2966 2039 3211 2094 tantum
3250 2033 3506 2107 reverti,
3540 2040 3610 2094 ut
3647 2032 3849 2095 velint
3890 2032 4003 2096 bo—

2488 2148 2643 2191 num
2691 2130 2885 2192 moris
2925 2138 3186 2213 propter
3225 2130 3464 2194 bonum
3502 2132 3697 2194 moris
3736 2151 3853 2215 per
3902 2152 3997 2205 se,

2486 2236 2594 2289 aut
2624 2228 2848 2291 saltem
2880 2236 3139 2311 propter
3178 2229 3441 2305 bonum,
3474 2230 3642 2293 sicut
3679 2231 3999 2293 exsistens

2486 2326 2593 2388 hic
2652 2326 2717 2389 in
2778 2336 3039 2410 peccato
3099 2329 3350 2392 mortali
3410 2330 3531 2392 hoc
3589 2332 3839 2411 potest?
3898 2330 3997 2392 Ad

2484 2426 2655 2506 quod
2706 2425 2930 2488 dicunt
2975 2427 3199 2509 aliqui,
3232 2428 3402 2509 quod
3452 2428 3572 2490 hoc
3619 2427 3775 2490 facit
3824 2428 3997 2490 alius

2484 2530 2548 2584 et
2574 2523 2738 2586 alius
2769 2532 2968 2587 status
2998 2525 3229 2588 horum
3260 2535 3324 2589 et
3354 2526 3630 2589 illorum.
3652 2525 3829 2600 Quod
3858 2545 3995 2590 non

2485 2619 2733 2683 sufficit
2765 2639 2779 2683 ε
2814 2623 3117 2704 quoniam
3158 2624 3334 2686 nulla
3372 2624 3869 2687 commutatione
3902 2623 3994 2687 fa-

2484 2726 2585 2781 cta
2623 2738 2735 2782 seu
2774 2721 3119 2785 exsistente
3160 2721 3330 2783 circa
3368 2722 3783 2797 voluntatem,
3818 2723 3995 2805 quod

2484 2826 2689 2898 potest
2740 2818 2885 2900 quis
2924 2820 3263 2903 (quantum
3310 2828 3405 2883 est
3447 2838 3525 2882 ex
3567 2828 3745 2902 parte
3788 2819 3993 2884 solius

2483 2917 2858 2997 voluntatis)
2908 2918 2973 2979 in
3034 2924 3200 2980 statu
3259 2937 3409 2994 uno,
3463 2927 3671 3001 potest
3724 2919 3789 2981 in
3838 2918 3989 2983 alio.

2484 3049 2561 3060 -
2590 3015 2751 3078 Hinc
2782 3016 2889 3077 alii
2934 3016 3177 3091 dicunt,
3212 3018 3381 3099 quod
3418 3017 3711 3080 voluntas
3748 3026 3995 3099 quanto

2482 3111 2745 3174 liberior
2788 3120 2885 3175 est
2925 3120 3115 3196 atque
3164 3114 3527 3196 perfectior,
3560 3122 3737 3177 tanto
3784 3114 3996 3197 perfe-

2482 3210 2648 3271 ctius
2696 3228 2764 3271 se
2814 3211 3138 3291 immergit
3194 3230 3307 3273 seu
3368 3212 3668 3294 impingit
3717 3212 3783 3274 in
3834 3212 3995 3275 voli-

2484 3316 2641 3369 tum.
2678 3308 2753 3369 Et
2782 3308 2927 3371 ideo
2955 3316 3182 3371 natura
3211 3309 3661 3372 intellectualis
3700 3317 3994 3391 separata

2480 3424 2516 3467 a
2547 3422 2833 3488 corpore,
2866 3425 3066 3489 quum
3108 3407 3192 3469 sit
3228 3407 3491 3470 omnino
3533 3406 3735 3470 libera
3764 3408 3992 3470 volun·

2480 3511 2629 3577 tate,
2666 3504 2731 3566 in
2771 3510 3019 3565 tantum
3051 3523 3119 3567 se
3162 3504 3453 3578 involvit,
3490 3505 3836 3587 immergit,
3873 3506 3991 3568 im-

2481 3600 2689 3683 pingit
2738 3601 2803 3663 in
2851 3602 3145 3676 volitum,
3197 3610 3499 3685 tantoque
3546 3603 3643 3665 illi
3690 3603 3992 3685 alligatur

2480 3717 2717 3774 amore,
2764 3709 2829 3762 ut
2881 3701 2962 3763 ab
3011 3701 3124 3764 illo
3173 3702 3373 3764 averti
3423 3720 3551 3765 non
3600 3710 3813 3783 queat,
3858 3721 3991 3766 non

2480 3798 2807 3862 coactione
2848 3800 3063 3881 aliqua
3106 3800 3498 3882 impellente,
3533 3801 3644 3863 sed
3694 3799 3837 3882 ipsa
3885 3820 3993 3865 vo—

2480 3896 2722 3959 luntate
2756 3896 3174 3960 immobiliter
3202 3899 3295 3959 illi
3337 3898 3657 3962 adhaerere
3687 3899 3985 3962 volente:

2481 4004 2551 4058 ut
2579 3996 2772 4059 etiam
2803 3997 3032 4059 exinde
3072 3997 3262 4059 homo
3293 3997 3359 4059 in
3400 4005 3566 4061 statu
3603 3997 3989 4061 innocentiae

2480 4103 2739 4177 propter
2779 4096 3062 4177 corporis
3102 4096 3564 4178 aliquantulam
3605 4096 3989 4181 corruptibi-

863 4216 1209 4259 summum.
1245 4197 1358 4259 Per
1395 4198 1689 4262 accidens
1732 4216 1883 4261 vero
1923 4209 2190 4281 possunt
2228 4202 2366 4264 tali-
2398 4206 2448 4269 D
2480 4194 2723 4257 litatem
2754 4194 3116 4276 aliqualiter
3142 4203 3461 4277 gravetur,
3479 4213 3689 4277 neque
3719 4196 3986 4259 omnino

863 4302 957 4358 ter
1002 4296 1168 4359 velle
1209 4296 1392 4359 alteri
1438 4295 1678 4360 bonum
1714 4297 1983 4381 :sicque
2028 4298 2207 4361 dives
2257 4300 2365 4363 ille

862 4395 1048 4479 petiit
1090 4412 1238 4458 suos
1283 4396 1549 4469 moneri,
1581 4395 1733 4477 quia
1775 4396 2023 4478 putavit
2063 4414 2129 4459 se
2182 4416 2365 4480 posse

864 4496 1112 4559 restitui
1145 4494 1394 4576 corpori
1426 4512 1562 4569 su0,
1587 4502 1650 4557 et
1681 4495 1745 4556 in
1775 4512 1852 4557 eo
1885 4494 2050 4557 mitti
2081 4496 2158 4558 ad
2192 4516 2362 4573 suOS,

863 4595 1084 4679 sicque
1142 4594 1428 4657 subtrahi
1477 4614 1514 4657 a
1563 4595 1916 4657 tormentis
1971 4595 2047 4658 Et
2103 4597 2189 4660 ita
2246 4616 2365 4659 nec

864 4714 978 4776 per
1025 4694 1222 4756 alium
1273 4712 1310 4755 a
1359 4712 1424 4755 se
1473 4711 1580 4756 eos
1633 4696 1876 4756 moneri
1927 4695 2148 4757 voluit.
2192 4696 2367 4759 Unde

864 4794 1116 4856 dicente
1154 4792 1496 4865 Abraham,
1540 4791 1785 4854 Habent
1827 4793 2080 4876 Moysen
2119 4802 2184 4855 et
2228 4794 2367 4857 Pro-

866 4894 1124 4976 phetas3
1156 4892 1485 4974 respondit
1519 4909 1535 4953 :
1569 4891 1726 4965 Non,
1769 4900 1969 4973 pater,
2013 4893 2122 4955 sed
2163 4892 2215 4953 si
2256 4893 2367 4957 ali-

863 4992 1007 5074 quis
1046 5010 1123 5053 ex
1162 4991 1453 5065 mortuis»,
1486 4999 1604 5053 etc.
1641 4990 1826 5063 Quasi
1868 4991 2036 5053 dicat
2071 5009 2085 5054 :
2118 4993 2234 5054 Per
2266 5010 2365 5054 me

861 5092 952 5153 sic
995 5089 1131 5164 fiat,
1167 5090 1318 5172 quia
1361 5090 1559 5171 magis
1605 5090 1870 5152 idoneus
1916 5110 2059 5153 sum
2103 5092 2181 5153 ad
2220 5091 2362 5166 hoc,

859 5196 922 5251 et
963 5189 1122 5251 mihi
1164 5189 1310 5270 plus
1354 5188 1632 5250 credent.
1669 5187 1887 5251 Glossa
1925 5196 2133 5251 tamen
2184 5190 2369 5251 aliter

861 5286 981 5350 hoe
1011 5286 1273 5368 exponit
1307 5304 1322 5349 :
1357 5286 1655 5349 Servatur
1679 5286 2036 5369 (inquiens)
2063 5286 2248 5349 diviti
2288 5288 2365 5350 ad

2478 4293 2693 4357 anima
2730 4293 3066 4376 immergat
3104 4314 3172 4358 se
3212 4294 3279 4355 in
3320 4294 3587 4357 volitum
3624 4313 3746 4376 ‚per
3774 4295 3983 4360 adhae·

2479 4393 2725 4456 sionem
2783 4394 3215 4456 omnimodam
3252 4410 3268 4473 ;
3330 4394 3440 4456 sed
3504 4403 3813 4476 separata,
3874 4402 3985 4457 aut

2478 4492 2791 4555 exsistens
2831 4493 2897 4554 in
2938 4510 3201 4575 corpore
3243 4492 3740 4574 incorruptibili,
3778 4494 3981 4557 totali-

2480 4598 2575 4652 ter
2614 4608 2681 4652 se
2722 4590 3065 4671 immergit,
3098 4598 3169 4651 ut
3208 4590 3438 4652 reverti
3480 4609 3608 4653 non
3652 4591 3879 4673 possit,
3915 4600 3985 4653 ut

2479 4697 2834 4772 propterea,
2869 4689 3039 4771 quod
3079 4689 3452 4753 hominibus
3491 4707 3663 4753 mors
3701 4698 3822 4764 est,
3862 4690 3983 4753 hoc

2478 4788 2875 4852 daemonibus
2907 4807 3089 4851 casus
3120 4788 3220 4850 sit.
3239 4789 3422 4851 Juxta
3453 4789 3624 4872 quod
3654 4790 3814 4852 dicit
3842 4790 3987 4853 Gre-

2477 4888 2693 4970 gorius
2727 4906 2741 4951 :
2776 4888 3017 4952 Idcirco
3051 4888 3343 4951 diabolus
3386 4908 3659 4971 peccans
3698 4890 3838 4951 sine
3878 4908 3985 4953 ve—

2478 4989 2586 5050 nia
2621 4996 2717 5050 est
2754 4989 3111 5062 damnatus,
3148 4989 3298 5070 quia
3340 5006 3607 5068 magnus
3637 4988 3777 5051 sine
3810 5007 3983 5051 com-

2480 5089 2803 5170 paratione
2867 5088 3074 5151 fuerat
3142 5095 3410 5150 creatus.
3479 5087 3557 5149 Et
3623 5088 3767 5164 hoc,
3831 5090 3985 5171 quia

2478 5188 2831 5251 secundum
2885 5188 3394 5270 magnitudinem
3454 5206 3635 5250 suam
3684 5207 3761 5250 ex
3810 5207 3983 5251 crea·

2478 5286 2673 5361 tione,
2707 5286 2975 5371 impegit
3008 5296 3074 5349 et
3112 5286 3432 5350 immersit
3468 5306 3537 5349 se
3576 5286 3643 5349 in
3682 5286 3975 5350 volitum.
