4334 6242
1042 541 1187 598 omn
1228 541 1323 589 sn·
1364 540 1591 587 cOELuu
1631 540 1983 598 nummum,
2024 541 2097 586 m·
2139 540 2342 598 QUARE·
2384 543 2476 588 SIT
2516 541 2820 590 commun
2939 560 2944 569 ²

3367 520 3484 585 155

356 709 551 773 Talis
601 729 854 793 quoque
901 720 996 774 est
1040 712 1335 776 limitatio
1374 712 1629 774 virtutis
1680 711 1881 794 ipsius
1907 709 1960 773 A
1994 711 2530 787 immobilitatem,
2565 732 2704 795 quae
2747 712 2901 794 quid
2945 711 3244 775 infimum
3287 719 3385 775 est
3419 711 3487 774 in

358 808 561 882 soliS,
595 810 895 891 quoniam
944 811 1104 873 nihil
1152 811 1281 891 agit
1324 811 1492 873 ultra
1532 811 1879 872 terminum

361 906 512 969 sibi
552 926 591 969 a
631 908 757 970 Deo
802 910 1237 971 constitutum.
1274 910 1433 971 Hinc
1475 910 1883 990 quemadmo-

362 1006 541 1068 dum
602 1006 765 1087 ignis
824 1008 1095 1091 quiescit¹
1153 1009 1531 1089 perveniens
1578 1010 1661 1071 ad·
1714 1008 1880 1070 hori-

364 1114 635 1167 zonte-m
693 1125 806 1167 seu
865 1107 1177 1188 sphaeram
1239 1107 1424 1180 lunai,
1477 1116 1541 1170 et
1587 1116 1753 1170 terra
1802 1108 1880 1169 ad

364 1210 674 1265 centrum
728 1204 1143 1285 perveniens;
1193 1206 1286 1267 sic
1335 1206 1491 1267 radii
1549 1206 1699 1268 solis
1752 1224 1879 1267 non

362 1301 850 1383 protenduntur
879 1301 1043 1363 ultra
1072 1302 1568 1365 firmamentum.
1582 1303 1685 1367 Sol
1717 1322 1883 1365 nam-

362 1419 510 1481 que
563 1400 817 1462 lucerna
865 1408 961 1462 est
1006 1401 1200 1481 hujus
1258 1403 1581 1465 sensibilis
1631 1404 1874 1465 mundi.

364 1499 580 1561 Tanta
615 1492 869 1580 quoque
900 1507 989 1561 est
1024 1500 1363 1563 influentia
1386 1510 1448 1563 et.
1478 1502 1879 1565 luminositas

366 1596 531 1659 coeli
564 1596 871 1679 empyrei,
903 1598 1071 1679 quod
1117 1597 1223 1659 lux
1256 1606 1319 1660 et
1352 1598 1690 1661 influentia
1728 1599 1879 1661 solis

364 1712 512 1757 non
574 1695 875 1776 pertingit.
921 1696 998 1756 ad
1050 1696 1285 1778 ipsum,
1337 1697 1445 1758 sed
1505 1696 1881 1759 absorbetur

360 1792 465 1855 ab
495 1792 655 1873 ipsc,
688 1792 857 1854 sicut
887 1793 1105 1855 lumen
1145 1795 1423 1857 candela>
1452 1814 1489 1857 a
1519 1794 1669 1857 solis
1710 1795 1871 1858 luce.

1992 832 2085 886 ea,
2121 812 2632 875 intellectualitas
2673 830 2824 875 vero
2867 820 2963 875 est
3003 830 3377 893 supremum
3422 810 3487 871 in

1993 911 2147 993 ipsa.
2187 911 2416 993 Sicque
2457 920 2706 993 oportet
2735 930 2872 973 esse
2905 910 3223 992 quoddam
3265 910 3489 972 immo-

1992 1010 2120 1072 bile
2160 1027 2392 1092 corpus
2432 1010 2709 1084 coeleste,
2744 1009 2911 1091 quod
2949 1017 3047 1072 est
3085 1009 3320 1073 coelum
3360 1028 3491 1071 em-

1992 1128 2281 1191 pyreum.
2343 1145 2422 1154 —
2477 1110 2649 1171 Istud
2713 1108 3183 1171 insufficienter
3244 1108 3484 1171 dictum

1990 1208 2261 1270 videtur.
2294 1207 2592 1271 Praesatus
2635 1208 2870 1270 etenim
2914 1209 3069 1270 ordo
3117 1226 3330 1269 rerum
3383 1227 3488 1289 pe-

1991 1326 2103 1368 nes
2162 1306 2526 1368 essentialia
2582 1313 2678 1367 est
2737 1307 3116 1387 pensandus
3171 1306 3291 1368 Sed
3349 1325 3488 1368 esse

1993 1404 2346 1479 immobile,
2399 1423 2525 1466 non
2585 1412 2679 1465 est
2734 1404 3069 1466 essentiale
3128 1424 3335 1485 neque
3396 1404 3489 1465 in—

1993 1504 2339 1565 trinsecum
2372 1503 2532 1565 coelo
2562 1520 2864 1584 empyreo
2892 1520 2906 1563 ε
2939 1502 3241 1584 quoniam
3275 1509 3484 1584 posset

1994 1602 2256 1675 moveri,
2296 1601 2462 1663 sicut-
2510 1608 2573 1663 et
2613 1600 2721 1663 alii
2771 1600 2956 1663 orbes
3005 1610 3264 1683 possent
3311 1602 3486 1684 quie-

1990 1720 2166 1763 scere
2210 1718 2337 1762 non
2379 1706 2619 1761 mutata
2657 1707 2880 1761 natura
2921 1718 3160 1763 eorum.
3195 1700 3337 1763 Haec
3369 1702 3490 1762 Du-

1991 1799 2244 1861 raudus,

464 1891 573 1953 Est
614 1909 765 1972 ergo
806 1892 928 1954 hoc
970 1893 1227 1968 coelum,
1270 1894 1573 1975 quoniam
1618 1893 1683 1955 in
1728 1912 1877 1976 quo-
1915 1894 1962 1955 B
2072 1897 2191 1959 Sed
2237 1896 2596 1978 reprobatio
2637 1896 2755 1959 ista
2795 1914 2922 1958 non
2966 1896 3154 1970 valet,
3187 1897 3487 1978 quoniam

364 1990 541 2053 libet
584 2008 815 2071 genere
874 1990 1111 2053 mobile
1168 1992 1604 2073 praesupponit
1657 1992 1878 2054 immo-

360 2088 531 2161 bile,
577 2095 640 2149 et
686 2088 936 2150 fluxum
986 2088 1371 2163 influxibile,
1417 2090 1495 2152 ad
1546 2091 1711 2172 quod
1761 2098 1880 2152 ter-

362 2187 661 2249 minatur
713 2206 727 2248 :
778 2194 841 2248 et
890 2187 1032 2249 ideo
1088 2207 1280 2269 supra
1327 2206 1549 2251 omnes
1610 2188 1877 2252 mobiles

362 2287 590 2359 coelos‚
604 2292 699 2347 est
730 2285 965 2349 coelum
996 2286 1313 2367 quoddam
1347 2286 1693 2361 immobile,
1709 2286 1881 2369 quie·

362 2384 421 2447 ti
457 2385 793 2447 Beatorum
824 2385 1343 2466 correspondens
1362 2385 1679 2449 Habitatio
1709 2405 1880 2448 nam·

362 2504 503 2565 que
554 2483 1015 2546 habitatoribus
1062 2484 1593 2565 proportionanda
1643 2491 1757 2546 est.
1797 2522 1877 2531 —

362 2584 639 2655 RursuS,
675 2581 742 2643 in
781 2580 1067 2662 quolibet
1094 2600 1325 2661 genere
1358 2581 1423 2642 in
1464 2599 1589 2663 quo
1619 2581 1879 2663 ponitur

363 2680 679 2743 infimum
739 2688 803 2742 et
861 2680 1165 2753 medium,
1228 2680 1488 2762 ponitur
1543 2689 1605 2743 et
1661 2700 1879 2762 supre—

364 2798 577 2841 mum.
627 2778 818 2841 Porro
864 2780 1096 2858 gradus
1142 2796 1480 2860 corporum
1530 2778 1878 2840 attenditur

364 2896 573 2959 penes
619 2876 852 2957 gradus
902 2875 1063 2937 lucis
1110 2883 1301 2958 atque
1344 2876 1689 2958 perspicui,
1734 2895 1876 2957 quae

362 2983 525 3038 sunt
575 2974 992 3057 proprietates
1044 2992 1381 3055 corporum
1429 2974 1813 3056 principales
1857 2992 1871 3037 z

1989 1995 2144 2056 ordo
2196 1993 2302 2057 ille
2354 2001 2688 2076 praetactus
2731 2001 2859 2057 tam
2909 2002 3218 2076 quantum
3268 1995 3346 2057 ad
3393 2014 3488 2057 es-

1989 2092 2281 2153 sentialia
2323 2112 2512 2174 quam
2557 2094 2764 2174 quoad
2811 2092 3225 2155 accidentalia
3271 2111 3485 2156 rerum

1988 2191 2422 2272 perpenditur.
2481 2191 2655 2254 Unde
2713 2198 2777 2252 et
2833 2190 3089 2253 divinus
3149 2191 3485 2273 Dionysius

1988 2287 2055 2349 in
2105 2286 2269 2349 libro
2318 2288 2396 2350 de
2444 2288 2742 2369 Angelica
2794 2288 3150 2350 hierarchia
3206 2288 3484 2368 assignat
3511 2310 3775 2359 capsam..

1988 2385 2109 2447 hoc
2150 2385 2338 2448 modo
2376 2386 2835 2449 connexionem
2878 2394 2940 2447 et
2984 2386 3273 2449 ordinem
3320 2386 3484 2449 inter

1986 2483 2337 2563 angelicam
2387 2492 2448 2545 et
2493 2483 2984 2547 ecclesiasticam
3036 2485 3479 2559 hierarchiam,

1988 2581 2157 2663 quod
2194 2581 2405 2644 infimi
2438 2582 2501 2643 in
2533 2582 2754 2644 ordine
2783 2582 3084 2663 angelicae
3114 2583 3484 2647 hierarchiae

1989 2680 2246 2760 proprie
2283 2680 2490 2761 angeli
2531 2689 3006 2763 nuncupantur,
3039 2681 3150 2763 qui
3182 2682 3260 2743 de
3292 2682 3484 2751 choro

1986 2786 2135 2838 sunt
2194 2777 2456 2858 infim03
2509 2780 2791 2861 supremi
2847 2797 3100 2861 quoque
3148 2780 3213 2842 in
3262 2781 3484 2843 ordine

1985 2874 2432 2937 ecclesiasticae
2489 2875 2881 2951 hierarchiae,
2933 2885 3150 2959 utpote
3199 2879 3485 2941 sacerdo-

1984 2980 2101 3045 teS,
2154 2973 2483 3054 potissime
2535 2973 2859 3055 praesules‚
2911 2975 3119 3056 angeli
3167 2976 3486 3057 appellan—

366 3092 707 3155 quumque
739 3082 906 3135 terra
942 3072 1025 3135 sit
1054 3091 1285 3154 corpus
1320 3091 1591 3154 opacum
1630 3072 1875 3153 simpli·
1909 3076 1952 3139 C
1988 3076 2111 3142 tur,
2126 3071 2310 3151 juxta
2345 3070 2504 3136 illud
2535 3072 2854 3137 Malachiae
2877 3093 2892 3138 z
2917 3074 3111 3135 Labia
3141 3074 3483 3137 sacerdotis
3525 3094 3778 3145 Mamm.

366 3173 558 3245 citer,
591 3171 786 3253 exigit
819 3173 972 3233 ordo
1004 3178 1074 3233 ut
1104 3171 1186 3234 sit
1216 3189 1447 3253 corpus
1479 3171 1871 3233 luminosum

366 3269 782 3353 simpliciter,
809 3270 981 3351 quod
1021 3270 1162 3332 dico
1202 3269 1434 3332 coelum
1475 3287 1869 3351 empyreum.

366 3404 453 3413 —
491 3368 637 3430 Haec
680 3367 1139 3429 Bonaventura.

453 3465 764 3539 Quocirca
804 3463 1160 3538 sciendum,
1194 3463 1363 3546 quod
1406 3470 1469 3526 et
1508 3464 1870 3545 philosophi

368 3570 729 3645 posuerunt
777 3561 1096 3643 quoddam
1148 3561 1381 3624 coelum
1431 3562 1726 3644 simplex,
1781 3563 1871 3624 lu-

370 3661 615 3733 cidum,
642 3660 1054 3741 diaphauum‚
1088 3658 1428 3733 uniforme,
1464 3660 1869 3741 sphaericum,

372 3778 499 3822 non
533 3758 854 3821 stellatum
893 3776 907 3819 ε
942 3757 1241 3820 videlicet
1271 3775 1503 3821 nonam
1534 3758 1868 3839 sphaeram,

372 3877 565 3939 qnam
618 3856 919 3918 dixerunt
968 3855 1274 3919 mobilem
1315 3875 1473 3918 esse.
1504 3848 1585 3917 Et
1628 3857 1705 3919 de
1755 3857 1872 3919 hac

372 3955 620 4037 sphaera
658 3954 884 4017 asserit
915 3954 1339 4016 Damascenus
1370 3974 1384 4018 ε
1420 3954 1725 4027 Quoniam
1761 3955 1872 4036 qui

374 4053 527 4115 foris
588 4060 743 4115 sunt
801 4052 1143 4133 sapienteS,
1206 4052 1269 4113 id
1327 4059 1423 4115 est
1483 4053 1867 4135 philosophi,

376 4151 579 4233 ipsam
639 4150 779 4212 sine
826 4150 1029 4211 stellis
1088 4150 1411 4231 sphaericae
1461 4170 1599 4213 esse
1648 4151 1872 4231 figurae

374 4250 569 4311 aiunt.

448 4344 748 4428 Amplius
797 4343 1207 4425 praeinductis
1256 4362 1372 4427 pro
1420 4346 1645 4426 majori
1696 4354 1871 4427 parte

378 4443 716 4506 concordat
776 4442 1129 4504 Dur-andus,
1194 4441 1421 4524 Aliqua
1479 4462 1629 4506 vero
1690 4446 1868 4527 quasi

379 4543 688 4623 corrigere
736 4540 957 4603 volens
999 4557 1015 4601 t
1057 4540 1271 4623 Aliqui
1314 4540 1579 4623 (inquit)
1626 4543 1868 4617 dicunt,

381 4640 541 4721 quod
584 4639 823 4702 coelum
869 4656 1245 4721 empyreum
1297 4638 1736 4721 principaliter
1784 4641 1872 4704 fa-

382 4746 545 4799 ctum
591 4745 689 4799 est
727 4744 989 4817 propter
1025 4736 1314 4798 ordinem
1360 4737 1661 4800 universi.
1696 4739 1871 4812 Quod

382 4834 462 4896 ita
496 4834 821 4897 declarant
855 4850 869 4893 ε
902 4832 1205 4895 Interiora
1246 4833 1312 4895 in
1352 4834 1609 4896 entibus
1648 4854 1873 4897 secun-

383 4932 527 4995 dum
584 4934 684 4995 sui
743 4950 1118 5013 supremum
1174 4932 1495 5013 attingunt
1546 4934 1873 5015 superiora

108 5044 175 5086 ne
206 5044 363 5087 nivin-
386 5032 725 5094 secundum
775 5030 1031 5092 illorum
1078 5030 1400 5104 infimum,
1436 5039 1505 5092 ut
1547 5033 1613 5094 B.
1649 5033 1872 5115 Diony-

72 5122 197 5149 θα..
214 5121 259 5149 e-

278 5120 512 5192 ¹³¹¹·sius
566 5136 971 5192 contestatur.
1022 5127 1447 5208 Intelligentia
1503 5138 1715 5192 autem
1776 5140 1873 5193 est

392 5234 581 5290 motor
628 5225 979 5290 immobilis
1020 5244 1033 5287 :
1076 5242 1227 5305 ergo
1274 5233 1521 5307 oportet
1571 5228 1739 5308 quod
1790 5230 1873 5291 sit

392 5324 627 5407 aliquod
657 5344 887 5407 corpus
919 5324 1117 5405 ipsam
1146 5324 1462 5405 attingens
1494 5328 1697 5407 quoad
1729 5328 1872 5408 ejus

1987 3169 2352 3232 custodiunt
2401 3170 2754 3245 scientiam,
2797 3179 2859 3233 et
2909 3172 3109 3251 legem
3160 3173 3484 3253 requirent
3513 3163 3553 3202 ⁷·

1985 3286 2063 3327 ex
2094 3285 2202 3330 ore
2233 3268 2711 3350 ejus,quoniam
2742 3270 3004 3350 angelus
3035 3269 3286 3331 Domini
3315 3290 3486 3333 exer-

1986 3365 2231 3426 cituum
2289 3374 2403 3427 est.
2465 3366 2802 3448 Apostolus
2863 3386 3116 3450 quoque
3169 3387 3183 3431 ε
3235 3368 3478 3443 Mulier,
3547 3384 3774 3437 icona,

1984 3466 2093 3539 ait,
2127 3463 2313 3526 debet
2353 3464 2560 3526 velata
2604 3483 2763 3539 esse,
2795 3472 2858 3527 et
2900 3473 3158 3546 propter
3201 3466 3478 3547 angelos,
3515 3451 3578 3491 ¹⁰·

1986 3565 2047 3626 id
2080 3572 2176 3627 est
2205 3564 2578 3627 sacerdotes,
2597 3563 2981 3645 Certumque
3011 3573 3106 3626 est
3135 3566 3299 3646 quod
3329 3566 3482 3628 ordo

1985 3664 2103 3725 iste
2154 3682 2349 3743 penes
2406 3662 2822 3725 accidentalia
2880 3665 3325 3745 perpendatur.
3379 3664 3482 3726 Sic

1985 3780 2205 3822 rursus
2246 3760 2500 3823 divinus
2546 3760 2880 3843 Dionysius
2919 3761 3124 3824 fassus
3163 3770 3279 3835 est,
3312 3763 3478 3844 quod
3525 3776 3584 3820 no
3600 3776 3772 3820 emieat.

1984 3866 2184 3920 status
2243 3858 2620 3939 evangelicae
2682 3859 2836 3939 legis
2900 3860 3110 3923 medio
3169 3861 3357 3923 modo
3411 3879 3481 3922 se
3511 3839 3744 3882 ''imm‘'

1984 3957 2175 4019 habet
2215 3956 2380 4018 inter
2419 3964 2652 4018 statum
2682 3957 2916 4019 veteris
2945 3958 3326 4020 Testamenti
3358 3966 3480 4021 sta-

1983 4065 2249 4136 tumque
2298 4055 2665 4135 angelorum
2718 4074 2732 4118 :
2784 4075 2924 4137 quae
2974 4057 3364 4119 coordinatio
3413 4058 3478 4119 in

1982 4152 2482 4215 accidentalibus
2513 4152 2805 4213 sumitur.
2831 4188 2911 4197 —
2931 4153 3236 4234 Denique,
3260 4173 3480 4235 quam-

1903 4258 1952 4319 D
1983 4252 2079 4313 vis
2130 4251 2423 4314 homines
2484 4250 2766 4312 universi
2825 4250 3015 4313 unius
3068 4251 3196 4313 sint
3243 4254 3478 4333 speciei

1982 4349 2479 4431 specialissimae,
2514 4348 2716 4411 nihilo
2758 4348 2970 4411 minus
3013 4350 3347 4433 multiplex
3386 4369 3482 4414 or-

1981 4448 2062 4509 do
2110 4456 2206 4509 est
2255 4448 2418 4509 inter
2468 4465 2574 4509 eos
2626 4447 2690 4508 in
2735 4447 2994 4522 officiis,
3037 4450 3358 4529 gradibuS,
3393 4452 3482 4514 di-

1979 4546 2348 4627 gnitatibus,
2380 4546 2621 4625 gratiiS,
2653 4546 3021 4620 virtutibus,
3055 4548 3259 4621 doniS,
3292 4559 3478 4631 prout

1980 4644 2058 4706 ad
2104 4644 2464 4707 Corinthios
2508 4645 2690 4707 docet
2733 4646 3088 4727 Apostolus.
3124 4646 3296 4719 Quod
3345 4656 3472 4709 tam
3547 4670 3766 4719 iconxu,

1981 4741 2047 4803 in
2107 4742 2424 4823 spirituali
2473 4762 2666 4824 quam
2717 4743 2781 4804 in
2830 4743 3005 4805 civili
3063 4750 3226 4805 statu
3284 4749 3473 4825 atque
3500 4736 3569 4777 ²⁸·

1980 4841 2292 4921 regimine
2343 4840 2529 4903 facile
2578 4848 2673 4902 est
2724 4860 3006 4922 pensare.
3057 4877 3138 4886 —
3182 4841 3468 4923 Insuper,

1978 4938 2159 5017 juxta
2218 4939 2389 5000 hunc
2450 4938 2708 5000 modum
2765 4940 2830 4999 in
2891 4939 3210 5001 tricesima
3266 4939 3474 5021 prima

1982 5036 2415 5118 propositione
2450 5036 2596 5098 libri
2628 5037 2705 5098 de
2738 5036 2955 5099 Causis
2990 5036 3294 5099 asseritur
3327 5057 3340 5101 :
3374 5039 3471 5100 In-

1980 5142 2075 5196 ter
2120 5153 2254 5195 rem
2296 5134 2480 5214 cujus
2525 5133 2880 5195 substantia
2918 5142 2980 5195 et
3009 5135 3174 5196 actio
3212 5142 3358 5196 sunt
3405 5136 3471 5198 in

1982 5240 2306 5295 momento
2353 5232 2742 5305 aeternitatiS,
2785 5240 2849 5294 et
2891 5232 3056 5294 inter
3099 5252 3235 5295 rem
3285 5233 3470 5314 cujus

1981 5329 2336 5393 substantia
2375 5337 2438 5391 et
2467 5328 2632 5392 actio
2671 5337 2818 5391 sunt
2854 5329 2918 5391 in
2961 5338 3283 5393 momento
3313 5338 3469 5394 tem-
