4334 6242
499 842 619 885 Dan.
636 855 680 894 x,
696 845 764 887 21.

793 434 916 502 528
1499 455 1563 502 ιΝ
1604 455 1825 504 Limum
1865 458 1910 503 11
1950 455 2433 503 summanum.
2478 473 2559 485 —
2598 457 2751 503 msr.
2792 457 2874 520 x;
2916 456 3139 513 Qulnsr.
3184 457 3205 504 1

795 625 907 688 tud
939 625 1261 689 commisit
1289 627 1555 703 Danieli,
1575 627 1953 709 intelligitur
1981 625 2245 689 Michael
2271 642 2288 705 3
2319 624 2372 688 A
2400 625 2556 688 Nam
2590 627 3090 690 incarnationem
3120 626 3311 689 Verbi
3343 626 3528 689 multi
3557 624 3765 707 angeli
3798 642 3910 686 ne-

794 730 857 785 et
905 723 1040 787 sive
1090 724 1218 800 ille,
1253 725 1388 787 sive
1437 726 1625 802 alius,
1657 734 1904 788 certum
1949 725 2121 806 quod
2168 722 2293 786 fuit

795 822 1085 903 superior
1115 822 1423 886 Gabriele.
1453 825 1714 886 Michael
1747 831 1961 885 autem
1992 823 2293 905 princeps

794 918 1003 982 fuerat
1060 921 1421 1003 Synagogae,
1479 931 1542 984 et
1598 923 1691 984 sic
1750 921 1872 984 fuit
1934 921 2012 983 de
2069 921 2291 983 ordine

793 1017 1292 1101 Principatuum,
1327 1028 1391 1082 et
1421 1019 1670 1083 Gabriel
1702 1021 1780 1082 de
1823 1021 2016 1082 choro
2043 1019 2144 1100 (ut
2173 1017 2293 1080 fer-

793 1117 924 1197 tur)
952 1118 1510 1200 Archangelorum.
1537 1121 1860 1194 Praeterea,
1886 1119 1939 1181 si
1967 1119 2148 1200 juxta
2177 1119 2295 1179 Du-

794 1213 1063 1278 randum
1123 1237 1423 1299 suprema
1479 1219 1854 1281 nuntiantur
1902 1237 2018 1301 per
2073 1236 2292 1299 supre-

795 1333 947 1391 mOS,
961 1323 1025 1376 et
1055 1316 1265 1378 media
1296 1336 1407 1398 per
1436 1317 1691 1390 mediOS,
1707 1335 1822 1379 cur
1851 1317 2018 1379 idem
2041 1315 2293 1379 Gabriel

794 1413 1113 1477 nuntiavit
1163 1414 1395 1478 Christi
1445 1416 1946 1479 incarnationem
1993 1423 2058 1477 et
2105 1415 2164 1478 S.
2198 1415 2295 1478 Jo-

723 1562 735 1574 .
794 1513 979 1575 annis
1009 1512 1428 1588 nativitatem,
1455 1515 1583 1577 imo
1612 1523 1676 1576 et
1703 1514 1828 1576 alia
1856 1515 2148 1597 quaedam
2180 1513 2295 1575 mi-

795 1629 970 1684 nora,
1003 1619 1074 1672 ut
1104 1611 1169 1673 in
1200 1612 1458 1674 Daniele
1488 1612 1904 1675 describitur?
1925 1647 2006 1658 ——
2032 1612 2293 1673 Verum-

793 1717 1006 1772 tamen
1052 1709 1248 1791 objici
1293 1719 1520 1792 potest,
1566 1712 1736 1793 quod
1787 1711 1852 1773 in
1902 1709 2166 1773 homilia
2214 1710 2292 1771 de

2401 723 2683 787 scierunt
2711 733 2857 787 ante
2889 733 3141 807 tempus
3180 724 3635 787 incarnationis
3667 722 3911 804 passio-

2401 823 2579 886 nisve
2624 823 2879 886 Christi.
2912 825 3171 906 Propter
3208 825 3375 906 quod
3422 823 3488 885 in
3529 823 3689 884 lsaia
3731 840 3907 904 quae-

2402 929 2551 982 runt
2586 939 2599 982 :
2634 922 2783 995 Quis
2814 930 2909 984 est
2940 922 3059 984 iste
3087 923 3199 1004 qui
3230 921 3405 984 venit
3443 921 3521 983 de
3552 920 3794 982 Edem?
3824 919 3909 980 Et
3942 937 4029 980 ιι.
4060 949 4203 985 mu.
4234 940 4277 976 ι.

2404 1019 2469 1080 in
2500 1020 2745 1083 Psalmo
2772 1019 2959 1093 :Quis
2991 1029 3087 1083 est
3119 1021 3234 1082 iste
3268 1039 3376 1082 rex
3405 1019 3661 1101 gloriati
3691 1019 3906 1092 Quum
3938 1035 4049 1077 Ps.
4072 1041 4275 1082 uuus.

2402 1135 2550 1198 ergo
2594 1118 2967 1201 mysterium
3012 1119 3173 1181 illud
3216 1137 3344 1182 non
3389 1118 3645 1181 latuerit
3682 1116 3911 1180 Gabri-

2402 1215 2567 1278 elem
2595 1224 2725 1279 tam
2756 1216 2883 1292 diu,
2900 1218 3191 1299 sequitur
3214 1219 3424 1299 ipsum
3457 1217 3535 1278 de
3564 1215 3911 1299 superiori·

2406 1313 2525 1376 bus
2555 1333 2716 1378 esse.
2739 1351 2820 1362 -
2848 1316 2991 1379 Haec
3023 1316 3266 1379 Scotus.
3296 1315 3491 1396 Cujus
3522 1314 3716 1378 verba
3745 1314 3911 1397 quid

2405 1413 2771 1477 contineant
2827 1416 3131 1488 veritatis,
3191 1415 3603 1477 distinctione
3660 1413 3913 1496 patebit

2405 1520 2728 1594 sequente.
2756 1513 2832 1575 Et
2861 1514 3153 1596 quamvis
3184 1514 3528 1597 praemissae
3557 1519 3769 1575 essent
3796 1531 3911 1574 ve-

2404 1629 2509 1685 rae,
2544 1629 2671 1673 non
2703 1617 2916 1674 tamen
2947 1612 3422 1685 concluderent,
3450 1612 3619 1693 quod
3651 1609 3913 1673 Gabriel

2404 1709 2631 1772 fuisset
2669 1710 2745 1772 de
2786 1730 3084 1792 suprema
3121 1718 3232 1772 aut
3276 1711 3485 1772 media
3523 1709 3909 1781 hierarchia,

793 1806 1034 1889 angelis
1072 1808 1295 1871 beatus
1331 1817 1597 1872 testatur
1628 1809 1964 1891 Gregorius
1999 1827 2012 1871 :
2046 1809 2138 1871 Ad
2174 1809 2291 1872 hoc
2328 1810 2376 1872 B
2406 1808 2513 1870 sed
2560 1809 2731 1890 quod
2772 1827 2899 1872 non
2944 1809 3067 1871 fuit
3109 1809 3187 1871 de
3232 1808 3459 1870 infimo
3497 1809 3712 1871 choro.

792 1906 1031 1988 quippe
1083 1905 1410 1986 (videlicet
1466 1907 1949 1987 iucarnationis)
2002 1907 2291 1988 mysteri-

792 2023 904 2065 um
943 2004 1392 2078 nuntiandum‚
1425 2024 1750 2068 summum
1789 2005 2086 2087 angelum
2124 2005 2292 2066 mitti

791 2102 1056 2183 dignum
1090 2101 1231 2177 fuit,
1251 2103 1362 2185 qui
1395 2104 1684 2167 omnium
1716 2123 2040 2166 summum
2070 2103 2290 2165 venire

789 2200 1142 2263 nuntiabat.
1180 2201 1299 2263 Sed
1340 2208 1404 2265 et
1432 2202 1496 2263 B.
1532 2202 1886 2264 Bernardus
1927 2221 2118 2284 super
2147 2201 2289 2264 Mis-

789 2319 897 2361 sus
941 2306 1038 2361 est
1072 2317 1086 2361 ε
1117 2299 1255 2362 Non
1301 2300 1598 2374 arbitror,
1633 2301 1862 2382 inquit,
1894 2300 2066 2362 hunc
2106 2318 2292 2380 ange-

788 2398 925 2460 lum
976 2398 1054 2460 de
1106 2398 1464 2462 minoribus
1512 2418 1668 2461 esse.
1721 2398 1826 2461 Ad.
1863 2417 2004 2480 quae
2058 2397 2291 2480 poterit

790 2496 939 2573 dici,
976 2498 1144 2579 quod
1175 2497 1299 2560 fuit
1339 2517 1630 2560 summus
1661 2498 1727 2559 in
1759 2496 1982 2559 ordine
2017 2513 2153 2568 su0,
2188 2496 2288 2559 vel

790 2615 1105 2671 summus,
1139 2596 1202 2657 id
1232 2604 1328 2658 est
1357 2597 1539 2659 valde
1567 2597 1754 2670 altuS,
1787 2603 1850 2657 et
1879 2596 2093 2660 forsan
2125 2594 2293 2656 inter

789 2693 1217 2776 Archangelos
1256 2695 1521 2776 primus.

873 2792 1177 2855 Praeterea
1226 2789 1495 2855 Thomas
1543 2792 1620 2854 de
1670 2791 2013 2872 Argentina
2047 2808 2060 2852 z
2095 2789 2291 2852 Dil'fe-

792 2893 996 2955 rentia
1023 2893 1167 2974 (ait)
1196 2900 1290 2954 est
1330 2892 1497 2954 inter
1535 2893 1896 2954 ministrare
1929 2899 1992 2954 et
2029 2891 2289 2954 adsiste-

2484 1907 2776 1989 Amplius
2808 1908 2885 1970 de
2915 1907 3015 1970 his
3055 1907 3279 1970 scribit
3308 1906 3685 1981 Quodlibeto
3718 1907 3911 1989 quin-

2404 2013 2467 2068 to
2506 2005 2837 2080 HenricuS,
2872 2006 3235 2088 specialiter
3274 2006 3547 2088 qualiter
3586 2025 3754 2068 unus
3797 2025 3911 2068 an-

2401 2103 2581 2185 gelus
2634 2103 2955 2166 illuminet
2994 2104 3194 2166 alium
3242 2111 3307 2166 et
3352 2105 3410 2166 ei
3462 2104 3773 2186 loquatur.
3818 2139 3910 2149 ——-

2401 2201 2688 2283 Denique
2720 2220 2913 2283 super
2935 2202 3215 2283 primum
3248 2202 3607 2264 introducta
3634 2209 3730 2264 est
3758 2201 3907 2282 ejus
3940 2224 4033 2280 cs.
4052 2225 4265 2280 ,nasac

2401 2299 2640 2381 opinio,
2674 2319 2799 2381 qua
2843 2301 2997 2363 dicit
3037 2300 3351 2363 actualem
3400 2300 3905 2363 intellectionem
3934 2293 3996 2330 οἱ
4026 2301 4075 2331 ⁸·

2400 2416 2528 2461 non
2577 2397 2722 2460 fieri
2767 2417 2881 2481 per
2924 2399 3396 2480 intelligibilem
3445 2399 3747 2481 speciem,
3779 2417 3907 2461 nec

2400 2497 2476 2558 ad
2536 2497 2869 2560 actualiter
2916 2498 3402 2578 intelligendum
3463 2498 3701 2580 requiri
3758 2518 3907 2581 spe—

2399 2594 2564 2658 ciem
2613 2595 2829 2671 talem,
2861 2597 2971 2659 sed
3020 2595 3321 2658 sufficere
3365 2595 3656 2659 habitum
3700 2598 3909 2660 scien-

2398 2692 2614 2756 tialem
2652 2711 2665 2755 z
2700 2713 2842 2776 quae
2881 2693 3100 2776 opinio
3136 2694 3332 2775 (sicut
3371 2693 3609 2756 ibidem
3654 2696 3907 2777 exposi-

2400 2799 2535 2854 tum
2582 2791 2708 2871 est)
2757 2793 3179 2855 contrariatur
3231 2793 3558 2856 communi
3613 2812 3685 2855 ac
3732 2812 3905 2856 verae

2396 2896 2527 2950 tam
2598 2890 3125 2972 philosophorum
3196 2911 3389 2972 quam
3456 2891 3901 2972 theologorum

792 3011 860 3053 re
902 2992 1273 3072 angelorum
1308 3008 1321 3053 ε
1356 2991 1508 3073 quia
1547 2991 1874 3065 adsistere,
1908 2998 2005 3052 est
2046 2989 2152 3052 Dei
2198 2990 2288 3052 fa·
2322 2988 2367 3051 C
2397 2988 2723 3052 doctrinae.

789 3091 954 3152 ciem
986 3089 1425 3171 contemplari,
1459 3090 1678 3171 sicque
1717 3089 2030 3151 adsistunt
2067 3107 2290 3152 omnes

788 3188 995 3268 angeli
1046 3187 1234 3268 boni3
1268 3189 1418 3250 item
1470 3187 1796 3262 adsistere,
1829 3194 1926 3248 est
1971 3185 2291 3249 illumina-

786 3287 993 3348 tiones
1032 3304 1070 3347 a
1098 3286 1225 3348 Deo
1266 3285 1631 3347 immediate
1671 3284 1955 3367 recipere
1989 3303 2004 3346 :
2039 3285 2130 3346 sic
2162 3292 2289 3346 tres

787 3383 1042 3446 ordines
1085 3384 1368 3465 supremi
1417 3383 1754 3446 adsistunt.
1786 3382 2140 3445 Ministrare
2186 3401 2287 3446 ve-

789 3501 881 3559 r0,
914 3490 1009 3544 est
1039 3482 1332 3545 nuntiare
1363 3500 1477 3564 pro
1509 3481 1816 3562 temporis
1849 3479 2287 3562 opportunita-

787 3589 872 3656 te,
904 3581 1006 3644 vel
1040 3581 1392 3644 secundum
1432 3580 1726 3643 officium
1767 3579 2014 3661 operari
2052 3596 2065 3639 :
2101 3578 2288 3640 mini-

788 3679 1055 3742 sterium
1088 3697 1358 3761 namque
1389 3686 1484 3740 est
1513 3677 1723 3740 nuntii
1753 3685 1943 3759 atque
1972 3674 2291 3739 officii.Et

790 3778 881 3841 sic
913 3778 1279 3840 ministrant
1307 3778 1435 3840 Deo
1464 3777 1718 3841 ordines
1750 3776 1875 3838 duo
1905 3775 2289 3855 Angelorum

789 3883 853 3938 et
907 3874 1466 3956 Archangelorum.
1526 3875 1762 3937 Rursus
1820 3873 2144 3947 adsistere,
2197 3880 2291 3934 est

789 3973 1308 4056 appropinquare
1356 3974 1504 4048 Deo,
1540 3980 1604 4035 et
1649 3979 2022 4034 extraneum
2068 3988 2207 4032 esse
2254 3989 2291 4032 a

790 4073 1095 4135 missione
1122 4090 1136 4134 ε
1160 4072 1381 4153 sicque
1411 4071 1725 4134 adsistunt
1758 4077 2029 4152 quatuor
2058 4069 2289 4151 reliqui

2464 3086 2703 3172 Deinde
2736 3088 2815 3149 ad
2844 3086 3009 3150 hanc
3038 3087 3469 3170 quaestionem,
3486 3096 3700 3151 utrum
3726 3108 3900 3151 unus
3948 3112 4145 3162 quat.
4172 3113 4245 3152 ιε..

2398 3185 2659 3266 angelus
2690 3186 2883 3268 possit
2926 3185 3170 3268 aliquid
3199 3186 3277 3248 de
3317 3203 3481 3248 novo
3516 3204 3901 3267 cognoscere

2399 3302 2513 3364 per
2551 3283 2811 3346 alterius
2851 3285 3059 3366 angeli
3099 3285 3554 3366 operationem,
3590 3285 3651 3347 id
3692 3295 3787 3348 est
3820 3286 3901 3348 il-

2400 3381 2908 3457 luminationem,
2969 3382 3379 3455 locutionem,
3439 3391 3587 3457 etc.‚
3636 3401 3903 3466 respon-

2398 3481 2555 3542 dens
2576 3498 2590 3542 z
2611 3479 2884 3553 Quaestio
2912 3479 3057 3562 (ait)
3084 3481 3218 3544 haec
3257 3489 3385 3545 tres
3414 3483 3903 3563 comprehendit

2398 3578 2699 3641 articulos
2734 3597 2981 3641 :unum
3032 3579 3109 3640 de
3157 3578 3526 3660 angelorum
3578 3580 3901 3642 illumina-

2400 3677 2591 3750 tione,
2626 3677 2976 3739 secundum
3018 3676 3097 3738 de
3140 3695 3361 3739 eorum
3402 3677 3739 3752 locutione,
3772 3687 3901 3741 ter-

2399 3774 2563 3836 tium
2607 3774 2685 3836 de
2727 3774 3061 3855 utriusque
3104 3774 3403 3838 novitate.

2480 3873 2695 3955 Itaque
2726 3873 2805 3935 de
2836 3872 3304 3936 illuminatione
3338 3859 3691 3949 sciendum,
3724 3875 3900 3957 quod

2401 3971 2539 4052 ipsa
2578 3971 2657 4032 ad
2705 3969 3156 4033 intellectivam
3202 3971 3549 4053 potentiam
3596 3973 3897 4054 pertinet,

2400 4069 2487 4131 ita
2526 4070 2693 4152 quod
2736 4069 2945 4131 omnis
2986 4070 3263 4150 cognitio
3307 4088 3383 4132 ex
3426 4071 3901 4135 illuminatione

789 4171 1067 4246 ordines,
1131 4177 1372 4252 utpote,
1435 4169 1930 4244 Dominationes,
1981 4167 2284 4243 VirtuteS,
2318 4169 2369 4231 D
2401 4166 2686 4250 procedit
2730 4183 2744 4228 ε
2792 4167 2878 4228 ita
2926 4168 3095 4256 quod
3142 4167 3327 4243 scire,
3381 4167 3731 4250 intelligere
3780 4188 3900 4232 seu

789 4273 1152 4344 PotestateS,
1187 4278 1249 4332 et
1278 4269 1698 4351 Principatus.
1721 4269 1960 4330 —Haec
1993 4268 2119 4330 ille.
2140 4266 2288 4339 Quae

791 4369 1160 4454 praehabitis
1201 4387 1326 4432 non
1366 4369 1770 4442 concordant,
1804 4386 2005 4448 quum
2043 4367 2288 4428 dictum

790 4470 894 4544 sit,
940 4470 1019 4531 ad
1066 4468 1356 4531 ordinem
1404 4466 1722 4528 Virtutum
1773 4474 2056 4549 spectare
2104 4464 2292 4527 mira—

792 4568 936 4630 cula
973 4567 1182 4630 facere
1201 4585 1217 4646 ;
1249 4567 1328 4628 ad
1366 4566 1728 4639 PotestateS,
1761 4565 2078 4627 daemones
2117 4581 2291 4626 coer-

792 4685 972 4747 cere3
1004 4665 1083 4729 ad
1127 4663 1546 4746 Principatus‚
1582 4662 1792 4743 regnis
1835 4669 1898 4724 et
1941 4660 2289 4744 provinciis

794 4786 907 4830 seu
946 4763 1222 4848 praelatis
1261 4769 1325 4825 et
1363 4761 1766 4845 principibus
1808 4759 2144 4842 praesidere
2180 4777 2193 4822 :
2228 4768 2290 4822 et

794 4866 882 4929 ita
921 4863 1263 4926 mittuntur
1303 4869 1493 4943 atque
1541 4859 1926 4922 ministrant.

874 4965 1140 5045 Insuper
1166 4962 1390 5024 Scotus
1422 4959 1712 5022 concedit
1742 4957 2071 5022 universos
2105 4977 2295 5042 ange-

796 5064 891 5127 los
919 5061 1088 5124 mitti
1118 5060 1218 5123 vel
1252 5059 1415 5121 intra
1454 5058 1557 5121 vel
1596 5064 1810 5135 extra3
1842 5062 1905 5118 et
1932 5057 2106 5119 addit
2139 5077 2153 5122 :
2188 5058 2291 5120 Vi-

795 5257 1113 5343 supremis
1161 5255 1496 5319 mittantur
1536 5253 1918 5336 quandoque
1964 5254 2041 5316 ad
2091 5261 2288 5318 extra.

2400 4283 2799 4347 cognoscere,
2851 4283 2978 4328 non
3036 4265 3208 4328 aliud
3261 4273 3357 4329 est
3406 4285 3599 4350 quam
3654 4267 3903 4330 intelle-

2400 4373 2571 4427 ctum
2614 4363 2855 4426 lumine
2896 4383 3022 4445 quo
3066 4363 3462 4428 illuminatus
3508 4373 3624 4441 est,
3657 4366 3894 4429 lucere.

2401 4463 2677 4526 Scientia
2723 4481 2999 4544 namque
3048 4464 3401 4527 secundum
3449 4473 3685 4539 actum,
3734 4465 3897 4528 nihil

2400 4571 2497 4625 est
2541 4562 2713 4625 aliud
2758 4581 2951 4643 quam
2996 4562 3231 4643 cogniti
3276 4562 3720 4638 manifestatio,
3752 4584 3900 4646 quae

2401 4669 2496 4724 est
2543 4679 2658 4743 per
2698 4660 3023 4741 objectum
3065 4661 3395 4724 actualiter
3437 4661 3777 4743 splendens
3828 4662 3899 4725 in

2400 4760 2749 4823 intellectu.
2784 4759 2959 4822 Unde
2999 4767 3061 4822 et
3100 4759 3424 4840 obiectum
3464 4769 3535 4823 ut
3563 4761 3902 4824 actualiter

2403 4859 2750 4940 cognitum,
2783 4859 3018 4920 dicitur
3049 4857 3303 4920 lumen:
3332 4859 3483 4941 quia
3514 4861 3790 4941 cognitio
3819 4860 3901 4923 fit

2402 4977 2517 5040 per
2545 4956 3070 5020 assimilationem
3111 4958 3547 5037 cognoscentis
3580 4960 3656 5021 ad
3688 4961 3903 5041 cogni-

2402 5064 2562 5119 tum.
2616 5057 2790 5120 Unde
2840 5055 3000 5118 dixit
3044 5055 3381 5138 Apostolus
3424 5073 3437 5118 :
3481 5054 3679 5120 Omne
3726 5061 3899 5142 quod
3968 5077 4239 5136 Epaem,

795 5163 981 5227 detur
1018 5167 1252 5233 tamen,
1287 5155 1456 5240 quod
1498 5155 1783 5238 supremi
1823 5161 1932 5217 aut
1974 5154 2174 5238 aliqui
2214 5157 2293 5219 de
2405 5156 2869 5230 manifestatur,
2920 5155 3300 5218 lumen'est.
3352 5155 3897 5229 Quemadmodum
3932 5142 4011 5185 ¹³·

2406 5254 2580 5318 enim
2612 5254 2827 5317 lumen
2859 5254 2925 5317 in
2959 5253 3333 5335 corporibus
3364 5263 3459 5317 est
3482 5254 3736 5318 visibile
3766 5257 3899 5339 pri-
