4334 6242
827 481 946 546 484
1501 503 1564 550 m
1604 501 1828 549 uanum
1870 503 1912 548 11
1955 501 2437 550 sam-ammaum.
2482 521 2564 532 -
2606 503 2760 550 ms‘r.
2805 501 2908 567 1x3
2952 502 3175 558 ouas‘r.
3217 501 3265 549 11

826 680 890 734 et
945 672 1224 754 virgines
1286 673 1750 755 designantur3
1817 682 1954 737 tum
2018 675 2319 756 quoniam
2351 673 2619 756 Aatque
2672 673 3005 736 ordinibus
3065 675 3431 755 cogitarem,
3487 673 3711 736 incidit
3768 673 3933 734 mihi

825 769 1012 832 multi
1055 790 1241 834 carne
1287 773 1592 854 corrupti,
1627 782 1696 835 ut
1737 773 1956 836 Petrus
1998 773 2321 855 apostolus
2430 772 2727 852 cogitatio
2770 772 2849 833 (16
2894 791 3088 853 regno
3134 780 3385 835 terreno
3433 772 3596 834 bene
3640 771 3933 834 ordinato

823 876 887 930 et
915 869 1108 932 Maria
1133 870 1518 952 Magdalene,
1553 871 1773 933 multis
1815 872 2051 934 sanctis
2092 872 2323 934 utrius·
2429 889 2502 932 ac
2541 870 2841 932 decenter
2879 870 3210 952 disposito,
3243 870 3413 933 etde
3446 870 3693 933 familia
3732 869 3928 950 regia.

822 986 948 1049 que
987 986 1174 1030 sexus
1204 969 1564 1050 virginibus
1605 970 1742 1031 sine
1777 969 1974 1033 dubio
2011 977 2161 1032 sunt
2192 989 2321 1031 ma·
2429 969 2506 1030 Et
2544 969 2755 1031 visum
2804 977 2901 1032 est
2944 970 3126 1044 mihi,
3169 969 3338 1053 quod
3389 969 3663 1052 proximi
3708 969 3933 1030 latera-

817 1065 1010 1146 jores,
1043 1065 1362 1129 feliciores
1404 1074 1468 1129 et
1509 1068 1875 1131 sanctiores.
2430 1067 2648 1149 lesque
2694 1068 2860 1148 regis
2904 1068 3287 1130 constituere
3326 1066 3561 1130 debent
3598 1074 3725 1129 tres
3766 1066 3937 1129 ordi-

907 1165 1068 1227 Hinc
1125 1166 1310 1228 tertia
1367 1174 1569 1228 exstat
1625 1167 1865 1249 opinio,
1927 1167 2096 1248 quod
2153 1166 2321 1228 ultra
2429 1183 2541 1226 nes
2588 1165 2947 1239 hominum,
2992 1183 3151 1247 quos
3196 1172 3445 1247 oportet
3494 1163 3933 1227 indesinenter

819 1280 1048 1325 novem
1098 1265 1353 1327 ordines
1410 1265 1782 1346 angelorum
1839 1266 2104 1327 addetur
2150 1264 2319 1326 deci·
2427 1281 2500 1324 ac
2551 1263 2895 1326 lateraliter
2951 1264 3257 1326 adsistere
3317 1263 3469 1344 regi.
3525 1263 3773 1325 Primus
3830 1270 3933 1326 est

819 1381 962 1424 mus
991 1362 1146 1425 ordo
1177 1381 1254 1426 ex
1285 1363 1385 1426 his
1418 1365 1528 1445 qui
1561 1364 1627 1425 in
1659 1365 1776 1426 hac
1807 1363 1938 1426 vita
1967 1364 2046 1425 ad
2077 1371 2318 1425 tantam
2426 1362 3035 1435 amantissimorum,
3090 1363 3152 1424 id
3211 1370 3328 1438 est,
3382 1361 3656 1423 maxime
3710 1379 3929 1442 regem

818 1461 1193 1524 meritorum
1236 1463 1679 1525 excellentiam
1723 1480 1850 1525 non
1893 1471 2206 1542 venerunt
2249 1471 2319 1524 ut
2425 1460 2801 1534 amantium,
2844 1468 2907 1522 et
2948 1478 3163 1522 amore
3208 1459 3411 1542 ipsius
3462 1478 3654 1541 super
3702 1477 3931 1522 omnes

815 1558 893 1620 ad
933 1560 1304 1640 angelorum
1344 1560 1598 1623 ordines
1638 1561 2016 1634 exaltentur,
2051 1561 2161 1622 sed
2194 1579 2319 1622 me-
2424 1557 2831 1621 ferventium.
2864 1559 3266 1622 Consuetudo
3297 1558 3536 1620 etenim
3576 1575 3797 1638 regum
3830 1565 3931 1619 est

815 1657 955 1719 ritis
999 1657 1233 1720 Christi
1277 1658 1522 1734 salvati,
1556 1643 1879 1721 decimum
1918 1667 2136 1720 tenent
2178 1677 2317 1739 gra·
2424 1657 2826 1731 omnium,ut
2856 1657 3057 1720 velint
3086 1656 3319 1719 habere
3349 1664 3413 1718 et
3442 1655 3717 1718 habeant
3742 1655 3931 1736 juxta

813 1755 988 1818 dum.
1033 1756 1111 1818 Et
1153 1757 1274 1818 ista
1320 1758 1550 1839 positio
1595 1764 1859 1839 apparet
1901 1755 2252 1839 probabilis
2294 1775 2309 1819 :
2423 1773 2491 1816 se
2540 1763 2602 1816 et
2649 1755 2974 1837 proximos
3032 1753 3156 1816 sibi
3215 1753 3524 1836 quosdam
3581 1771 3741 1835 quos
3796 1753 3925 1815 sibi

812 1861 952 1915 tum
1010 1862 1271 1937 propter
1326 1854 1877 1937 imperfectionem
1936 1855 2310 1918 meritorum
2346 1857 2395 1920 B
2421 1852 2833 1915 fidelissimos
2890 1860 2955 1914 et
3000 1852 3423 1914 amicissimos
3481 1853 3767 1914 credunt.
3820 1853 3931 1914 Se-

812 1970 1006 2034 quam
1069 1953 1304 2016 habent
1363 1954 1548 2015 multi
1612 1953 1678 2015 in
1742 1953 1859 2016 hac
1918 1954 2048 2016 vita
2091 1971 2108 2032 ;
2172 1962 2310 2016 tum
2422 1950 2670 2014 cundus
2715 1958 2813 2013 est
2859 1951 3015 2015 ordo
3064 1951 3470 2033 sapientium.
3517 1951 3651 2024 Quo
3697 1951 3924 2013 ordine

811 2059 1073 2134 propter
1110 2051 1568 2134 perfectionem
1609 2053 1874 2126 denarii,
1908 2052 1975 2113 in
2014 2069 2142 2133 quo
2184 2071 2311 2114 ma·
2421 2049 2579 2112 nihil
2612 2050 3097 2112 convenientius
3126 2049 3357 2131 ‚nilque
3391 2049 3721 2112 decentius
3760 2049 3919 2131 regi,

811 2151 984 2212 xima
1032 2151 1320 2214 consistit
1367 2151 1715 2213 numeralis
1775 2150 2120 2232 perfecti03
2169 2157 2309 2212 tum
2418 2167 2618 2230 quum
2666 2156 2730 2210 et
2772 2149 3095 2232 Sapientia
3140 2167 3392 2210 summa
3436 2154 3705 2210 testetur
3744 2167 3760 2211 :
3803 2148 3923 2210 Per
3978 2177 4191 2229 Prot-sm.

810 2256 1072 2330 propter
1124 2249 1566 2311 decimationis
1625 2248 2185 2330 significationem,
2248 2256 2311 2311 et
2419 2264 2520 2308 me
2570 2265 2749 2328 reges
2798 2255 3080 2328 regnant.
3125 2247 3373 2309 Tertius
3421 2247 3575 2309 ordo
3615 2253 3713 2308 est
3751 2245 3921 2327 judi·
3952 2244 4019 2284 ¹⁵·

807 2353 1068 2428 propter
1092 2346 1355 2410 decimae
1385 2346 1703 2409 drachmae
1734 2347 2188 2408 inventionem.
2214 2345 2309 2407 ld·
2418 2364 2588 2418 cum,
2622 2345 2733 2426 qui
2770 2345 2917 2426 jura
2956 2345 3223 2407 cuilibet
3255 2344 3541 2418 reddant,
3573 2352 3638 2407 et
3667 2351 3921 2407 contro-

806 2443 978 2506 circo
1021 2444 1184 2506 hanc
1230 2462 1570 2527 possumus
1615 2444 1950 2506 sustinere.
1985 2479 2064 2489 -
2096 2443 2160 2505 Si
2203 2462 2310 2505 au·
2416 2445 2655 2507 versias
2688 2444 2957 2527 litesque
2988 2445 3309 2507 dirimant.
3335 2445 3605 2518 Quartus
3636 2444 3791 2507 ordo
3820 2451 3923 2506 est

803 2548 935 2602 tem
966 2540 1327 2622 objiciatur,
1342 2541 1512 2624 quod
1546 2541 1820 2624 quilibet
1847 2542 2001 2604 ordo
2029 2541 2307 2604 coelestis
2415 2543 3102 2606 excellentissimorum
3142 2543 3743 2625 honorabiliumque
3784 2563 3919 2605 ma-

804 2639 873 2701 in
919 2640 1150 2722 aliqua,
1182 2642 1544 2703 continetur
1592 2640 1970 2713 hierarchia,
2017 2640 2306 2702 decimus
2414 2648 2700 2722 gnatum,
2749 2650 2820 2702 ut
2866 2650 3013 2704 sunt
3061 2659 3355 2723 proceres
3403 2649 3463 2703 et
3514 2642 3807 2715 baroneS,
3852 2643 3923 2704 in

802 2744 1016 2800 autem
1066 2739 1219 2800 ordo
1271 2740 1334 2801 in
1385 2740 1562 2802 nulla
1609 2757 1622 2801 ε
1676 2757 1827 2819 ergo
1875 2756 2003 2801 non
2053 2738 2307 2800 videtur
2415 2739 2650 2820 quihus
2700 2740 2992 2802 consistit
3041 2758 3269 2821 magna
3325 2759 3471 2822 pars
3521 2740 3920 2803 fortitudinis

801 2836 971 2918 quod
1030 2837 1257 2900 debeat
1309 2857 1466 2901 esse.
1522 2839 1898 2912 Dicendum,
1956 2838 2127 2920 quod
2185 2838 2303 2900 sic·
2414 2838 2611 2918 regni.
2674 2839 2944 2912 Quintus
3002 2846 3099 2900 est
3159 2839 3325 2902 ordo
3372 2838 3714 2920 praesidum
3773 2857 3919 2920 pro-

802 2940 872 2994 ut
902 2942 1131 3016 praeter
1159 2937 1511 3016 angelicam
1543 2936 1967 2998 hierarchiam
1998 2954 2167 2998 nunc
2198 2953 2305 3017 po·
2413 2937 2788 2999 vinciarum.
2844 2937 3094 3011 SextuS,
3145 2937 3380 3000 ducum
3440 2937 3788 3018 legionum,
3846 2945 3921 2998 ut

799 3031 974 3094 nitur
1023 3033 1454 3096 ecclesiastica
1501 3034 1883 3110 hierarchia,
1931 3033 2024 3096 sic
2074 3042 2304 3116 praeter
2334 3039 2377 3103 C
2412 3043 2560 3097 sunt
2618 3036 3034 3098 instructores
3095 3035 3433 3109 bellorum,
3486 3042 3549 3098 et
3594 3035 3917 3118 capitanei

798 3136 926 3190 tres
970 3129 1109 3192 illas
1157 3131 1474 3212 angelicas
1521 3130 1910 3193 hierarchias
1961 3131 2082 3192 erit
2132 3131 2301 3193 deci-
2409 3133 2713 3195 acierum.
2753 3134 3096 3216 SeptimuS,
3132 3133 3602 3207 centurionum,
3633 3133 3743 3216 qui
3774 3135 3920 3196 vin-

803 3246 946 3288 mus
990 3219 1098 3289 ille
1141 3229 1316 3303 ordo,
1357 3237 1421 3290 et
1464 3229 1586 3290 erit
1631 3229 1894 3291 salvatio
1941 3228 2007 3290 in
2051 3229 2300 3290 decimo
2409 3231 2609 3293 dictas
2658 3241 2849 3315 atque
2895 3231 3176 3311 justitias
3224 3239 3679 3314 exsequuntur.
3734 3232 3917 3294 Octa·

795 3326 996 3408 gradu
1040 3326 1150 3389 illo
1193 3327 1388 3389 simul
1427 3326 1689 3390 rationis
1733 3327 1975 3389 ordinis
2025 3346 2098 3389 ac
2137 3327 2301 3388 hier·
2408 3346 2550 3404 vus,
2582 3329 2955 3391 nuntiorum
2998 3346 3395 3411 magnorum,
3427 3329 3539 3410 qui
3580 3328 3768 3411 legati
3810 3347 3917 3392 vo-

795 3424 1030 3488 archiae
1064 3442 1078 3488 z
1114 3424 1510 3501 hierarchiae,
1555 3425 1840 3507 inquam,
1886 3445 2002 3508 per
2049 3443 2299 3507 compa·
2409 3434 2635 3488 cantur
2682 3446 2695 3490 :
2749 3427 2857 3509 qui
2911 3445 3139 3507 magna
3184 3435 3249 3489 et
3297 3427 3439 3489 aliis
3490 3427 3734 3490 nuntiis
3783 3445 3914 3490 non

796 3523 1107 3587 rationem
1165 3523 1452 3605 ipsorum
1500 3524 1579 3586 ad
1638 3524 1942 3598 invicem,
1994 3517 2296 3605 quoniam
2409 3523 2792 3586 insinuanda
2820 3525 3199 3587 denuntiant
3228 3525 3327 3586 his
3359 3524 3595 3607 quibus
3636 3544 3748 3587 rex
3781 3526 3915 3607 jus-

797 3640 924 3685 non
975 3621 1303 3684 habebunt
1345 3622 1780 3685 omnimodam
1829 3623 2295 3704 aequali'tatem3
2408 3623 2578 3684 serit.
2593 3621 2810 3686 Nonus
2840 3631 2904 3685 ct
2928 3623 3197 3685 infimus
3227 3623 3381 3687 ordo
3410 3631 3505 3686 est
3536 3625 3911 3686 nuntiorum

793 3727 858 3782 et
887 3719 1152 3794 ordiniS,
1187 3739 1303 3802 per
1340 3722 1879 3802 comparationem
1923 3720 2001 3781 ad
2042 3721 2297 3783 ordines
2408 3721 2733 3783 minorum
2795 3740 2909 3804 per
2972 3729 3178 3784 totum
3243 3721 3745 3784 discurrentium
3811 3741 3909 3785 re-

793 3819 1171 3901 superioreS.
1196 3853 1278 3862 -—
1305 3819 1449 3882 Haec
1477 3819 1935 3881 Bonaventura.
1966 3818 2042 3879 Et
2071 3818 2148 3880 de
2178 3819 2297 3880 hac
2405 3838 2626 3900 gnum,
2666 3819 2801 3882 sive
2850 3820 3141 3901 equitum
3190 3820 3325 3882 sive
3375 3820 3688 3902 peditum,
3728 3821 3910 3900 jussa

794 3937 863 3979 re
920 3917 1175 4000 plenius
1235 3917 1400 3979 infra
1455 3916 1724 3990 dicetur,
1783 3917 1894 3979 ubi
1952 3925 2293 3998 quaeretur,
2406 3917 2571 3997 regis
2603 3917 3049 3979 deferentium.
3084 3954 3166 3964 —
3193 3919 3321 3981 Nec
3359 3937 3630 3981 numero
3666 3936 3907 4001 coquos

792 4035 873 4078 an
922 4015 1213 4079 homines
1261 4016 1340 4077 ad
1393 4014 1766 4096 angelorum
1814 4015 2069 4078 ordines
2119 4035 2295 4077 assu·
2406 4015 2471 4078 in
2517 4017 2635 4078 ista
2680 4016 2875 4098 regali
2918 4017 3182 4092 familia,
3225 4019 3377 4101 quia
3419 4037 3537 4081 nec
3579 4019 3757 4100 regni
3802 4039 3909 4083 ne-

792 4122 1066 4178 mantur.
2403 4115 2685 4188 cessitaS,
2738 4135 2856 4178 nec
2914 4117 3103 4179 decor
3154 4117 3294 4196 ejus
3352 4124 3463 4179 aut
3517 4117 3739 4198 gloria,
3792 4118 3905 4180 sed

871 4215 1062 4277 Porro
1111 4213 1648 4276 Antisiodorensis
1706 4213 1773 4275 in
1832 4213 2096 4276 Summa
2153 4233 2290 4289 sua,
2322 4221 2373 4284 D
2403 4213 2615 4294 potius
2674 4213 3060 4277 deliciositas
3114 4215 3303 4277 noxia
3366 4216 3652 4297 ipsorum
3714 4216 3905 4278 mini-

793 4310 961 4375 libro
998 4312 1301 4387 secund0,
1335 4312 1680 4374 conscribit
1709 4331 1784 4374 ea
1821 4331 1963 4393 quae
1995 4313 2292 4374 Albertus
2400 4311 2593 4373 steria
2640 4313 3003 4394 exquisivit.
3053 4312 3228 4375 Idem
3278 4314 3355 4375 de
3406 4313 3753 4395 pincerniS,
3800 4333 3906 4376 cu-

795 4411 1067 4493 imputat
1097 4411 1156 4472 ei
1185 4418 1249 4472 et
1278 4410 1708 4492 Praepositiv0,
1742 4430 1884 4492 quae
1923 4418 2135 4473 tamen
2167 4411 2292 4473 An·
2400 4408 2730 4472 biculariis
2796 4429 2869 4473 ac
2928 4411 3340 4474 thesaurariis
3403 4411 3568 4486 dicO,
3628 4430 3901 4494 quorum

789 4509 1227 4572 tisiodorensis
1271 4528 1347 4571 ex
1392 4507 1605 4571 verbis
1645 4509 1704 4572 S.
1740 4508 2021 4592 Dionysii
2067 4509 2293 4572 asserit
2400 4509 2833 4591 superfluitati
2884 4529 3141 4572 causam
3197 4510 3532 4585 dederunt,
3584 4511 3898 4594 voluptaS‚

789 4608 961 4683 elici,
995 4615 1306 4690 quantum
1349 4607 1427 4669 ad
1469 4607 1791 4689 triplicem
1840 4608 2016 4669 illam
2067 4607 2289 4670 distin·
2400 4607 2733 4668 curiositas
2776 4615 2840 4669 et
2882 4607 3138 4689 cupido,
3176 4626 3381 4690 quum
3433 4607 3618 4688 longe
3668 4609 3899 4671 minori

791 4706 1088 4769 ctionem.
1143 4706 1264 4768 Sed
1312 4704 1391 4767 de
1440 4723 1561 4766 usu
1621 4705 1957 4767 nominum
2013 4723 2142 4768 non
2194 4714 2291 4768 est
2396 4712 2705 4786 apparatu
2742 4713 2807 4766 et
2847 4725 3001 4768 cura
3039 4714 3252 4788 posset
3290 4705 3549 4787 regibus
3584 4707 3900 4770 ministra-

789 4805 1118 4888 superflue
1177 4803 1709 4867 contendendum.
1763 4803 1998 4866 Scribit
2054 4813 2116 4866 et
2164 4805 2289 4866 alia
2398 4805 2475 4878 ri,
2510 4822 2830 4886 regnaque
2869 4804 3232 4885 gubernari.
3262 4805 3337 4866 Et
3370 4812 3520 4867 tunc
3562 4805 3725 4868 bene
3764 4816 3898 4869 erat

787 4905 1078 4987 quaedam
1108 4905 1185 4966 (16
1209 4903 1503 4966 ordinum
1535 4902 2116 4986 distinctione,quae
2146 4923 2291 4986 pau-
2395 4901 2586 4964 rebus
2632 4902 2951 4977 humanis,
2994 4904 3148 4965 dum
3188 4923 3225 4964 a
3267 4903 3516 4966 deliciis
3562 4912 3626 4966 et
3672 4904 3894 4969 immo·

789 5007 851 5069 lo
893 5012 1036 5088 post
1075 5010 1224 5066 sunt
1265 5001 1597 5084 tangenda.
2395 5001 2627 5064 deratis
2676 5002 2919 5064 divitiis
2968 5021 3043 5065 ac
3084 5003 3266 5066 vanis
3316 5003 3666 5066 honoribus
3716 5023 3891 5086 reges

864 5107 1132 5187 Insuper
1190 5103 1568 5166 Guillelmus
1627 5102 1906 5164 secunda
1964 5109 2141 5184 parte
2205 5101 2283 5165 de
2394 5119 2461 5162 se
2500 5101 2971 5176 abstrahebant,
3004 5111 3067 5165 et
3099 5110 3168 5164 ut
3199 5102 3460 5184 quidam
3498 5103 3587 5164 ait
3619 5103 3892 5186 philoso-

785 5201 1091 5268 Universo
1134 5223 1148 5268 :
1190 5203 1498 5285 Tempore
1535 5201 1801 5282 (inquit)
1842 5200 2284 5264 adolescentiae
2393 5200 2581 5282 phuS‚
2624 5218 2825 5280 quum
2866 5201 3231 5284 philosophi
3282 5202 3653 5284 regnabant,
3696 5211 3761 5266 et
3803 5223 3893 5268 re·

787 5323 966 5381 meae,
1009 5322 1210 5386 quum
1253 5302 1331 5364 de
1375 5301 1572 5364 sacris
1622 5299 1760 5362 istis
1812 5299 2282 5382 principatibus
2390 5317 2501 5380 ges
2544 5297 3177 5380 philosophabantur.
