4334 6242
978 495 1058 558 15ss
1099 513 1374 560 onnlNun
1415 513 1858 573 DlsTmcrloNE,
1899 513 2355 562 APPELLATIONB
2397 515 2474 562 m·
2514 513 2927 564 Pnormmsstt

3382 497 3503 564 487

399 680 662 744 riorum.
695 683 829 746 Nisi
871 684 1112 747 donum
1153 685 1310 747 illud
1351 693 1539 749 tantae
1579 685 1661 748 sit
1697 684 1897 766 digni·
1925 684 1978 747 A
2005 692 2068 748 et
2114 687 2468 749 secundum
2528 687 2700 750 hunc
2756 687 3069 770 accipitur
3122 688 3277 752 ordo
3326 689 3501 752 Sera-

397 781 562 854 tatis,
617 782 787 864 quod
835 783 917 845 ab
967 783 1108 865 ipso
1163 784 1610 846 denominetur
1663 783 1896 865 aliquis

394 879 693 942 ordinum
725 883 1148 964 superiorum.
1181 883 1336 945 Nam
1367 883 1522 946 ordo
1553 882 1895 946 Che-rubim

396 979 650 1060 plenius
680 981 924 1062 accepit
958 981 1282 1043 caritatem
1316 1001 1507 1063 quam
1540 981 1772 1064 aliquis
1801 999 1896 1044 or-

395 1077 620 1140 dinum
663 1078 1038 1142 inferiorum
1061 1096 1077 1160 3
1111 1098 1236 1142 non
1277 1087 1490 1142 tamen
1529 1080 1896 1143 denomina-

392 1181 498 1237 tur
525 1175 608 1238 ab
640 1195 734 1251 ea,
759 1179 910 1258 quia
939 1197 1138 1260 quum
1169 1179 1251 1240 sit
1279 1178 1892 1241 excellentissimum

393 1273 658 1348 donum,
690 1276 1229 1340 excellentissimo
1271 1277 1480 1340 ordini
1531 1277 1896 1359 appropria-

391 1380 514 1434 tur.
553 1373 630 1434 Et
671 1375 841 1455 quod
883 1375 972 1437 ait
1016 1373 1376 1456 Gregorius,
1417 1375 1704 1438 ordinem
1755 1392 1894 1436 esse

391 1470 936 1534 denominandam
986 1473 1065 1535 ab
1110 1491 1187 1535 eo
1231 1491 1496 1534 munere
1544 1473 1713 1554 quod
1763 1473 1892 1554 ple-

392 1569 539 1632 nius
568 1573 984 1652 accepit,non
1009 1580 1104 1634 est
1135 1571 1619 1652 intelligendum
1656 1572 1732 1634 de
1764 1590 1895 1634 om-

391 1667 458 1730 ni
489 1687 566 1731 eo
597 1670 764 1751 quod
799 1670 1050 1752 plenius
1089 1671 1355 1752 accepit,
1390 1671 1499 1732 sed
1531 1670 1606 1732 de
1640 1671 1892 1752 plenius

389 1776 655 1849 accepto
712 1776 902 1850 atque
965 1768 1364 1849 dignissimO,
1425 1769 1776 1850 praesertim
1837 1768 1888 1831 si

2005 784 2208 867 phim,
2241 787 2351 867 qui
2393 788 2847 869 interpretatur
2874 787 3101 849 ardens
3132 807 3242 850 seu
3285 788 3501 850 incen-

2007 884 2181 945 dens.
2216 885 2291 946 Et
2335 885 2485 966 quia
2532 886 2600 947 in
2650 886 2770 948 hoc
2814 895 2955 948 actu
3005 894 3101 948 est
3142 887 3504 969 completis-

2005 981 2169 1044 sima
2217 984 2369 1045 unio
2410 984 2487 1046 ad
2533 985 2756 1058 Deum,
2800 1003 2873 1046 eo
2918 984 3086 1066 quod
3130 1003 3308 1048 amor
3348 985 3503 1048 facit

2005 1081 2309 1142 interiora
2348 1091 2679 1163 penetrare
2718 1083 2935 1157 amati,
2969 1084 3110 1146 ideo
3140 1084 3295 1146 ordo
3325 1083 3500 1147 Sera-

2003 1179 2184 1261 phim
2215 1187 2309 1242 est
2340 1180 2980 1261 primus3Cherubim
3014 1183 3504 1263 secunduS,pro-

2004 1286 2145 1360 pter
2194 1278 2500 1342 unitatem
2551 1280 3050 1354 assimilationiS,
3095 1281 3157 1342 in
3209 1300 3335 1362 qua
3380 1281 3499 1344 sci-

2002 1377 2174 1439 entia
2230 1378 2587 1460 completur
2644 1379 2708 1441 in
2764 1386 2945 1458 actu3
3004 1379 3229 1442 tertius
3285 1388 3499 1442 autem

2002 1475 2421 1550 Thronorum‚
2471 1477 2623 1559 quia
2671 1479 2737 1539 in
2786 1479 3065 1540 sessione
3118 1478 3501 1560 importatur

2003 1574 2156 1637 unio
2206 1576 2410 1638 solum
2462 1577 2813 1639 secundum
2866 1584 3245 1640 contactum.
3282 1613 3358 1623 —
3391 1577 3498 1640 Or-

2003 1672 2225 1735 dinum
2259 1675 2519 1736 demum
2552 1675 2846 1738 secundae
2875 1675 3247 1739 hierarchiae
3278 1695 3499 1738 nume-

2003 1789 2110 1834 rus
2158 1780 2347 1854 atque
2395 1774 2625 1837 divisio
2668 1775 2761 1837 sic
2803 1775 3008 1856 accipi
3051 1782 3275 1856 potest..
3318 1775 3499 1856 Regi-

388 1865 546 1928 ordo
587 1866 846 1928 exsistat
887 1867 1301 1949 dignissimus
1335 1886 1349 1930 :
1381 1875 1444 1928 et
1483 1867 1536 1928 si
1577 1867 1730 1930 ordo
1775 1867 1890 1928 im·
1927 1872 1974 1933 B
2006 1891 2149 1933 men
2213 1873 2487 1953 alicujus
2548 1873 3024 1936 communitatis
3084 1873 3373 1935 consistit
3431 1873 3496 1935 in

390 1964 667 2026 mediate
707 1964 787 2026 sit
829 1985 1102 2045 sequens
1142 1965 1348 2038 illum,
1383 1965 1891 2028 denominandus

388 2071 486 2124 est
515 2062 598 2124 ab
629 2081 704 2125 eo
733 2064 903 2145 quod
935 2064 1302 2126 immediate
1333 2065 1621 2145 sequitur
1652 2064 1890 2126 donum

390 2161 1057 2244 praecellentissimum
1088 2162 1283 2240 illud3
1317 2163 1536 2244 sicque
1568 2163 1887 2244 deincepS‚

389 2261 834 2323 descendendo
889 2279 1088 2342 usque
1139 2261 1215 2323 ad
1267 2261 1586 2322 infimum.
1630 2261 1892 2323 Verum—

389 2365 603 2420 tamen
666 2358 934 2420 infimus
989 2360 1145 2421 ordo
1199 2377 1434 2421 nomen
1493 2360 1752 2422 sortitur
1807 2359 1888 2422 ab

392 2456 622 2519 infimo
651 2457 838 2530 dono,
863 2475 992 2520 non
1025 2457 1174 2539 quia
1204 2458 1264 2519 id
1299 2458 1582 2539 possidet
1610 2457 1885 2539 pleniuS,

389 2554 501 2616 sed
532 2572 731 2635 quum
773 2553 884 2615 alii
915 2554 1305 2617 denominati
1345 2554 1474 2616 sint
1503 2554 1582 2616 ab
1611 2573 1686 2617 eo
1719 2555 1887 2636 quod

390 2652 644 2734 plenius
694 2652 1043 2734 possident,
1088 2653 1148 2714 id
1195 2661 1607 2716 consecutum
1657 2661 1774 2726 est,
1818 2660 1887 2714 ut

387 2751 657 2812 infimus
687 2750 843 2813 ordo
871 2751 1313 2813 denominetur
1342 2751 1422 2813 ab
1448 2751 1672 2812 infimo
1703 2751 1882 2812 donn.

469 2849 533 2912 Si
565 2856 780 2910 autem
813 2849 957 2929 quis
997 2849 1211 2924 instet,
1244 2850 1415 2932 quod
1453 2849 1765 2931 sapientia
1794 2856 1890 2911 est

387 2947 998 3010 excellentissimum
1030 2949 1318 3011 omnium
1351 2948 1659 3010 donorum
1693 2967 1706 3011 :
1739 2967 1888 3028 ergo

2001 1971 2122 2032 hoc
2170 1970 2339 2052 quod
2388 1972 2597 2053 ipsum
2650 1972 2891 2034 bonum
2944 1990 3283 2034 commune
3331 1972 3497 2034 ordi-

2001 2075 2144 2130 nate
2184 2087 2257 2130 ac
2297 2069 2567 2150 pacifice
2605 2070 3027 2151 dispensetur.
3061 2069 3301 2152 Hicque
3343 2070 3499 2132 ordo

2000 2167 2178 2248 pacis
2209 2166 2414 2229 tribus
2446 2166 2843 2249 disponitur:
2872 2185 2999 2230 uno
3030 2167 3327 2230 videlicet
3356 2187 3499 2230 sen-

2001 2265 2307 2327 tentiante
2351 2265 2504 2347 quid
2550 2265 2896 2348 unicuique
2938 2265 3278 2344 debeatur3
3314 2273 3377 2328 et
3416 2266 3495 2327 ad

1999 2362 2120 2424 hoc
2177 2371 2272 2424 est
2328 2362 2481 2425 ordo
2539 2363 2946 2437 Potestatum‚
2998 2382 3139 2444 quae
3196 2363 3499 2425 dicuntur

1997 2479 2212 2523 arcere
2258 2461 2457 2523 aerias
2508 2469 2849 2543 potestates
2895 2481 2909 2525 ε
2952 2461 3062 2543 qui
3107 2469 3319 2524 tamen
3367 2479 3495 2524 non

1999 2565 2094 2620 est
2124 2558 2389 2620 ultimus
2418 2559 2717 2633 finis‚sed
2749 2559 3032 2641 quietem
3064 2568 3125 2622 et
3155 2559 3495 2622 utilitatem

1999 2656 2310 2719 bonorum
2356 2657 2724 2739 dispensare
2767 2677 2879 2720 seu
2924 2658 3245 2732 exhibere,
3279 2677 3498 2740 quem-

1999 2756 2340 2817 admodum
2384 2763 2659 2837 potestas
2692 2757 3013 2819 saecularis
3052 2757 3385 2839 suspendit
3412 2757 3495 2819 la-

1999 2861 2248 2916 tronem
2302 2862 2560 2936 propter
2602 2854 2691 2916 rei
2736 2854 3009 2937 publicae
3058 2874 3301 2937 pacem.
3345 2855 3497 2918 Sen-

1999 2953 2198 3014 tentia
2236 2969 2489 3034 quoque
2529 2952 2715 3014 debet
2753 2953 2985 3015 efficax
3025 2973 3164 3016 esse
3202 2963 3266 3016 et
3303 2962 3492 3016 recta.

389 3046 760 3120 Cherubim,
796 3045 905 3128 qui
945 3065 982 3108 a
1019 3047 1347 3127 sapientiae
1392 3047 1742 3108 eminentia
1783 3063 1891 3108 no·
1925 3051 1968 3114 C
1997 3051 2090 3112 Ad
2150 3051 2271 3112 hoc
2318 3059 2532 3112 autem
2591 3052 2759 3133 quod
2819 3052 2903 3114 sit
2948 3051 3205 3128 efficax,
3258 3052 3498 3133 indiget

391 3164 537 3208 men
589 3144 886 3226 sumpsit,
929 3163 1266 3226 supremus
1317 3153 1412 3206 est
1454 3145 1626 3208 ordo.
1671 3145 1891 3207 Dicen-

389 3245 570 3316 dum,
603 3243 772 3324 quod
813 3243 1126 3324 sapientia
1161 3251 1232 3305 ut
1270 3251 1366 3306 est
1404 3244 1642 3306 donum
1685 3243 1888 3306 excel-

391 3340 1091 3415 lentissimum‚dicitur
1114 3360 1151 3403 a
1175 3359 1410 3423 sapore,
1426 3360 1553 3404 non
1578 3363 1613 3404 a
1638 3359 1887 3423 sapere3

388 3449 450 3503 et
498 3440 588 3502 ita
636 3439 966 3501 caritatem
1027 3438 1314 3501 includit.
1371 3440 1693 3521 Sapientia
1739 3457 1890 3502 vero

386 3540 528 3619 (seu
581 3537 875 3618 scientia)
912 3556 948 3599 a
995 3556 1121 3618 qua
1169 3536 1513 3600 Cherubim
1563 3556 1890 3618 nuncupa-

385 3646 511 3710 tur,
559 3634 849 3716 designat
897 3635 1009 3697 Dei
1058 3635 1484 3715 cognitionem
1534 3653 1676 3716 quae
1722 3635 1889 3697 ordi-

387 3742 577 3797 natur
607 3733 686 3794 ad
715 3732 1123 3797 affectionem
1161 3748 1174 3794 :
1209 3741 1270 3794 et
1300 3733 1593 3814 quamvis
1623 3732 1704 3794 sit
1734 3753 1890 3814 prae-

387 3833 743 3896 clarissima
773 3831 1062 3912 quaedam
1099 3831 1342 3904 notitia,
1359 3849 1484 3892 non
1517 3838 1731 3892 tamen
1763 3839 1885 3893 tam

387 3931 580 4012 digna
619 3937 690 3991 ut
719 3928 1000 4002 dilecti0,
1033 3947 1067 3989 a
1099 3947 1224 4008 qua
1261 3935 1357 3989 est
1395 3946 1598 4009 sapor.
1632 3963 1713 3973 —
1743 3929 1886 3991 Haec

385 4030 848 4093 Bonaventura.

465 4129 772 4190 Praeterea
800 4127 1070 4189 Thomas
1096 4143 1109 4188 :
1134 4123 1439 4186 Ordinum
1472 4124 1738 4207 (inquit)
1767 4125 1887 4207 pri-

1997 3148 2214 3229 aliquo
2252 3148 2594 3228 adjuvante
2634 3158 2697 3210 et
2737 3157 3199 3232 propugnante,
3233 3157 3303 3211 ut
3336 3149 3497 3211 nihil

1999 3245 2078 3308 sit
2121 3246 2521 3327 impossibile
2564 3248 2826 3329 exsequi
2877 3248 3045 3329 quod
3091 3267 3202 3330 per
3248 3256 3497 3310 senten-

1999 3344 2150 3405 tiam
2194 3344 2671 3406 determinatur.
2705 3345 2797 3407 Ad
2838 3347 3008 3427 quod
3046 3352 3141 3408 est
3179 3345 3333 3408 ordo
3366 3346 3499 3407 Vir-

1999 3449 2232 3516 tutum,
2276 3442 2386 3523 qui
2435 3442 2687 3522 attingit
2736 3444 3036 3505 ultimum
3084 3443 3150 3504 in
3197 3442 3497 3506 omnibus

1997 3539 2382 3602 difficilibus
2415 3540 2751 3621 operandis
2780 3542 2857 3604 ad
2900 3541 3255 3603 ministeria
3282 3541 3499 3604 divina

1997 3637 2433 3720 spectantibus
2469 3655 2483 3699 :
2518 3638 2668 3700 hinc
2702 3638 3071 3700 attribuitur
3099 3639 3157 3700 ei
3189 3639 3499 3702 miracula

1995 3736 2227 3810 facere,
2263 3737 2567 3818 quoniam
2610 3737 2867 3799 obviare
2908 3756 2983 3798 ac
3027 3738 3369 3819 praevalere
3409 3738 3494 3799 le-

1994 3834 2183 3914 gibus
2243 3841 2484 3896 naturae
2542 3835 2998 3897 arduissimum
3057 3843 3171 3897 est.
3223 3835 3315 3896 Ad
3375 3835 3494 3898 hoc

1995 3949 2147 3993 vero
2188 3933 2357 4012 quod
2402 3931 2716 3994 sententia
2754 3940 2926 3993 recta
2962 3932 3067 4006 sit,
3103 3932 3343 4013 indiget
3382 3933 3492 3995 ali-

1995 4047 2124 4110 quo
2162 4029 2475 4109 dirigente
2512 4048 2585 4090 ac
2626 4029 2979 4110 imperante
3016 4048 3030 4092 :
3063 4031 3140 4092 ad
3178 4031 3345 4112 quod
3376 4032 3492 4094 Do-

1997 4127 2417 4189 ininationum
2469 4127 2743 4208 pertinet
2786 4128 2957 4190 ordo.
3002 4129 3148 4190 Ideo
3190 4129 3295 4191 hic
3338 4130 3492 4192 ordo

389 4247 508 4289 mae
548 4225 920 4288 hierarchiae
959 4224 1163 4306 accipi
1205 4230 1413 4305 potest
1451 4243 1757 4286 numerus
1796 4233 1883 4286 at·
1916 4225 1965 4286 D
1995 4244 2334 4307 supremus
2373 4233 2469 4287 est
2509 4226 2575 4287 in
2614 4225 2971 4288 hierarchia
3014 4227 3310 4300 secunda,
3343 4227 3493 4309 quia

385 4345 512 4407 que
550 4323 876 4387 distinctio
917 4323 1267 4384 secundum
1301 4330 1427 4384 tres
1466 4330 1642 4385 actus
1683 4323 1887 4385 fruiti-

386 4425 526 4487 onis
579 4423 812 4505 quibus
860 4422 1074 4484 anima
1131 4421 1430 4483 beatifice
1477 4422 1886 4503 conjungitur

385 4525 514 4586 Deo
553 4530 616 4584 et
654 4520 892 4583 fruitur
929 4538 1022 4583 eo.
1057 4521 1335 4594 Quorum
1381 4539 1546 4582 unus
1586 4529 1682 4582 est
1720 4539 1909 4583 com-1

387 4620 780 4703 prehendere
811 4637 922 4680 seu
956 4627 1191 4692 tenere,
1228 4636 1354 4699 quo
1396 4618 1728 4699 perficitur
1758 4639 1886 4682 me-

389 4719 704 4782 moriatet
731 4717 914 4798 juxta
943 4717 1063 4778 hoc
1093 4716 1406 4797 accipitur
1435 4716 1587 4778 ordo
1617 4718 1890 4782 Throno-

386 4837 552 4891 rum‚
587 4817 740 4898 quia
779 4817 844 4877 in
886 4815 978 4877 eis
1019 4815 1251 4877 residet
1284 4817 1448 4877 Deus
1487 4823 1550 4877 et
1589 4817 1883 4897 quiescit,

385 4917 538 4978 dum
573 4915 744 4997 ipsos
776 4915 841 4975 in
873 4932 940 4975 se
966 4914 1294 4995 quiescere
1325 4913 1682 4976 facit.Alius
1714 4924 1886 4978 actus

387 5024 482 5078 est
524 5013 764 5087 videre,
808 5031 935 5094 quo
979 5012 1314 5094 perficitur
1364 5012 1722 5075 intellectus
1767 5031 1782 5075 ε
1825 5022 1888 5076 et

387 5112 742 5175 secundum
793 5111 914 5173 hoc
961 5111 1274 5192 accipitur
1322 5110 1476 5172 ordo
1519 5111 1884 5184 Cherubim,

387 5211 496 5292 qui
531 5211 987 5291 interpretatur
1016 5208 1346 5290 plenitudo
1376 5209 1675 5270 scientiae.
1710 5209 1888 5271 Alius

388 5317 568 5372 actus
607 5303 704 5371 est
741 5326 978 5382 amare,
1012 5325 1140 5390 quo
1178 5306 1514 5389 perficitur
1544 5308 1836 5370 voluntas
1871 5327 1884 5372 :

1993 4325 2073 4387 ab
2120 4325 2258 4406 ipso
2305 4323 2601 4404 dirigitur
2647 4343 2719 4386 ac
2758 4323 3019 4404 jubetur
3066 4325 3376 4407 quidquid
3426 4326 3489 4387 in

1994 4422 2231 4484 divinis
2263 4421 2637 4484 ministeriis
2667 4441 2780 4504 per
2809 4423 3065 4502 angelos
3093 4422 3317 4502 agitur.
3351 4422 3494 4486 Post

1996 4541 2186 4603 quem
2235 4527 2332 4583 est
2376 4521 2666 4602 proxime
2710 4521 2863 4584 ordo
2900 4519 3245 4594 Virtutum,
3278 4541 3315 4583 a
3355 4523 3492 4604 qui-

1995 4620 2117 4682 bus
2174 4619 2339 4682 actio
2391 4621 2800 4692 potestatum,
2862 4639 3005 4702 quae
3063 4621 3490 4683 sunt-tertius

1995 4718 2172 4790 ordo,
2204 4717 2564 4779 efficaciam
2605 4717 2794 4780 habet
2828 4737 2842 4782 :
2878 4718 3042 4780 sicut
3074 4726 3136 4780 et
3176 4718 3343 4799 leges
3382 4739 3491 4782 sae-

1998 4817 2244 4878 culares
2288 4823 2536 4898 oportet
2581 4835 2719 4879 esse
2761 4825 3053 4889 armataS,
3098 4823 3166 4879 ut
3207 4816 3339 4880 vim
3387 4817 3491 4879 ha-

1997 4913 2187 4976 beant
2219 4915 2589 4977 coactivam.
2624 4951 2705 4960 —
2733 4915 3038 4978 Ordinum
3079 4915 3339 4996 insuper
3368 4923 3489 4978 ter-

1997 5011 2100 5074 tiae
2149 5011 2523 5076 hierarchiae
2573 5031 2877 5076 numerus
2930 5020 3117 5094 atque
3166 5013 3492 5077 distinctio

1996 5110 2089 5171 sic
2129 5111 2422 5172 sumitur.
2458 5111 2701 5193 Nempe
2736 5129 2933 5191 quum
2974 5117 3347 5191 potestatem
3387 5112 3492 5174 ha-

1999 5209 2189 5271 beant
2219 5209 2840 5290 limitatam,oportet
2864 5208 3030 5289 quod
3062 5216 3238 5270 actus
3268 5228 3486 5272 eorum

2000 5307 2359 5370 limitentur
2405 5307 2505 5370 vel
2554 5307 2631 5368 ad
2681 5324 2872 5368 unam
2921 5306 3340 5390 provinciam,
3386 5309 3487 5372 vel
