4334 6242
454 1087 535 1132 Ps.
561 1100 689 1138 xxxv,

432 1155 495 1195 ¹⁰.

719 489 840 556 502

1387 510 1451 555 m
1491 511 1713 556 LIBRUM
1754 510 1799 555 11
1839 508 2321 555 SENTENTIARUM.
2366 525 2447 536 --·
2487 508 2639 554 msr.
2682 507 2785 571 113
2829 506 3051 563 QUAEST.
3096 505 3159 552 lv

721 679 1100 743 minutiones
1140 682 1509 761 angelorum
1550 679 1826 762 praefatae
1858 686 2214 752 versantur,
2246 677 2299 742 A
2328 678 2415 740 ita
2444 685 2514 739 ut
2544 677 2823 740 divinam
2865 677 3180 740 actionem
3223 677 3287 739 in
3328 695 3395 738 se
3430 675 3821 738 relucentem

719 795 848 840 non
899 777 1109 859 ipsum
1153 779 1354 842 Deum
1390 797 1403 840 :
1439 787 1502 841 et
1543 779 1706 841 hanc
1749 777 2213 860 apparitionem

719 875 989 957 suscipit
1041 877 1304 958 angelus
1354 897 1518 939 unus
1572 875 1651 938 ab
1704 875 1847 939 alio.
1901 874 2213 946 SecundO,

721 975 975 1055 quando
1029 975 1094 1036 in
1145 975 1386 1037 lumine
1441 983 1650 1036 creato
1698 974 1951 1036 videtur
1998 974 2216 1034 lumen

722 1073 1097 1146 increatum,
1129 1074 1311 1154 juxta
1351 1074 1532 1147 illud,
1575 1075 1644 1136 ln
1688 1073 1932 1135 lumine
1976 1080 2084 1134 tuo
2127 1071 2219 1133 vi-

719 1171 1014 1233 debimus
1047 1172 1260 1234 lumen
1296 1189 1310 1233 :
1345 1190 1472 1235 non
1502 1173 1668 1234 sicut
1699 1172 1762 1233 in
1794 1169 2217 1232 similitudine

719 1289 833 1352 per
861 1289 1054 1352 quam
1086 1269 1487 1352 cognoscitur
1518 1290 1638 1343 res,
1661 1271 1769 1332 sed
1802 1270 1967 1331 sicut
1998 1269 2059 1330 in
2093 1269 2217 1330 dis-

717 1368 1031 1450 positione
1089 1369 1375 1430 elevante
1433 1377 1494 1430 et
1543 1369 1915 1451 aptificante
1973 1368 2217 1429 intelle-

718 1475 892 1529 ctum
937 1475 1220 1529 creatum
1262 1469 1338 1529 ad
1385 1468 1646 1529 luminis
1693 1467 1952 1529 increati
1995 1467 2217 1548 adspe-

718 1572 912 1626 ctum.
948 1565 1179 1638 Tertio‚
1220 1565 1473 1647 quando
1513 1566 1677 1626 Deus
1721 1572 1818 1627 est
1860 1563 2211 1626 intellectui

717 1672 926 1726 creato
955 1671 1027 1724 ut
1057 1663 1268 1725 lumen
1300 1662 1420 1724 sub
1453 1681 1579 1744 quo
1611 1663 1746 1744 ipse
1777 1662 2111 1734 videtur,et
2146 1669 2215 1722 ut

715 1761 1040 1842 objectum
1086 1762 1257 1843 quod
1305 1761 1602 1824 beatifice
1652 1761 1951 1822 cernitur.
1990 1760 2064 1821 Et
2110 1760 2213 1821 his

2326 783 2799 857 repraesentent,
2832 783 2895 838 et
2922 777 3091 858 quod
3121 777 3392 857 desuper
3422 782 3820 857 receperunt,

2326 875 2770 936 transfundant
2807 874 2885 937 ad
2923 875 3081 937 alios
3114 893 3128 937 :
3162 881 3225 936 et
3268 875 3355 936 ita
3395 874 3504 955 qui
3550 891 3822 955 purgan-

2328 982 2449 1047 tur,
2484 981 2791 1055 purgent3
2824 981 2887 1035 et
2925 974 3037 1055 qui
3080 973 3546 1046 illuminantur,
3589 971 3825 1034 illumi-

2326 1079 2519 1150 nent3
2569 1079 2633 1134 et
2679 1072 2789 1154 qui
2841 1072 3288 1155 perficiuntur,
3341 1071 3697 1153 perficiant.
3740 1101 3822 1115 --

2325 1171 2640 1253 AmpliuS,
2684 1171 2807 1233 hoc
2856 1171 3067 1253 ipsum
3117 1171 3177 1233 S.
3225 1170 3561 1252 Dionysius
3612 1169 3701 1231 ibi
3753 1169 3820 1230 in

2326 1276 2501 1330 textu
2532 1269 2860 1332 evidenter
2888 1269 3201 1350 expressit
3230 1287 3243 1330 :
3273 1269 3436 1332 Ordo
3464 1267 3823 1350 (inquiens)

2325 1367 2697 1430 hierarchias
2743 1374 2839 1429 est
2882 1367 3186 1448 quosdam
3230 1366 3489 1448 quidem
3524 1368 3819 1449 purgari,

2326 1464 2633 1546 quosdam
2676 1483 2827 1526 vero
2871 1481 3182 1546 purgare3
3228 1471 3288 1525 et
3332 1464 3639 1545 quosdam
3684 1463 3824 1544 qui-

2326 1563 2468 1623 dem
2503 1562 2875 1636 illuminari,
2904 1563 3209 1643 quosdam
3241 1579 3391 1624 vero
3423 1560 3819 1639 illuminare;

2325 1668 2388 1722 et
2416 1661 2725 1742 quosdam
2760 1661 3017 1742 quidem
3054 1659 3302 1742 perfici,
3338 1659 3641 1741 quosdam
3680 1679 3821 1740 per-

2324 1757 2539 1819 ficere.
2575 1757 2777 1838 Super
2807 1777 2948 1839 quae
2978 1757 3172 1819 verba
3206 1758 3383 1838 Hugo
3417 1758 3581 1819 inter
3614 1764 3824 1819 cetera

716 1856 965 1920 duobus
1013 1857 1216 1920 modis
1263 1859 1459 1919 Deum
1512 1877 1622 1939 per
1669 1856 2081 1938 theophanias
2120 1856 2211 1917 vi-
2247 1856 2294 1918 B
2325 1854 2547 1916 scribit
2572 1873 2585 1917 :
2610 1856 2769 1918 Sunt
2798 1855 3057 1937 quidam
3096 1855 3455 1937 superiores
3490 1854 3823 1917 sublimes-

715 1955 886 2030 dere‚
923 1963 1018 2018 est
1049 1975 1196 2018 eum
1234 1954 1597 2018 immediate
1636 1956 1963 2037 adspicere
1999 1962 2061 2016 et
2091 1954 2212 2016 sic-

715 2053 808 2116 uti
855 2060 968 2115 est.
1002 2090 1083 2098 —
1112 2053 1256 2116 Haec
1298 2053 1646 2116 UdalricuS.

793 2152 862 2213 ln
920 2151 1104 2231 cujus
1155 2150 1366 2213 verbis
1415 2152 1720 2232 grandem
1773 2150 1928 2211 mihi
1985 2149 2214 2230 ingerit

713 2249 1220 2323 admirationem,
1269 2251 1437 2331 quod
1486 2249 1710 2311 asserit
1759 2249 2084 2328 Hugonem
2133 2249 2211 2308 de

713 2349 773 2410 S.
798 2348 1048 2410 Victore
1080 2348 1510 2409 contradicere
1541 2346 1943 2409 sermonibus
1975 2346 2209 2420 Sancti,

714 2453 868 2528 puta
896 2445 1202 2528 Dionysii,
1237 2464 1356 2508 nec
1388 2445 1776 2507 intellexisse
1805 2444 2086 2525 aliquam
2115 2463 2211 2505 es-

717 2563 784 2606 se
816 2543 1350 2606 illuminationem
1391 2544 1674 2605 divinam
1706 2542 1829 2604 nisi
1865 2541 2036 2604 illam
2071 2561 2212 2623 quae

712 2650 809 2704 est
838 2641 1192 2704 substantia
1222 2641 1654 2710 beatitudinis,
1691 2642 1752 2703 id
1783 2649 1877 2703 est
1915 2639 2213 2702 beatifica

714 2740 899 2813 visio,
933 2758 1060 2821 qua
1101 2738 1266 2801 Deus
1307 2740 1444 2801 sine
1485 2739 1694 2800 medio
1733 2747 1828 2800 est
1867 2739 1975 2800 lux
2006 2737 2209 2800 omni-

715 2858 821 2899 um
882 2839 1238 2912 Beatorum,
1291 2838 1559 2919 ideoque
1617 2857 1877 2918 negasse
1929 2837 2211 2918 aliquam

712 2936 1246 2998 illuminationem
1288 2936 1670 2998 descendere
1709 2935 1789 2997 ab
1828 2935 2052 3015 angelo
2084 2954 2213 2998 uno

2324 1972 2447 2034 que
2494 1953 2724 2034 angeli,
2757 1953 2869 2034 qui
2916 1953 3143 2016 Deitati
3190 1953 3699 2035 propinquioreS,
3738 1953 3821 2014 ab

2324 2050 2461 2132 ipsa
2516 2051 2883 2114 immediate
2941 2051 3302 2132 suscipiunt
3353 2051 3817 2132 purgationem,

2324 2155 2394 2209 ut
2431 2149 2558 2211 sint
2598 2149 2858 2227 mundi3
2890 2157 2954 2211 et
2994 2149 3551 2222 illuminationem,
3584 2156 3655 2210 ut
3692 2149 3822 2211 sint

2323 2246 2517 2324 c'lari3
2549 2254 2610 2309 et
2650 2247 3131 2328 perfectionem,
3175 2255 3245 2309 ut
3280 2249 3409 2309 sint
3448 2247 3646 2310 sancti
3683 2265 3697 2308 ε
3730 2255 3821 2309 at-

2323 2364 2446 2427 que
2487 2345 2566 2407 ab
2608 2345 2757 2418 illis,
2794 2346 2904 2427 qui
2944 2355 3299 2428 sequuntur
3339 2353 3711 2428 purgantur,
3747 2347 3821 2407 il-

2324 2444 2739 2519 luminantur,
2776 2453 2835 2506 et
2887 2444 3331 2527 perficiuntur.
3375 2445 3548 2507 Idem
3594 2447 3822 2508 asserit

2322 2543 2499 2622 Hugo
2531 2542 2595 2604 in
2628 2542 2919 2623 pluribus
2952 2543 3127 2606 lociS.
3162 2543 3405 2605 Idcirco
3435 2561 3561 2606 non
3594 2561 3819 2624 parum

2323 2641 2721 2703 excessivum
2770 2641 2915 2715 fuit,
2967 2660 3115 2703 eum
3166 2642 3257 2704 sic
3306 2641 3643 2723 reprobare
3692 2659 3819 2704 non

2322 2757 2492 2811 vere,
2522 2740 2600 2800 de
2631 2758 2757 2820 quo
2790 2739 2855 2801 in
2887 2739 3049 2802 libro
3078 2741 3287 2820 Apum
3316 2747 3627 2813 narratur,
3650 2740 3820 2822 quod

2324 2845 2583 2918 propter
2620 2837 3035 2905 eminentiam
3076 2837 3357 2900 scientiae
3396 2857 3526 2900 suae
3559 2846 3819 2900 vocatus

2322 2943 2418 2996 est
2460 2935 2618 2996 alter
2657 2935 3049 3015 Augustinus
3083 2954 3097 2998 :
3131 2955 3322 3018 quem
3362 2937 3631 2998 Ioannes
3671 2937 3819 3000 Ger-

711 3033 778 3097 in
827 3034 1044 3096 alium.
1085 3034 1258 3095 Istud
1305 3033 1542 3096 etenim
1591 3033 1974 3096 venerabilis
2022 3040 2211 3114 atque
2247 3039 2291 3102 C
2321 3051 2434 3094 son
2485 3032 2900 3095 cancellarius
2950 3033 3316 3096 Parisiensis
3366 3035 3432 3096 in
3487 3034 3650 3097 libro
3702 3052 3820 3097 suo

710 3132 1117 3196 doctissimus
1158 3131 1264 3194 ille
1303 3131 1482 3212 Hugo
1521 3149 1646 3193 non
1686 3131 1939 3193 videtur
1982 3131 2213 3193 sensis-

710 3247 800 3302 se,
832 3246 950 3290 nec
995 3230 1448 3311 conscripsisse
1487 3247 1501 3292 :
1542 3230 1670 3291 imo
1715 3229 1780 3291 in
1825 3236 2213 3291 commenta-

711 3326 806 3389 rio
843 3345 960 3390 suo
999 3347 1191 3410 super
1220 3326 1586 3409 Angelicam
1627 3326 2050 3389 hierarchiam
2091 3327 2214 3387 cla-

709 3425 962 3488 rissime
1013 3445 1085 3488 ac
1133 3425 1501 3508 frequenter
1547 3425 1771 3488 scribit
1816 3425 2204 3506 oppositum.

709 3526 845 3587 lmo
872 3524 981 3605 qui
1013 3524 1222 3586 taliter
1252 3525 1463 3598 sentit,
1498 3523 1896 3605 apertissime
1926 3531 1990 3585 et
2027 3523 2208 3604 quasi

710 3623 972 3685 omnino
1020 3642 1057 3684 a
1100 3621 1451 3684 beatissimi
1497 3622 1778 3705 Dionysii
1825 3621 2063 3683 recedit
2105 3621 2210 3683 do-

711 3721 935 3794 ctrina,
967 3740 1160 3802 quam
1191 3721 1368 3802 Hugo
1400 3739 1547 3783 cum
1580 3720 1819 3800 ingenti
1857 3717 2212 3781 reverentia

709 3818 1117 3899 amplectitur
1160 3827 1222 3880 et
1265 3819 1688 3880 commendat.

789 3917 1006 3997 Itaque
1049 3914 1213 3977 libro
1251 3915 1692 3978 commentarii
1733 3914 1831 3976 sui
1870 3923 2096 3996 quarto
2128 3913 2214 3975 lo-

712 4015 930 4096 quitur
978 4014 1177 4096 Engo,
1228 4015 1529 4096 quoniam
1579 4013 1936 4075 hierarchia
1987 4031 2213 4074 secun-

711 4114 862 4175 dum
910 4113 1391 4194 dispositionem
1438 4131 1563 4194 qua
1607 4111 1888 4173 divinam
1932 4111 2212 4192 pulchri-

2320 3130 2399 3192 de
2428 3130 2688 3214 Mystica
2720 3131 3033 3212 theologia
3061 3140 3439 3194 annumerat
3469 3132 3703 3194 sanctis
3733 3133 3822 3194 vi·

2322 3229 2407 3291 ris
2440 3230 2758 3291 Bernardo
2794 3229 3064 3311 aliisque
3104 3229 3428 3292 nonnullis
3458 3230 3568 3312 qui
3604 3231 3820 3314 mysti-

2323 3346 2460 3390 cam
2508 3326 2889 3408 theologiam
2934 3328 3177 3408 experti
3220 3336 3386 3390 sunt.

2404 3426 2669 3506 Insuper
2716 3425 2887 3486 circa
2942 3426 3075 3488 haec
3123 3426 3395 3488 Thomas
3452 3426 3750 3488 disseruit
3803 3442 3818 3487 t

2325 3523 2503 3586 Actio
2544 3541 2682 3585 esse
2726 3523 2949 3605 nequit
2992 3524 3114 3586 nisi
3160 3525 3511 3587 secundum
3554 3524 3828 3606 disposi-

2327 3621 2563 3683 tionem
2615 3622 3125 3704 exigentiamque
3173 3623 3436 3703 agentiS.
3486 3623 3827 3705 Quumque

2324 3718 2679 3782 hierarchia
2710 3719 3081 3802 perficiatur
3118 3721 3405 3792 scientia,
3441 3729 3511 3783 ut
3542 3729 3715 3803 patet
3744 3741 3823 3784 ex

2324 3816 2463 3895 ejus
2504 3817 2931 3898 descriptione
2972 3818 3341 3899 praehabita,
3374 3827 3621 3901 oportet
3650 3820 3820 3901 quod

2321 3915 2487 3976 actio
2517 3914 2910 3977 hierarchica
2950 3915 3014 3977 in
3056 3916 3481 3978 transfusione
3521 3917 3827 3979 consistat

2324 4013 2624 4075 scientiae.
2682 4013 2855 4075 Unde
2914 4014 3189 4095 septimo
3247 4014 3534 4078 Coelestis
3591 4015 3829 4078 hierar-

2323 4111 2482 4173 chiae
2514 4110 2792 4191 capitulo
2821 4111 3075 4173 divinus
3108 4111 3442 4194 Dionysius
3474 4113 3679 4174 fassus
3707 4121 3823 4185 est,

711 4211 999 4273 tudinem
1051 4210 1355 4284 imitatur,
1410 4210 1762 4272 laudatores
1813 4228 1961 4273 suos
2008 4209 2214 4273 efficit
2243 4212 2294 4273 D
2324 4209 2491 4289 quod
2525 4209 2838 4290 purgatio,
2870 4209 3253 4272 illuminatio
3283 4218 3345 4273 et
3376 4211 3704 4292 perfect-ic,
3730 4218 3829 4274 est

711 4309 891 4382 taleS,
925 4315 995 4370 ut
1023 4308 1199 4390 digni
1231 4309 1360 4370 sint
1397 4309 1615 4370 lumen
1645 4308 1938 4372 divinum
1967 4309 2211 4389 accipe-

717 4425 804 4481 re,
837 4414 901 4468 et
934 4406 1144 4470 lucere
1181 4426 1257 4468 ex
1291 4407 1568 4484 lumine3
1602 4406 1962 4488 specialiter
1999 4415 2213 4468 autem

714 4504 1022 4586 quosdam
1068 4505 1380 4566 mundans
1424 4504 1516 4567 sic
1559 4503 1836 4585 perficit,
1869 4512 1940 4566 ut
1980 4504 2214 4585 princi-

715 4602 877 4685 palis
928 4602 1191 4664 luminis
1238 4602 1367 4664 sint
1415 4620 1699 4684 capaceS,
1737 4609 1798 4663 et
1846 4603 2213 4664 immediate

717 4701 1162 4763 illuminentur
1203 4721 1239 4762 a
1283 4703 1428 4776 Deo,
1461 4719 1534 4762 ac
1573 4701 1802 4763 deinde
1839 4702 1916 4763 ad
1956 4719 2062 4762 eos
2101 4701 2211 4782 qui

716 4806 1072 4880 sequuntur
1119 4807 1260 4881 post
1307 4819 1396 4873 se,
1429 4807 1491 4860 et
1534 4799 1860 4862 constituti
1905 4807 2053 4860 sunt
2094 4797 2214 4859 sub

716 4916 806 4970 se,
841 4897 1058 4959 lumen
1107 4915 1294 4960 suum
1344 4897 1791 4959 transfundant
1837 4896 2090 4978 copiose
2137 4917 2217 4958 ex

716 4993 1105 5057 abundantia
1163 4995 1592 5077 perceptionis
1650 5013 1779 5056 suae
1841 4994 2084 5075 primae.
2136 5030 2218 5039 —

716 5093 956 5155 Rursus
1004 5094 1240 5156 ibidem
1283 5112 1296 5155 :
1334 5095 1402 5155 ln
1453 5093 1592 5166 hoc,
1645 5092 1874 5174 inquit,
1928 5092 2218 5154 consistit

718 5194 1088 5257 hierarchiae
1139 5193 1465 5274 perfectio,
1499 5191 1838 5254 ascendere
1885 5192 1962 5252 ad
2014 5192 2217 5253 imita-

717 5294 957 5358 tionem
1002 5291 1132 5366 Dei,
1165 5299 1229 5353 et
1268 5289 1410 5354 fieri
1453 5288 1948 5374 cooperatricem
1983 5290 2207 5372 ipsius,

2326 4307 2606 4369 scientiae
2655 4307 2887 4370 divinae
2934 4308 3305 4390 assumptio.
3350 4309 3444 4371 Ad
3490 4309 3825 4372 scientiam

2325 4413 2535 4467 autem
2572 4405 2638 4466 in
2668 4405 2767 4467 sui
2798 4407 3215 4487 acquisitione
3254 4407 3381 4469 duo
3413 4417 3823 4482 concurrunt,

2328 4502 2645 4576 videlicet,
2681 4504 2978 4565 contrarii
3028 4523 3141 4566 seu
3185 4505 3561 4586 privationis
3604 4507 3827 4587 expul-

2328 4602 2444 4674 si0,
2477 4611 2539 4664 et
2581 4602 3043 4665 consummatio
3086 4603 3249 4682 ejuS,
3282 4604 3825 4684 quemadmodum

2329 4700 2395 4762 in
2426 4701 2844 4782 acquisitione
2875 4701 3218 4782 cujuslibet
3249 4702 3489 4766 formae.
3524 4702 3829 4765 Consum-

2332 4799 2523 4860 matio
2570 4817 2822 4880 quoque
2872 4800 3154 4862 scientiae
3203 4801 3265 4862 in
3314 4801 3565 4863 duobus
3618 4801 3826 4864 consi-

2328 4897 2459 4970 stit,
2512 4897 2677 4958 sicut
2734 4905 2796 4958 et
2852 4899 3012 4960 visio
3070 4898 3439 4980 corporaliS‚
3494 4900 3569 4960 ad
3629 4919 3825 4981 quam

2331 4995 2673 5076 requiritur
2708 4995 2920 5058 lumen
2962 4997 3080 5059 sub
3121 5015 3247 5079 quo
3286 4997 3576 5060 videatur
3603 4997 3827 5060 visibi—

2330 5093 2409 5167 le,
2452 5100 2515 5154 et
2565 5095 2976 5176 consequitur
3024 5097 3299 5176 cognitio
3349 5097 3437 5160 rei
3488 5097 3763 5160 visibilis
3805 5115 3822 5160 :

2328 5192 2742 5254 conformiter
2772 5212 2884 5274 per
2917 5194 3131 5256 lumen
3174 5195 3601 5258 intellectuale
3631 5196 3825 5258 habe-

2331 5299 2434 5353 tur
2483 5291 2759 5373 cognitio
2808 5291 3212 5356 intellectiva.
3248 5295 3463 5375 ltaque
3508 5300 3820 5377 quantum

3878 3842 3926 3883 p.
3958 3833 4063 3874 469
4078 3831 4155 3874 B'.
