4334 6242
882 496 1004 563 380
1562 517 1628 565 m
1666 518 1890 564 Limum
1929 518 1973 564 11
2015 516 2497 563 snmnmuntm.
2542 534 2624 547 —
2664 518 2817 565 ms‘r.
2855 518 2978 583 v113
3024 518 3247 575 Qufflsr.
3291 519 3313 566 1

884 687 1291 763 obstinatam,
1325 690 1426 751 vel
1476 690 1596 752 hoc
1644 697 1739 753 θεῖ
1787 690 1942 751 dum
1991 696 2086 751 est
2135 690 2202 752 in
2253 706 2385 751 cor·
2412 685 2464 749 A
2493 690 2720 752 caritas
2752 709 2864 753 seu
2894 691 3115 771 gratia,
3149 691 3283 754 sive
3324 692 3677 754 secundum
3712 692 3995 755 caritatis

886 804 1060 868 pore,
1093 788 1193 850 vel
1236 788 1388 850 dum
1431 796 1528 850 est
1571 795 1747 850 extra
1787 804 2038 870 corpus.
2077 788 2216 851 Non
2258 787 2385 870 pri·
2490 796 2552 850 et
2599 788 2817 870 gratiae
2866 789 3366 852 inclinationem.
3416 825 3499 836 —
3543 789 3706 852 Huic
3752 790 3996 872 triplici

887 904 1088 960 mum,
1121 886 1272 967 quia
1319 894 1472 948 tunc
1520 904 1648 949 non
1699 886 1889 949 habet
1930 886 2382 969 apprehensio·
2491 885 2760 949 bonitati
2804 888 3150 969 opponitur
3197 888 3430 971 triplex
3475 888 3717 951 malitia
3760 907 3838 951 ex
3888 907 3997 970 op-

885 1003 1034 1045 nem
1093 984 1511 1058 immobilem,
1564 1004 1764 1067 quum
1823 985 1904 1047 sit
1951 986 2201 1047 viatrix.
2254 986 2383 1049 Nec
2491 985 2698 1066 posita
2741 986 2982 1048 ratione
3027 993 3308 1068 accepta,
3342 994 3415 1047 ut
3460 972 3649 1049 facile
3698 994 3797 1049 est
3844 1006 4000 1069 pen-

885 1084 1262 1156 secundum‚
1296 1084 1598 1165 quoniam
1640 1084 1706 1145 in
1743 1084 2002 1145 instanti
2042 1084 2383 1165 separatio·
2491 1103 2647 1146 sare.
2682 1083 2990 1157 Quaelibet
3020 1103 3273 1166 quoque
3306 1086 3691 1147 malitiarum
3724 1086 3997 1147 istarum

884 1180 986 1243 nis
1015 1182 1227 1243 anima
1254 1181 1612 1244 obstinatur
1639 1190 1829 1264 atque
1861 1183 2231 1261 damnatur3
2264 1201 2381 1244 nec
2489 1182 2695 1263 accipi
2743 1190 2953 1264 potest
2999 1183 3310 1264 privative
3358 1192 3422 1245 et
3476 1184 3628 1247 item
3679 1184 3998 1245 contrarie

883 1286 1038 1341 tunc
1097 1279 1289 1341 habet
1345 1279 1946 1361 apprehensionem,
2007 1280 2158 1361 quia
2221 1279 2380 1341 illud
2491 1288 2782 1362 respectu
2834 1301 2965 1344 suae
3013 1281 3335 1345 bonitatis.
3375 1282 3625 1345 Etenim
3679 1282 3999 1363 privative

883 1385 980 1439 est
1037 1379 1279 1441 instans
1337 1378 1784 1459 corruptionis.
1841 1380 2145 1441 Praeterea
2201 1396 2384 1460 opor·
2488 1386 2769 1459 accepta,
2806 1379 3014 1441 solum
3067 1380 3273 1461 privat
3324 1398 3437 1443 seu
3487 1379 3697 1443 aufert
3746 1379 3998 1443 bonita-

883 1482 973 1539 tet
1024 1476 1346 1557 assignare
1399 1496 1590 1538 unam
1644 1494 2051 1539 communem
2103 1476 2380 1539 obstina-
2488 1484 2618 1538 tem
2660 1476 2782 1539 sibi
2829 1478 3227 1560 oppositam;
3261 1479 3575 1541 contrarie
3618 1497 3792 1553 vero,
3828 1478 4000 1541 ultra

880 1574 1074 1636 tionis
1131 1593 1386 1637 causam
1444 1575 1510 1639 in
1567 1575 1791 1657 angelo
1847 1582 1907 1637 et
1963 1574 2177 1637 anima
2232 1593 2379 1637 con·
2488 1577 2829 1639 carentiam
2856 1577 3031 1659 ponit
3054 1577 3290 1659 aliquid
3322 1577 3585 1640 bonitati
3617 1597 3995 1660 repugnans,

882 1673 1194 1735 demnata.
1601 1660 1606 1665 ’
2568 1674 2880 1755 Angelum
2911 1682 3127 1738 autem
3158 1677 3396 1738 malum
3430 1693 3557 1738 non
3590 1683 3686 1739 est
3719 1676 3998 1739 dubium

962 1770 1179 1852 Itaque
1220 1772 1297 1833 ad
1342 1771 1571 1833 horum
1621 1771 2002 1834 solutionem
2053 1779 2200 1833 sunt
2252 1772 2379 1835 duo
2488 1790 2673 1854 posse
2728 1772 2983 1848 habere,
3036 1774 3166 1836 imo
3224 1781 3287 1837 et
3346 1774 3602 1848 habere,
3651 1774 3999 1837 volitiones

878 1868 1209 1931 videnda:
1252 1870 1555 1952 primum,
1598 1870 1676 1931 de
1722 1870 2023 1969 gradibus
2073 1869 2376 1933 bonitatis
2414 1868 2461 1931 B
2490 1871 2721 1933 multas
2780 1871 2978 1935 bonas
3031 1891 3108 1934 ex
3157 1891 3409 1954 genere,
3460 1893 3603 1955 quae
3659 1881 4002 1936 transeunt

880 1975 942 2029 et
974 1967 1267 2045 malitiae3
1299 1968 1676 2043 secundum,
1709 1988 1850 2050 quae
1890 1968 2139 2031 bonitas
2178 1969 2379 2050 possit
2488 1990 2681 2052 super
2706 1970 3031 2051 objectum
3075 1973 3460 2035 conveniens
3496 1972 3663 2034 actui
3704 1991 3845 2047 suo,
3882 1992 4002 2055 pu-

882 2066 1088 2129 inesse
1118 2066 1407 2129 volitioni
1439 2067 1767 2141 daemoniS‚
1790 2067 1889 2129 vel
1923 2067 1976 2129 si
2008 2068 2223 2149 aliqua
2254 2086 2381 2129 ma·
2488 2076 2570 2141 ta,
2604 2069 2875 2131 amando
2918 2087 3007 2141 se,
3049 2076 3113 2130 et
3154 2085 3409 2152 poenam
3452 2070 3746 2133 odiendo.

881 2165 1018 2227 litia
1060 2166 1418 2228 necessario
1461 2166 1631 2227 insit.
2566 2168 2754 2229 Porro
2784 2167 3158 2231 volitionem
3198 2167 3431 2230 bonam
3462 2186 3539 2231 ex
3580 2169 3841 2232 caritate
3884 2188 3997 2231 seu

959 2264 1048 2326 De
1102 2264 1311 2345 primo
1359 2260 1523 2338 dico,
1575 2264 1744 2345 quod
1805 2264 1970 2327 ultra
2029 2264 2377 2326 bonitatem
2486 2265 2707 2345 gratia,
2742 2283 2870 2328 non
2920 2272 3128 2348 potest
3166 2265 3421 2340 habere,
3461 2265 3881 2347 intelligendo
3932 2266 3999 2329 in

881 2362 1236 2425 naturalem
1285 2361 1609 2425 volit-ionis
1658 2381 1800 2443 quae
1853 2360 2263 2425 convenisei
2313 2363 2377 2424 in
2487 2382 2677 2425 sensu
2728 2363 3080 2445 composito
3123 2380 3137 2425 :
3180 2363 3333 2445 quia
3379 2382 3507 2427 non
3556 2364 3751 2426 simul
3798 2372 3998 2439 stant,

881 2468 1192 2542 quantum
1242 2468 1338 2522 est
1385 2478 1497 2521 ens
1548 2460 1918 2542 positivum,
1971 2467 2034 2522 et
2082 2460 2380 2523 convenit
2487 2461 2657 2542 quod
2706 2460 2789 2522 sit
2843 2461 3067 2535 malus,
3121 2468 3185 2523 et
3231 2462 3421 2523 talem
3472 2461 3702 2524 habeat
3750 2462 4003 2525 bonita-

882 2557 1148 2620 cuilibet
1204 2556 1337 2619 en'ti
1387 2556 1659 2639 positivo
1707 2558 2057 2619 secundum
2111 2558 2377 2638 gradum
2488 2565 2637 2620 tem.
2674 2558 2792 2621 Sed
2827 2559 2888 2619 in
2932 2578 3123 2621 sensu
3165 2560 3373 2621 diviso
3404 2568 3612 2642 potest
3642 2559 3729 2621 ibi
3773 2561 4000 2641 negari

882 2656 1157 2739 propriae
1203 2655 1508 2729 entitatiS‚
1541 2656 1749 2717 adhuc
1792 2664 1886 2718 est
1929 2656 2160 2738 triplex
2205 2656 2381 2719 boni·
2488 2656 2587 2719 vel
2641 2658 2923 2739 potentia
2972 2658 3195 2739 logica,
3247 2658 3350 2721 vel
3400 2658 3588 2720 realis
3623 2676 3637 2720 ε
3672 2659 3723 2721 si
3776 2660 3997 2733 realiS‚

881 2762 976 2816 tas
1007 2753 1654 2827 moraliS,secundum
1685 2752 1974 2816 ordinem
2007 2772 2074 2815 se
2105 2753 2376 2816 habens:
2488 2763 2597 2817 aut
2639 2756 2747 2817 illa
2786 2775 2927 2837 quae
2971 2756 3125 2818 dicit
3168 2756 3475 2819 ratiunem
3522 2757 3851 2839 principii,
3889 2766 4003 2820 aut

882 2870 1152 2934 quarum
1195 2851 1408 2934 prima
1433 2850 1668 2912 dicitur
1708 2850 1956 2913 bonitas
1995 2870 2072 2913 ex
2106 2836 2379 2931 genere3
2489 2854 2599 2915 illa
2648 2873 2789 2935 quae
2838 2862 2933 2916 est
2980 2853 3347 2917 differentia
3394 2855 3581 2930 entis,
3634 2875 3777 2937 quae
3828 2855 4003 2919 ordi-

882 2950 1161 3012 secunda
1209 2956 1417 3031 potest
1459 2948 1586 3011 dici
1638 2948 1886 3011 bonitas
1932 2950 2234 3023 virtuosa,
2268 2969 2379 3011 seu
2489 2970 2636 3013 nem
2668 2952 2825 3014 dicit
2853 2953 2928 3015 ad
2962 2960 3195 3014 actum.
3221 2953 3311 3016 De
3343 2954 3627 3034 potentia
3657 2971 3808 3035 ergo
3836 2954 4000 3017 reali

881 3048 1131 3111 bonitas
1175 3066 1253 3111 ex
1298 3048 1810 3126 circumstantia3
1844 3047 2027 3109 tertia
2067 3056 2162 3109 est
2206 3048 2382 3110 boni·
2411 3049 2455 3114 C
2490 3048 2838 3111 videndum
2878 3057 2971 3112 est
3014 3050 3331 3131 quomodo
3374 3068 3503 3111 non
3547 3049 3738 3112 habet
3780 3058 4005 3131 poten-

882 3157 974 3210 tas
1007 3147 1332 3209 meritoria
1375 3166 1486 3209 seu
1527 3146 1820 3228 gratuita,
1853 3146 1988 3209 sive
2024 3146 2273 3209 bonitas
2303 3166 2381 3209 ex
2490 3148 2644 3210 tiam
2675 3167 2817 3230 quae
2846 3155 2943 3211 est
2974 3148 3363 3229 principium
3393 3149 3469 3210 ad
3502 3148 3595 3210 sic
3624 3148 3998 3211 volendum.

881 3244 1314 3327 acceptatione
1359 3244 1575 3307 divina
1623 3244 1690 3305 in
1738 3244 1960 3305 ordine
2008 3244 2084 3305 ad
2134 3244 2383 3326 praemi-
2491 3245 2608 3308 Ubi
2641 3246 2805 3319 dico,
2840 3247 3006 3328 quod
3039 3245 3161 3307 hoc
3190 3245 3582 3327 principium
3620 3253 3731 3309 aut
3762 3246 4004 3309 intelli-

883 3362 1013 3405 um.
1051 3342 1257 3405 Prima
1299 3342 1596 3405 convenit
1628 3341 1919 3403 volitioni
1951 3361 2026 3404 ex
2059 3342 2180 3404 hoc
2210 3342 2377 3425 quod
2489 3343 2661 3425 gitur
2708 3362 2849 3406 esse
2892 3343 3240 3425 passivum,
3289 3352 3398 3405 aut
3448 3344 3748 3406 activum.
3795 3344 4005 3407 Habet

882 3441 1022 3523 ipsa
1081 3440 1306 3503 transit
1363 3459 1555 3522 super
1610 3439 1935 3520 objectum
1993 3441 2379 3502 conveniens
2490 3449 2701 3504 autem
2753 3442 3077 3524 passivum
3129 3441 3544 3524 principium,
3578 3442 3729 3523 quia
3775 3442 4004 3505 volun-

881 3540 1052 3603 actui
1084 3539 1191 3601 tali
1233 3540 1586 3601 secundum
1618 3538 1936 3601 dictamen
1977 3545 2162 3601 rectae
2195 3538 2379 3601 ratio·
2491 3547 2584 3601 tas
2615 3559 2730 3601 sua
2759 3547 2855 3602 est
2884 3540 3203 3621 quoddam
3236 3539 3631 3621 receptivum
3671 3547 3861 3603 rectae
3890 3558 4001 3604 vo-

883 3638 1005 3712 ni5‚
1039 3645 1102 3699 et
1132 3655 1257 3699 non
1299 3637 1504 3699 solum
1536 3636 1689 3718 quia
1725 3644 1822 3698 est
1861 3636 2245 3698 conveniens
2280 3655 2378 3698 ac·
2491 3637 2751 3700 litionis.
2796 3638 2970 3711 Quod
3010 3638 3179 3700 enim
3224 3638 3301 3699 de
3345 3656 3413 3699 se
3454 3646 3551 3700 est
3592 3639 3995 3719 receptivum

883 3736 976 3797 tui
1008 3734 1400 3808 naturaliter,
1428 3743 1498 3795 ut
1529 3734 1621 3797 sol
1654 3734 1904 3797 visioni.
1930 3734 2074 3796 Haec
2104 3733 2376 3809 bonitaS,
2490 3744 2676 3799 rectae
2705 3736 3045 3808 volitionis,
3059 3736 3399 3817 quamdiu*
3420 3735 3485 3797 in
3518 3755 3585 3798 se
3616 3744 3841 3810 manet,
3860 3756 3994 3801 non
4024 3756 4075 3829 ‘⁶
4096 3752 4255 3809 mnas:

882 3854 1024 3915 quae
1077 3841 1172 3895 θεῖ
1225 3832 1432 3914 prima
1484 3832 1733 3906 bonjtas
1789 3832 2066 3905 moralis,
2118 3840 2382 3894 vocatur
2488 3842 2584 3897 est
2623 3852 2749 3896 non
2790 3834 3185 3916 receptivum
3225 3833 3401 3895 illius
3433 3851 3449 3895 :
3484 3834 3594 3897 illa
3630 3842 3841 3898 autem
3886 3854 3996 3899 vo·
4022 3818 4131 3861 '‘¹⁶''

881 3931 1131 3994 bonitas
1163 3951 1240 4005 ex
1277 3949 1529 4011 genere,
1565 3930 1714 4012 quia
1753 3938 1849 3993 est
1879 3930 2058 4011 quasi
2093 3931 2381 3993 materia·
2490 3933 2697 3994 luntas
2726 3932 2932 4013 angeli
2966 3932 3113 3994 mali
3145 3930 3487 4013 aliquando
3515 3931 3641 3995 suit
3668 3934 3997 4016 receptiva

882 4030 960 4091 lis
992 4036 1282 4112 respectu
1323 4029 1472 4091 boni
1516 4028 1834 4092 ulterioris
1876 4029 1940 4089 in
1981 4046 2211 4109 genere
2248 4047 2379 4091 mo-
2488 4030 2670 4093 bonae
2701 4030 3047 4104 volitioniS,
3081 4030 3381 4092 videlicet
3419 4038 3566 4093 ante
3608 4031 3877 4113 lapsum.
3915 4034 3996 4094 At

880 4130 986 4191 ris.
1042 4128 1199 4191 Nam
1248 4136 1426 4190 actus
1484 4128 1591 4190 ille
1641 4135 1734 4190 est
1783 4127 1966 4209 quasi
2021 4126 2377 4189 formabilis
2486 4146 2637 4191 vero
2687 4129 2763 4189 de
2814 4128 3135 4210 principio
3192 4128 3399 4190 activo
3459 4138 3749 4212 respectu
3801 4140 3996 4193 rectae

880 4248 994 4311 per
1053 4246 1524 4310 quamcumque
1582 4227 1770 4289 aliam
1833 4226 2377 4289 circumstantiam
2407 4230 2457 4292 D
2487 4227 2831 4301 volitioniS‚
2866 4246 3208 4309 possumus
3260 4220 3432 4309 loqui
3483 4228 3585 4290 vel
3635 4230 3713 4291 de
3756 4228 3996 4310 princi-

880 4327 1207 4391 moralem.
1243 4326 1532 4389 Secunda
1580 4324 1829 4387 bonitas
1879 4325 2178 4388 convenit
2228 4325 2381 4387 voli·
2487 4326 2594 4409 pio
2626 4325 2803 4388 totali
2836 4325 3183 4400 volitionis,
3218 4326 3318 4387 vel
3361 4326 3679 4408 principio
3714 4326 3988 4409 partiali.

880 4427 1038 4490 tioni
1070 4446 1149 4489 ex
1179 4426 1298 4488 hoc
1328 4425 1496 4507 quod
1531 4424 1666 4507 ipsa
1705 4424 1958 4486 elicitur
1987 4445 2023 4486 a
2054 4424 2378 4486 voluntate
2486 4425 2877 4507 Principium
2928 4426 3210 4487 activum
3260 4426 3523 4506 partiale
3554 4433 3649 4488 est
3697 4426 3992 4489 voluntas

883 4546 1030 4588 cum
1084 4523 1384 4587 omnibus
1439 4522 1933 4584 circumstantiis
1981 4542 2013 4584 a
2067 4531 2237 4584 recta
2286 4541 2379 4585 ra·
2488 4524 2695 4604 angeli
2730 4524 2903 4597 mali,
2939 4543 3079 4605 quae
3116 4524 3361 4604 integra
3404 4523 3613 4587 manet
3646 4524 3711 4586 in
3744 4542 3840 4598 e0‚
3872 4524 3993 4586 sic-

881 4627 1053 4687 tione
1084 4623 1336 4686 dictatis
1367 4621 1488 4684 sibi
1521 4637 1866 4701 congruere
1901 4637 1916 4680 :
1945 4620 2247 4702 quoniam
2279 4620 2384 4683 bo·
2489 4632 2561 4683 ut
2590 4630 2653 4684 et
2684 4622 2994 4684 naturalia
3022 4622 3165 4695 alia,
3184 4629 3246 4683 et
3276 4622 3565 4685 eamdem
3597 4641 3769 4683 nunc
3800 4622 3993 4685 habet

881 4744 1038 4787 num
1078 4730 1174 4785 est
1215 4740 1292 4783 ex
1335 4720 1578 4801 integra
1618 4737 1826 4780 causa.
1861 4719 2035 4781 Unde
2077 4718 2249 4780 istud
2287 4726 2382 4781 est
2489 4739 2681 4802 quam
2726 4720 2790 4781 in
2836 4727 3001 4781 statu
3046 4719 3426 4782 innocentiae
3473 4719 3714 4782 habuit.
3748 4720 3993 4783 Idcirco

882 4824 1122 4886 bonum
1175 4822 1238 4883 in
1290 4819 1502 4903 specie
1553 4818 1770 4892 moriS‚
1812 4818 1963 4899 quia
2007 4818 2141 4899 jam
2192 4817 2383 4880 habet
2491 4835 2617 4879 non
2663 4824 2871 4899 potest
2908 4817 2988 4878 ab
3032 4834 3107 4879 eo
3152 4836 3299 4879 vere
3343 4817 3555 4897 negari
3597 4817 3991 4900 principium

879 4941 1101 4986 omnes
1155 4919 1552 4983 differentias
1613 4917 1880 4980 morales
1937 4918 2382 4979 contrahentes
2488 4916 2770 4977 activum
2822 4916 3086 4997 partiale
3122 4916 3447 4978 volitionis
3488 4916 3847 4991 meritorias,
3878 4919 3991 4982 sed

881 5023 1120 5086 bonum
1153 5040 1231 5083 ex
1270 5036 1520 5101 genere.
1556 5016 1764 5080 Tertia
1794 5016 2042 5078 bonitas
2084 5016 2384 5078 convenit
2493 5013 2882 5097 principium
2914 5014 3105 5075 totale
3134 5014 3416 5076 activum
3448 5014 3737 5096 ejusdem
3772 5034 3787 5077 ε
3821 5018 3991 5098 quod

881 5122 1051 5184 actui
1102 5140 1180 5183 ex
1230 5122 1349 5182 hoc
1399 5118 1568 5200 quod
1630 5116 2085 5199 praesupposita
2137 5114 2381 5196 duplici
2492 5112 2885 5196 principium
2916 5120 3012 5174 est
3043 5114 3333 5175 voluntas
3365 5114 3557 5176 simul
3590 5133 3734 5176 cum
3766 5116 3985 5196 gratia.

883 5220 1166 5284 bonitate
1194 5219 1326 5300 jam
1357 5217 1546 5291 dicta,
1580 5222 1758 5277 actus
1793 5215 1927 5295 ipse
1957 5214 2213 5275 elicitur
2244 5231 2386 5276 con·
2490 5248 2571 5259 —
2601 5212 2664 5275 Si
2706 5230 2855 5274 vero
2896 5212 3287 5293 intelligatur
3328 5214 3404 5275 de
3446 5214 3729 5294 potentia
3767 5214 3987 5295 logica,

885 5318 1178 5385 formiter
1224 5316 1544 5404 principio
1595 5313 2022 5401 promerendi,
2069 5313 2239 5397 quod
2290 5321 2385 5375 est
2494 5332 2635 5394 quae
2684 5311 2839 5373 dicit
2883 5311 3145 5374 modurn
3188 5311 3667 5395 compositionis
3705 5311 3989 5377 sormatae
