4334 6242
521 2556 604 2597 art.
631 2555 667 2603 t.
690 2556 732 2599 2.

790 466 911 535 356

1460 484 1524 534 IN
1564 484 1786 534 mnam(
1828 487 1872 532 11
1915 482 2397 533 SENTEN‘rlARnn.
2443 503 2524 514 —
2564 483 2717 532 DIST.
2758 486 2860 549 V13
2906 484 3127 541 QUAEST.
3174 486 3235 532 lv

793 658 1102 739 pientiam
1139 659 1415 740 pertinet
1446 666 1516 719 ut
1543 676 1618 720 ea
1653 676 1792 739 quae
1826 656 1906 719 ab
1938 656 2075 738 ipsa
2115 661 2286 727 sunt,
2319 652 2372 715 A
2400 661 2557 717 turae
2587 660 2732 716 sunt
2763 654 3087 727 ordinatae,
3122 661 3369 736 oportet
3394 652 3675 715 actiones
3704 652 3901 714 etiam

498 772 761 824 Rom.x=n,¹.
792 756 1080 818 ordinata
1109 756 1535 820 consistant.A
1566 757 1692 819 Deo
1721 763 1931 817 autem
1963 762 2056 817 est
2084 752 2291 815 omnis

793 858 1069 936 potestas
1095 856 1276 918 :ideo
1308 862 1583 937 potestas
1614 856 1975 917 daemonum
2005 852 2084 914 ad
2114 869 2291 913 exer-

794 952 1068 1015 cendum
1120 951 1410 1016 homines
1460 952 1986 1034 puniendumque
2035 951 2291 1012 damna-

789 1057 909 1123 toS,
943 1070 980 1113 a
1010 1052 1138 1113 Deo
1175 1058 1291 1125 est,
1323 1058 1388 1113 et
1418 1069 1531 1133 per
1567 1051 1798 1132 gradus
1845 1048 2287 1131 praelationum

790 1147 979 1211 dehet
1006 1149 1294 1211 ordinata
1323 1150 1686 1211 consistere.
1719 1146 2046 1220 Similiter,
2071 1164 2148 1207 ex
2181 1164 2286 1207 ne-

790 1246 993 1328 quitia
1054 1266 1170 1309 sua
1231 1248 1511 1309 humano
1570 1246 1785 1328 generi
1848 1245 2282 1307 adversantur.

788 1344 910 1407 Eos
947 1354 1160 1408 autem
1192 1364 1330 1408 esse
1363 1345 1640 1408 invicem
1678 1343 1893 1425 aliquo
1925 1343 2111 1405 modo
2144 1360 2289 1404 con-

788 1443 1009 1505 cordes
1072 1450 1260 1526 atque
1321 1443 1582 1517 amicOS,
1649 1442 1759 1523 qui
1829 1440 2073 1503 inimici
2138 1447 2287 1501 sunt

785 1539 1100 1620 ejusdem,
1152 1541 1564 1623 consequitur
1611 1560 1624 1603 :
1678 1540 1918 1602 idcirco
1968 1545 2036 1600 ut
2085 1538 2285 1619 magis

785 1638 1158 1701 hominibus
1187 1647 1476 1713 noceant,
1510 1638 1691 1721 quasi
1721 1640 1797 1700 ad
1831 1638 2109 1699 invicem
2142 1654 2287 1698 con-

784 1736 1200 1813 foederantur,
1225 1745 1295 1800 ut
1326 1736 1723 1801 concorditer
1752 1744 1815 1798 et
1844 1735 2129 1798 ordinate
2166 1735 2284 1796 im-

2401 760 2625 815 mutuo
2675 752 2953 814 ordinari
3002 770 3015 813 :
3064 760 3133 813 ut
3178 760 3387 814 motus
3431 758 3495 812 et
3538 756 3718 812 actus
3769 768 3905 812 cor-

2402 868 2630 932 porum
2675 850 3051 912 inl'eriorum
3100 849 3462 912 subduntur
3510 848 3902 911 motionibus

2400 947 2776 1030 actibusque
2809 948 3163 1011 coelestium
3197 965 3552 1030 corporum,
3568 946 3733 1009 infra
3762 966 3904 1029 quae

2402 1054 2551 1109 sunt
2580 1046 2852 1108 naturali
2892 1047 3133 1109 ordine.
3168 1046 3711 1120 Quemadmodum
3749 1063 3905 1125 ergo

2400 1145 2719 1208 daemones
2778 1144 3039 1228 quidam
3095 1144 3235 1207 aliis
3293 1144 3691 1207 daemonibus
3750 1152 3905 1206 sunt

2400 1244 2772 1305 naturaliter
2820 1243 3176 1315 inferioreS,
3222 1242 3309 1305 ita
3350 1242 3417 1304 in
3466 1242 3714 1305 actibus
3764 1243 3903 1303 suis

2400 1341 2763 1403 subduntur
2814 1342 2963 1403 illis.
3020 1378 3101 1387 —
3152 1342 3279 1404 Nec
3333 1341 3441 1403 illa
3494 1340 3903 1423 superiorum

2400 1440 2684 1521 praelatio
2720 1440 2885 1502 cedit
2916 1441 3009 1502 eis
3045 1442 3109 1502 in
3146 1440 3409 1515 bonum,
3442 1440 3552 1501 sed
3588 1440 3655 1502 in
3690 1438 3905 1520 majus

2401 1538 2641 1600 malum
2686 1556 2701 1599 ε
2746 1537 2896 1620 quia
2944 1546 3181 1620 quanto
3229 1539 3589 1620 superiores
3638 1546 3785 1599 sunt
3831 1538 3903 1599 in

2399 1645 2645 1713 natura,
2700 1646 2872 1701 tanto
2930 1647 3080 1700 sunt
3137 1639 3393 1701 viliores
3452 1638 3517 1700 in
3576 1638 3785 1719 culpa,
3838 1644 3907 1699 et

2404 1736 2603 1816 magis
2636 1736 2917 1818 depressi
2958 1737 3263 1799 servitute
3294 1736 3557 1819 peccati.
3592 1736 3721 1798 Nec
3750 1735 3905 1797 obc-

787 1835 1368 1916 pugnen'tstacilius
1400 1834 1848 1917 copiosiusque
1879 1832 2278 1916 praevaleant.
2316 1830 2362 1892 B
2403 1834 2587 1896 diunt
2637 1835 2912 1897 invicem
2974 1854 3050 1896 ex
3099 1854 3249 1897 vera
3306 1835 3609 1908 amicitia,
3661 1834 3773 1896 sed
3820 1854 3904 1897 ex

783 1966 865 1977 —
893 1933 1069 2007 Quod
1107 1953 1257 2015 ergo
1302 1934 1367 1996 in
1412 1932 1664 1995 inferno
1701 1932 1936 1994 dicitur
1977 1950 2104 1994 non
2146 1949 2285 1993 esse

785 2032 961 2107 ordo,
1005 2032 1490 2115 intelligendum
1533 2040 1630 2095 est
1671 2032 1750 2093 de
1793 2031 2166 2093 habitudine
2208 2030 2287 2091 ad

788 2131 1088 2193 ultimum
1148 2132 1561 2194 beatitudinis
1615 2131 1838 2204 finem,
1889 2149 2081 2212 quem
2131 2148 2289 2190 nun-

787 2249 980 2311 quam
1010 2238 1407 2312 recuperant.
1442 2230 1585 2293 Haec
1615 2230 1884 2292 Thomas
1917 2229 1982 2289 in
2014 2228 2281 2309 Scripto.

868 2330 1135 2411 Insuper
1181 2330 1248 2391 in
1298 2329 1506 2411 prima
1552 2336 1729 2410 parte
1779 2328 2076 2401 Summae,
2125 2346 2291 2408 quae-

789 2428 992 2491 stione
1039 2428 1387 2490 centesima
1428 2445 1615 2501 nona,
1658 2426 1736 2489 de
1776 2426 1876 2488 his
1919 2426 2076 2488 duas
2119 2444 2288 2507 quae-

789 2525 1025 2589 stiones
1072 2526 1336 2587 inducit.
1372 2526 1580 2588 Prima
1622 2532 1739 2600 est,
1782 2531 1998 2586 utrum
2050 2523 2116 2584 in
2165 2523 2287 2586 dae-

788 2625 1088 2687 monibus
1127 2624 1254 2687 sint
1299 2624 1572 2686 ordineS.
1609 2623 1916 2697 Secunda,
1959 2642 2038 2684 an
2083 2622 2149 2683 in
2194 2621 2287 2683 eis

787 2722 1047 2784 exsistat
1089 2722 1390 2804 praelatiO.

865 2818 1070 2902 Atque
1117 2820 1196 2882 ad
1255 2820 1530 2902 primam
1588 2820 1977 2902 respondens
2030 2838 2043 2882 ε
2097 2817 2282 2890 Ordo,

785 2918 1010 3001 inquit,
1029 2919 1094 2980 in
1123 2918 1366 3000 angelis
1394 2919 1743 2981 attenditur
1772 2918 2122 2982 secundum
2155 2934 2289 2997 gra-

2402 1934 2728 1995 communi
2778 1942 2841 1995 et
2888 1934 3024 2015 pari
3083 1934 3369 2015 nequitia
3425 1952 3550 2015 qua
3607 1933 3905 1995 homines

2399 2030 2644 2106 odiunt,
2676 2050 2749 2093 ac
2784 2031 3049 2112 justitiae
3086 2031 3199 2093 Dei
3238 2039 3594 2113 repugnant
3628 2048 3642 2094 :
3677 2050 3903 2114 quem-

2398 2130 2740 2192 admodum
2782 2129 3075 2192 homines
3114 2129 3291 2211 pravi
3324 2130 3400 2191 ad
3433 2130 3757 2212 propriam
3790 2149 3902 2191 ne-

2400 2228 2667 2310 quitiam
2709 2231 3175 2310 exsequendam
3216 2228 3487 2290 libenter
3518 2247 3584 2291 se
3614 2229 3903 2291 subdunt

2398 2347 2471 2389 ac
2513 2328 2756 2389 sociant
2794 2328 2922 2389 illis
2962 2345 3121 2410 quos
3162 2328 3406 2390 vlribus
3446 2328 3665 2390 vident
3699 2328 3904 2410 potio·

2400 2445 2518 2489 res,
2561 2427 2705 2489 Haec
2748 2426 3017 2489 Thomas
3062 2426 3126 2488 in
3170 2426 3448 2489 Summa.

2477 2525 2652 2588 Idem
2690 2525 2929 2587 Petrus.
2964 2524 3079 2599 Qui
3112 2532 3175 2587 et
3204 2532 3421 2587 contra
3454 2525 3589 2589 haec
3619 2525 3846 2606 objicit
3880 2543 3895 2588 ε

2400 2623 2487 2686 De
2540 2622 2937 2686 daemonibus
2988 2623 3077 2684 ait
3120 2623 3309 2685 sudas
3361 2623 3705 2705 apostoluS,
3758 2625 3899 2687 Non

2400 2730 2813 2784 servaverunt
2851 2741 3037 2783 suum
3077 2722 3507 2803 principatum
3541 2740 3556 2783 ε
3590 2741 3739 2804 ergo
3767 2742 3900 2787 non

2399 2820 2635 2882 habent
2678 2821 3131 2903 praelationem.
3165 2856 3245 2865 -—
3283 2822 3438 2884 Item
3484 2822 3695 2884 omnis
3742 2821 3900 2883 ordo

2398 2918 2783 3001 praelationis
2820 2927 2884 2981 et
2914 2919 3333 2999 subjectionis
3374 2920 3637 3001 requirit
3674 2938 3897 3002 quam-

785 3017 940 3079 dum
983 3023 1224 3080 naturae
1266 3025 1328 3079 et
1369 3016 1604 3099 gratita.
1641 3018 1851 3081 Gratia
1891 3034 2041 3078 vero
2080 3014 2287 3096 dupli·
2320 3011 2363 3075 C
2398 3018 2541 3078 dam
2603 3018 2777 3100 pacis
2833 3026 2893 3079 et
2944 3018 3297 3081 concordiae
3356 3018 3821 3100 colligationem
3878 3036 3894 3079 :

786 3133 926 3179 cem
958 3115 1149 3179 habet
1179 3124 1436 3191 statum,
1452 3116 1783 3180 videlicet:
1807 3114 2282 3197 imperfectum,

783 3215 897 3297 qui
934 3222 1032 3277 est
1061 3222 1260 3277 status
1301 3214 1624 3294 merendi3
1667 3222 1730 3276 et
1759 3213 2137 3296 perfectum,
2174 3210 2286 3294 qui

785 3320 882 3375 est
925 3320 1125 3375 status
1175 3312 1392 3394 gloriae
1436 3318 1890 3375 consummatae
1925 3331 1938 3374 :
1973 3319 2036 3373 et
2079 3308 2286 3392 quoad

786 3412 958 3474 hunc
1017 3419 1252 3474 statum
1311 3411 1689 3493 perfectum,
1752 3411 2069 3473 daemones
2128 3428 2287 3469 nun-

788 3528 981 3591 quam
1013 3511 1079 3572 in
1108 3509 1442 3572 ordinibus
1474 3510 1851 3571 exstiterunt
1880 3506 2284 3588 angelicis.Si

789 3626 940 3671 vero
987 3608 1280 3670 dicantur
1325 3608 1523 3671 fuisse
1572 3607 1765 3669 creati
1816 3607 1881 3668 in
1929 3605 2151 3687 gratia,
2194 3604 2286 3666 sic

790 3714 1098 3788 quantum
1145 3708 1222 3769 ad
1268 3706 1332 3769 id
1376 3707 1546 3788 quod
1591 3714 1686 3767 est
1726 3706 1941 3786 gratiae
1990 3701 2287 3786 imperfe-

791 3812 928 3879 ctae,
961 3804 1223 3867 fuerunt
1262 3805 1328 3867 in
1373 3806 1501 3867 illis
1539 3804 1895 3879 ordinibuS‚
1929 3803 2038 3865 sed
2077 3802 2157 3864 ab
2196 3802 2289 3865 eis

792 3903 1179 3966 ceciderunt.
1234 3903 1550 3977 Quantum
1611 3920 1761 3965 vero
1819 3902 1897 3963 ad
1956 3899 2287 3974 naturalia,

790 4002 999 4065 adhuc
1046 4010 1197 4065 sunt
1245 4002 1310 4064 in
1359 4001 1690 4065 ordinibus
1739 4000 1866 4063 illis
1921 4018 1936 4061 τ
1990 4000 2291 4082 quoniam

794 4102 938 4164 data
965 4100 1278 4163 naturalia
1311 4118 1437 4163 non
1479 4100 1852 4173 amiserunt,
1887 4117 2004 4161 nec
2037 4098 2144 4160 illa
2176 4098 2291 4161 tol-

2399 3134 2540 3197 quae
2590 3115 2755 3178 inter
2803 3118 3121 3179 daemones
3179 3134 3307 3178 non
3355 3124 3469 3191 est,
3521 3135 3719 3199 quum
3766 3116 3901 3178 sint

2399 3214 2583 3295 impii
2627 3222 2690 3276 et
2732 3214 3014 3297 superbi,
3057 3223 3247 3297 atque
3297 3223 3367 3277 ut
3408 3215 3702 3278 Salomon
3752 3233 3902 3277 con·

2400 3319 2685 3387 testatur,
2719 3312 2889 3375 Inter
2930 3312 3237 3394 superbos
3282 3331 3534 3395 semper
3574 3320 3723 3375 sunt
3760 3312 3900 3393 jur-

2400 3411 2537 3491 gia3
2583 3418 2646 3473 et
2695 3411 2907 3485 IsaiaS,
2948 3411 3086 3473 Non
3134 3418 3231 3473 est
3278 3431 3400 3493 pax
3448 3411 3688 3494 impiis,
3740 3411 3901 3474 dicit

2402 3508 2727 3571 DominuS.

2481 3608 2829 3669 Dicendum
2862 3608 2940 3669 ad
2972 3608 3275 3691 primum,
3304 3609 3471 3690 quod
3504 3608 3903 3691 reliquerunt

2402 3724 2590 3767 suum
2631 3706 3085 3788 principatum,
3118 3706 3182 3768 id
3222 3714 3319 3768 est
3348 3706 3779 3770 obedientiam
3816 3707 3901 3769 ad

2402 3804 2833 3886 principatum
2882 3805 3210 3885 divinum3
3256 3806 3380 3879 vel,
3430 3805 3567 3869 Non
3615 3824 3905 3867 servave-

2402 3910 2552 3964 runt
2598 3922 2787 3964 suum
2846 3903 3300 3986 principatum,
3354 3904 3417 3966 id
3466 3911 3563 3966 est
3608 3903 3903 3965 ordinem

2401 4001 2821 4083 principatus,
2864 4002 3015 4082 quia
3057 4002 3133 4064 de
3178 4003 3309 4064 suis
3357 4002 3689 4065 ordinibus
3737 4002 3906 4064 ceci-

2403 4100 2671 4163 derunt:
2700 4107 2913 4161 tamen
2944 4108 3121 4162 extra
3149 4100 3436 4163 ordinem
3469 4100 3653 4162 illum
3685 4120 3909 4182 quam-

793 4199 1013 4262 luntur
1051 4218 1168 4281 per
1197 4198 1470 4281 culpam.
1508 4235 1587 4243 —
1617 4198 1730 4260 llla
1761 4214 2014 4280 quoque
2045 4197 2291 4259 ordina·
2323 4200 2373 4260 D
2405 4198 2550 4259 dam
2582 4198 2968 4279 praelationis
2998 4204 3373 4281 potestatem
3406 4199 3610 4262 sortiti
3642 4206 3909 4261 sunt.—

791 4298 884 4361 tio
911 4299 1266 4363 daemonum
1295 4307 1391 4360 est
1420 4317 1597 4361 sacra
1625 4317 1701 4360 ex
1732 4305 1909 4379 parte
1942 4296 2052 4359 Dei
2083 4296 2294 4359 omnia

795 4397 959 4460 bene
1017 4397 1391 4472 ordinantiS,
1438 4406 1500 4459 et
1547 4396 1732 4459 malis
1790 4395 1952 4458 bene
2013 4395 2291 4475 utentis3

797 4496 908 4559 sed
939 4514 1016 4558 ex
1046 4504 1224 4578 parte
1255 4495 1598 4558 voluntatis
1638 4495 1998 4561 daemonum
2040 4512 2165 4556 non
2198 4502 2295 4556 est

798 4612 996 4670 sacra,
1049 4594 1352 4677 quoniam
1410 4593 1760 4655 abutuntur
1809 4612 1924 4655 sua
1970 4592 2136 4655 bona
2191 4612 2296 4653 na-

797 4702 942 4756 tura
983 4693 1062 4756 ad
1107 4693 1367 4755 malum.
1415 4726 1480 4738 -
1511 4692 1808 4755 Ordinem
1852 4710 2003 4754 vero
2046 4710 2185 4753 esse
2228 4692 2295 4754 in

525 4814 770 4877 lephna„
801 4794 895 4857 eis
925 4794 1108 4857 docet
1134 4793 1474 4875 Apostolus
1501 4793 1674 4856 :Non
1705 4800 1799 4854 est
1818 4792 2094 4873 (dicens)
2112 4791 2298 4853 nobis

512 4889 577 4928 ¹2.

803 4893 1166 4957 colluctatio
1195 4893 1497 4955 adversus
1529 4910 1782 4953 carnem
1813 4898 1873 4953 et
1905 4890 2297 4971 sanguinem,

804 4992 914 5055 sed
963 4992 1267 5055 adversus
1315 4990 1640 5072 principes
1689 4996 1752 5052 et
1794 4995 2156 5071 potestateS,
2200 4989 2303 5049 ad-

804 5111 1027 5155 versus
1058 5090 1281 5153 mundi
1313 5097 1586 5152 rectores
1617 5088 2021 5151 tenebrarum
2054 5088 2297 5150 harum.

884 5192 980 5254 Ad
1029 5191 1374 5254 secundam
1426 5188 1762 5271 respondet
1817 5207 1830 5252 ε
1882 5188 2089 5261 Quum
2136 5187 2303 5249 actio

806 5299 1109 5374 sequatur
1136 5290 1227 5353 rei
1265 5296 1577 5363 naturam,
1610 5304 2164 5370 quorumcumque
2194 5306 2303 5349 na-

2404 4297 2498 4360 Ad
2552 4297 2928 4371 secundum,
2982 4299 3366 4361 concordant
3414 4299 3480 4362 in
3528 4297 3723 4373 vitiis,
3775 4316 3907 4361 non

2409 4394 2474 4455 in
2520 4393 2706 4456 honis
2741 4414 2754 4458 :
2790 4403 2853 4457 et
2896 4396 3062 4457 sicut
3107 4396 3271 4459 inter
3320 4395 3592 4460 latrones
3640 4414 3765 4459 non
3809 4404 3909 4459 est

2408 4493 2786 4575 simpliciter
2834 4495 3119 4576 regimen
3164 4495 3349 4576 juriS‚
3392 4497 3502 4559 sed
3551 4496 3909 4559 secundum

2409 4594 2702 4682 quid,⁴in
2750 4603 3060 4675 quantum
3118 4594 3375 4676 aliquod
3431 4594 3535 4676 jus
3584 4595 3909 4659 societatis

2410 4692 2687 4755 invicem
2746 4701 3020 4768 servant,
3070 4702 3133 4755 et
3178 4694 3534 4775 depraedata
3578 4694 3910 4777 aequaliter

2412 4792 2577 4853 inter
2615 4810 2682 4853 se
2722 4792 3051 4870 dividunt-3
3094 4792 3185 4854 sic
3226 4792 3391 4854 inter
3419 4793 3737 4856 daemones
3778 4812 3907 4856 non

2410 4898 2506 4952 est
2536 4891 2820 4971 regimen
2856 4890 3130 4971 alicujus
3162 4890 3324 4971 juris
3364 4891 3762 4974 simpliciter,
3796 4894 3909 4955 sed

2412 4990 2477 5051 in
2523 4990 2687 5052 male
2730 4990 2973 5070 agendo
3015 4989 3296 5071 aliquam
3335 4990 3499 5071 juris
3542 4991 3911 5055 similitudi-

2412 5108 2560 5150 nem
2616 5098 2887 5151 servant.
2942 5089 3115 5151 Unde
3169 5089 3236 5151 in
3286 5089 3715 5172 Vitaspatrum
3770 5110 3912 5153 nar-

2413 5195 2608 5262 ratur,
2657 5188 2826 5270 quod
2875 5188 3136 5269 quidam
3196 5187 3494 5270 princeps
3544 5189 3909 5253 daemonum

2412 5287 2604 5368 jussit
2643 5286 2800 5349 alios
2844 5285 3173 5367 flagellari.
3216 5320 3296 5332 -—
3338 5287 3482 5351 Haec
3524 5287 3760 5352 Petrus.

3974 2647 4133 2692 Jndae
4174 2652 4223 2691 6.

3964 3334 4142 3380 Prot.
4158 3352 4261 3389 xm.

3934 3400 4021 3442 1⁰.

3931 3524 4019 3566 22.

4049 3494 4063 3503 .
4092 3477 4259 3516 usui,
