4334 6242
579 4726 725 4776 flecti.

526 4804 683 4845 xxxvii,
707 4796 771 4839 ¹8.

829 479 950 549 404

1485 502 1548 549 ΙΝ
1589 499 1811 547 LIBRUM
1854 502 1897 546 11
1939 496 2421 546 SENTENTIARUM.
2468 518 2549 527 -
2589 498 2743 545 Dis'r.
2782 500 2907 564 5'113
2950 497 3175 555 QUAEST.
3220 500 3287 547 111

833 672 1011 735 milia
1053 672 1232 736 fiant.
1266 672 1513 735 Accidit
1551 672 1790 755 quippe
1833 679 2119 753 tempore
2161 688 2328 743 me0‚
2360 669 2411 733 A
2441 670 2607 733 sicut
2654 679 2911 734 econtra
2963 691 3041 735 ex
3088 672 3491 734 vehementia
3547 670 3941 752 imaginatio-

832 771 1001 853 quod
1041 771 1274 834 mulier
1317 770 1604 853 quaedam
1643 770 1855 832 virum
1899 769 2332 832 intensissime

831 887 1072 944 amans,
1120 869 1564 951 praesentiebat
1614 868 1795 930 illum
1845 867 2064 929 venire
2111 868 2189 929 ad
2239 885 2328 941 se,

831 986 1029 1049 quum
1081 967 1288 1029 adhuc
1336 967 1586 1029 abesset
1636 986 1750 1049 per
1797 986 1996 1028 unum
2059 965 2332 1027 milliare

827 1072 938 1127 aut
985 1065 1130 1127 duo.
1175 1066 1498 1126 Interdum
1547 1083 1697 1127 vero
1747 1064 2090 1126 exsistente
2139 1082 2215 1125 eo
2264 1063 2328 1124 in

829 1163 1064 1245 palatio
1096 1181 1347 1244 magne,
1371 1172 1434 1225 et
1467 1164 1733 1225 muliere
1763 1183 1800 1225 a
1831 1162 1983 1224 foris
2015 1169 2241 1234 stante,
2267 1168 2331 1223 et

827 1262 905 1324 de
936 1263 1075 1325 viro
1107 1263 1218 1325 illo
1254 1263 1345 1325 nil
1376 1262 1672 1325 audiente
1703 1280 1822 1324 nec
1851 1261 2035 1323 aliter
2063 1261 2326 1333 sciente,

827 1378 952 1421 non
986 1360 1190 1442 potuit
1225 1379 1364 1422 eam
1409 1360 1600 1423 latere
1636 1360 1804 1441 quod
1847 1358 1935 1419 ibi
1973 1365 2158 1421 esset.
2192 1358 2325 1431 Dic,

819 1459 1278 1540 ·quaes0,qualis
1310 1458 1432 1521 fuit
1463 1458 1740 1539 cognitio
1768 1465 1876 1520 aut
1905 1458 2329 1539 apprehensio

827 1557 992 1619 ista?
1019 1557 1207 1620 Nulla
1244 1557 1418 1619 enim
1458 1556 1782 1619 sensibilis
1821 1556 2028 1620 forma
2057 1556 2182 1617 viri
2223 1574 2329 1637 po-

826 1662 987 1717 terat
1030 1655 1098 1717 in
1142 1656 1317 1717 illam
1367 1674 1552 1736 agere
1601 1654 1924 1717 feminam.
1970 1654 2127 1727 Quia
2176 1671 2326 1717 vero

827 1751 892 1813 in
925 1752 1180 1815 civitate
1210 1761 1274 1815 et
1301 1774 1338 1814 a
1370 1753 1552 1833 longe
1582 1772 1696 1835 per
1726 1762 1998 1835 quatuor
2029 1751 2328 1813 milliaria

2441 770 2539 830 nis
2583 770 2679 833 vis
2730 769 3252 851 concupiscibilis
3301 788 3427 832 non
3470 777 3717 832 tantum
3768 769 3943 832 inva-

2442 867 2623 929 lescit
2660 876 2723 930 et
2762 868 3174 943 confortatur,
3213 869 3341 931 imo
3381 876 3444 930 et
3478 868 3937 930 inflammatur.

2520 963 2694 1036 Quod
2736 964 2788 1025 si
2830 972 3169 1045 quaeratur,
3203 965 3359 1047 quid
3400 984 3606 1027 causae
3644 964 3943 1046 estquod

2438 1061 2536 1123 vis
2587 1061 2823 1124 motiva
2872 1062 2964 1124 sic
3012 1062 3191 1143 juvat
3239 1063 3808 1145 apprehensivam3
3851 1081 3945 1123 re-

2440 1159 2742 1240 sponde0,
2777 1161 2945 1242 quod
2992 1161 3189 1223 simili
3234 1162 3421 1223 modo
3460 1161 3659 1243 quaeri
3704 1168 3941 1242 posset,

2440 1276 2555 1318 cur
2583 1259 3045 1339 apprehensiva
3077 1260 3168 1321 sic
3199 1259 3458 1340 adjuvat
3489 1259 3947 1321 motivam.Ma-

2439 1354 2742 1418 nifestum
2788 1365 2885 1418 est
2922 1365 3159 1432 autem,
3192 1358 3489 1439 quod-vis
3529 1357 3943 1439 apprehensi-

2440 1472 2517 1514 va
2547 1454 2765 1516 subest
2796 1456 3049 1519 motivae
3080 1462 3151 1517 ut
3182 1456 3554 1538 imperanti3
3587 1474 3707 1518 nec
3738 1456 3945 1518 solum

2440 1551 2711 1634 imperat
2741 1554 2839 1615 vis
2882 1555 3120 1617 motiva
3159 1564 3427 1629 motum,
3454 1555 3563 1617 sed
3595 1563 3659 1617 et
3688 1573 3762 1617 ea
3796 1574 3943 1635 quae

2438 1650 2744 1731 adjuvant
2786 1662 3053 1726 motum,
3093 1662 3162 1715 ut
3196 1654 3799 1735 praecogitationem‚
3833 1654 3942 1715 de-

2442 1747 2903 1825 liberationem,
2936 1752 3331 1832 apertionem
3362 1751 3693 1814 oculorum
3724 1759 3788 1812 et
3818 1751 3942 1813 ele-

826 1851 1034 1933 potuit
1081 1870 1222 1913 eam
1273 1852 1466 1913 latere
1510 1851 1610 1913 vir
1658 1851 1787 1924 ille,
1833 1850 2181 1912 verisimile
2230 1857 2326 1911 est
2362 1851 2409 1913 B
2439 1847 2779 1909 vationem.
2816 1885 2893 1895 —
2936 1850 3005 1910 In
3056 1850 3373 1931 praetactis
3422 1868 3675 1932 quoque
3723 1870 3941 1912 exem-

823 1948 957 2010 vim
1008 1949 1502 2029 cognoscitivam
1555 1949 1842 2010 mulieris
1886 1947 2060 2011 illius
2101 1966 2327 2029 appro-

822 2046 1238 2129 pinquatione
1289 2066 1400 2109 seu
1456 2046 1931 2128 propinquitate
1979 2045 2101 2107 viri
2150 2044 2327 2107 illius

820 2144 1053 2225 juvari,
1098 2146 1392 2227 quamvis
1431 2144 1530 2207 vir
1580 2144 1822 2206 nullam
1873 2144 1936 2205 in
1983 2144 2157 2205 illam
2210 2144 2328 2205 im-

823 2244 1128 2326 primeret
1159 2244 1539 2326 passionem.
1565 2243 1692 2305 Nec
1721 2244 1890 2304 valet
1921 2242 2134 2323 negari
2165 2242 2325 2323 quin

821 2342 1064 2425 aliquid
1136 2361 1375 2405 novum
1444 2340 1614 2404 circa
1682 2342 1962 2404 animam
2037 2341 2325 2403 mulieris

823 2448 977 2503 tunc
1015 2440 1224 2515 fieret,
1265 2461 1302 2503 a
1345 2460 1752 2523 quocumque
1804 2440 1867 2501 id
1915 2439 2125 2513 fieret,
2168 2440 2321 2500 dum

825 2539 910 2601 ita
957 2539 1168 2601 virum
1201 2538 1692 2621 praesentiebat.
1747 2537 1969 2600 Simile
2016 2538 2168 2599 huic
2228 2545 2324 2599 est

823 2638 992 2719 quod
1041 2637 1284 2699 femina
1334 2638 1622 2720 quaedam
1673 2628 2147 2699 interfectorem
2198 2634 2322 2696 filii

821 2736 942 2809 sui,
987 2754 1179 2818 quem
1230 2735 1530 2797 heredem
1576 2735 1978 2797 carissimum
2026 2732 2320 2806 habebat,

821 2832 946 2895 levi
995 2834 1414 2914 deprehendit
1463 2834 1722 2895 horrore
1773 2852 1964 2914 quem
2015 2832 2074 2893 ei
2122 2831 2324 2893 homi-

819 2931 962 2993 cida
1007 2931 1118 2993 ille
1165 2932 1492 3013 ingerebat
1539 2949 1665 2993 non
1724 2931 1933 2995 solum
1993 2931 2318 3012 adspectu,

2438 1946 2563 2027 plis
2604 1946 2681 2008 de
2716 1947 2778 2009 vi
2818 1948 3247 2028 imaginativa,
3282 1948 3632 2012 verisimile
3668 1958 3767 2011 est
3806 1950 3941 2013 vim

2438 2045 2911 2125 imaginativam
2974 2046 3337 2128 aliqualiter
3395 2048 3473 2110 ad
3532 2048 3939 2130 splendorem

2436 2144 2735 2205 accedere
2769 2144 3238 2227 propheticum,
3260 2146 3373 2229 qui
3404 2166 3597 2229 super
3623 2147 3759 2208 vim
3792 2146 3942 2209 ima·

2434 2242 2783 2322 ginativam
2850 2244 3010 2307 solet
3074 2245 3457 2309 descendere
3520 2264 3534 2308 :
3600 2246 3680 2308 ad
3752 2245 3941 2327 cujus

2436 2342 2867 2423 receptionem
2922 2343 3283 2426 disponitur
3335 2344 3745 2425 imaginativa
3794 2343 3940 2405 abs-

2434 2440 2741 2501 tractione
2782 2460 2893 2502 seu
2937 2440 3318 2505 alienatione
3363 2460 3667 2504 sensuum
3710 2441 3942 2504 exteri-

2434 2554 2639 2612 orum,
2672 2538 2974 2619 quoniam
3020 2539 3421 2602 luminositas
3465 2540 3771 2603 naturalis
3810 2540 3941 2603 ani-

2432 2655 2673 2699 marum
2706 2647 3063 2701 nostrarum
3091 2657 3169 2701 ex
3199 2639 3600 2702 obturatione
3632 2660 3938 2703 sensuum

2434 2735 2899 2816 multiplicatur
2958 2737 3247 2813 int-erim,
3302 2736 3499 2799 instar
3557 2757 3737 2821 aquae
3796 2757 3941 2799 cur-

2432 2832 2629 2895 rentis
2674 2854 2749 2895 ex
2800 2834 3005 2908 obice,
3048 2854 3121 2897 ac
3164 2836 3325 2897 radii
3372 2836 3637 2898 luminis
3688 2856 3802 2918 per
3846 2856 3941 2899 re·

2430 2932 2795 2994 flexionem.
2817 2933 3081 3007 Quidam
3116 2934 3286 2995 enim
3321 2934 3685 3017 philosophi
3714 2934 3939 3017 opina-

819 3030 929 3091 sed
971 3030 1108 3114 ipsa
1139 3048 1392 3113 quoque
1425 3030 1897 3112 propinquitate
1935 3048 2061 3111 qua
2101 3047 2321 3091 secum
2359 3031 2402 3094 C
2437 3030 2480 3092 ti
2514 3038 2661 3092 sunt
2692 3031 2812 3093 hoc
2851 3031 2996 3093 fieri
3038 3050 3151 3113 per
3194 3033 3637 3107 retentionem,
3671 3034 3937 3115 quidam

821 3130 887 3191 in
927 3130 1149 3191 eadem
1188 3136 1322 3191 erat
1351 3130 1560 3192 domo.
1597 3127 1716 3190 Sed
1756 3136 1816 3189 et
1854 3144 2052 3208 prope
2088 3134 2320 3187 terram

819 3227 1168 3291 nativitatis
1199 3246 1358 3290 meae
1392 3225 1516 3288 fuit
1545 3244 1749 3289 caecus
1779 3245 1816 3287 a
1845 3222 2197 3297 nativitate,
2230 3224 2323 3285 ni-

817 3327 952 3389 hilo
1013 3326 1226 3389 minus
1288 3324 1772 3387 strenuissimus
1838 3322 2321 3404 acerrimusque

819 3408 1132 3507 pugnator
1188 3444 1202 3488 ε
1256 3423 1368 3506 qui
1425 3424 1683 3485 tandem
1743 3429 2191 3503 compunctuS,
2254 3420 2319 3488 in

817 3523 1151 3585 servitium
1191 3523 1303 3584 Dei
1345 3540 1411 3584 se
1443 3529 1647 3586 totum
1689 3521 1979 3594 contulit,
2013 3528 2077 3582 et
2104 3519 2317 3582 visum

815 3620 897 3683 ab
940 3639 1016 3683 eo
1059 3621 1452 3703 corporalem
1495 3620 1794 3701 suscepit.

895 3720 1042 3782 Ideo
1079 3720 1265 3793 sciaS‚
1300 3719 1470 3800 quod
1510 3718 1577 3779 in
1611 3718 1914 3779 omnibus
1949 3717 2050 3778 his
2079 3724 2144 3778 et
2174 3734 2319 3779 con-

817 3816 1159 3891 similibuS‚
1186 3816 1251 3879 in
1281 3814 1618 3879 animabus
1649 3816 1878 3878 nostris
1916 3808 2318 3896 aliorumque

816 3914 1190 3978 animalium
1220 3915 1317 3976 vis
1359 3914 1597 3976 motiva
1637 3932 1749 3975 seu
1784 3912 2152 3996 appetitiva,
2188 3932 2318 3975 suae

816 4013 1178 4077 affectionis
1225 4012 1650 4086 vehementia,
1707 4011 2169 4074 incredibiliter
2216 4011 2320 4072 ad-

811 4114 993 4194 juvat
1051 4112 1186 4175 vim
1243 4106 1797 4195 apprehensivdm,
1847 4110 2028 4192 juxta
2086 4110 2245 4172 illud
2300 4127 2315 4171 ε

2434 3148 2548 3211 per
2578 3128 2992 3191 reflexionem
3024 3130 3279 3191 virtutis
3321 3132 3803 3212 apprehensivae
3838 3132 3937 3193 in·

2432 3227 2925 3290 terioriS.Simili
2960 3228 3150 3290 modo
3176 3228 3253 3289 fit
3285 3229 3665 3291 confortatio
3694 3229 3935 3294 virium

2436 3326 2819 3388 motivarum
2876 3334 2939 3388 et
2997 3326 3465 3408 operativarum
3526 3346 3541 3391 ;
3596 3327 3763 3389 sicut
3820 3328 3936 3410 qui

2432 3423 2673 3485 debiles
2704 3424 2941 3486 habent
2971 3424 3162 3506 pedes
3201 3444 3273 3487 ac
3306 3424 3519 3499 tibias,
3553 3426 3935 3509 plerumque

2432 3541 2658 3583 manus
2706 3522 2943 3584 habent
2985 3522 3365 3585 fortissimas
3412 3532 3476 3585 et
3525 3523 3817 3603 brachia3
3870 3532 3936 3586 et

2430 3620 2538 3702 qui
2582 3620 2812 3683 debilis
2852 3628 2949 3683 est
2986 3621 3053 3683 in
3092 3640 3219 3683 una
3264 3641 3455 3683 manu
3496 3630 3607 3684 aut
3643 3622 3931 3695 brachio,

2431 3726 2819 3779 restauratur
2857 3718 2914 3779 ei
2951 3718 3015 3780 in
3056 3720 3287 3798 altera3
3319 3727 3382 3781 ct
3414 3720 3524 3800 qui
3567 3738 3772 3782 caecus
3812 3729 3931 3794 est,

2429 3816 2678 3878 acutius
2709 3817 2918 3896 audit3
2952 3817 3181 3879 surdus
3207 3836 3461 3900 quoque
3491 3819 3741 3881 acutius
3774 3819 3937 3882 solet

2430 3913 2665 3975 videre.
2703 3914 2805 3976 Sic
2848 3921 2911 3976 et
2955 3914 3020 3976 in
3066 3931 3231 3977 caeco
3278 3914 3559 3996 praefatO,
3604 3917 3775 3997 quod
3822 3917 3938 3979 mi-

2430 4032 2551 4074 nus
2601 4012 2666 4074 in
2714 4013 3010 4075 exteriori
3072 4012 3295 4074 habuit
3344 4014 3510 4087 visu,
3562 4015 3935 4097 suppletum

2430 4117 2526 4172 est
2571 4110 2635 4171 in
2680 4111 2743 4173 vi
2795 4110 3225 4191 imaginativa,
3268 4120 3377 4173 aut
3420 4111 3485 4173 in
3530 4130 3719 4175 sensu
3766 4131 3935 4176 com-

817 4212 934 4277 Ubi
965 4211 1310 4275 intenderit
1339 4211 1690 4292 ingenium,
1726 4210 1816 4273 ibi
1845 4210 2032 4272 valet.
2058 4211 2320 4293 Propter
2350 4213 2398 4275 D
2434 4208 2613 4269 muni
2664 4209 2969 4273 interiori.
3024 4209 3101 4270 Et
3148 4210 3469 4291 suppletio
3521 4209 3640 4271 ista
3696 4209 3823 4273 fuit
3870 4210 3931 4273 ei

816 4312 987 4394 quod
1029 4311 1151 4373 viri
1197 4310 1606 4383 sanctissimi,
1644 4310 1709 4371 in
1753 4308 2195 4391 spiritualibus
2244 4328 2317 4371 ac

815 4410 1052 4474 divinis
1114 4410 1317 4472 multo
1375 4408 1756 4491 profundius
1815 4427 1887 4469 ac
1945 4408 2179 4471 clarius
2229 4408 2320 4470 vi-

816 4510 989 4584 dent,
1037 4508 1378 4572 consulunt
1425 4514 1488 4569 et
1537 4507 1942 4590 respondent,
1985 4527 2174 4590 quam
2229 4507 2317 4569 fa-

819 4609 979 4673 mosi
1020 4607 1296 4689 theologi
1337 4616 1400 4670 et
1434 4608 1744 4681 doctoreS,
1777 4607 2316 4688 quemadmodum

820 4710 885 4771 in
918 4707 1361 4771 Ecclesiastico
1392 4707 1622 4787 legitur
1651 4723 1665 4768 :
1699 4704 1928 4767 Anima
1959 4706 2080 4767 viri
2115 4706 2317 4767 sancti

817 4808 1107 4871 enuntiat
1151 4806 1492 4887 aliquando
1539 4804 1872 4867 veritatem
1931 4804 2074 4886 plus
2124 4824 2318 4887 quam

817 4914 1064 4989 septem
1097 4904 1665 4992 circumspectores
1696 4903 1988 4965 sedentes
2023 4902 2090 4964 in
2121 4903 2322 4965 excel-

818 5025 889 5070 so
917 5006 995 5067 ad
1026 5002 1505 5086 speculandum.
1543 5001 1645 5063 Sic
1678 5002 2032 5083 putandum
2062 5009 2158 5063 est
2191 5022 2321 5065 mu-

817 5106 1042 5169 lierem
1088 5102 1264 5165 illam
1309 5102 1387 5163 de
1431 5119 1556 5183 qua
1601 5117 1809 5163 sermo
1853 5101 2196 5181 praecessit,
2240 5102 2319 5163 ad

817 5202 1392 5287 apprehensionem
1420 5198 1544 5262 viri
1576 5198 1752 5261 illius
1783 5198 1846 5259 in
1879 5218 1994 5261 sua
2026 5199 2321 5282 imagina-

817 5304 990 5366 tione
1025 5318 1192 5364 novo
1227 5298 1501 5381 quodam
1537 5296 1875 5381 splendore
1911 5297 2314 5381 irradiatam3

2431 4326 2509 4369 ex
2551 4308 3081 4391 multiplicatione
3119 4315 3183 4370 et
3221 4308 3730 4372 corroboratione
3775 4310 3929 4373 dicti

2433 4407 2629 4469 nativi
2677 4407 2959 4481 luininiS,
3002 4407 3103 4469 vel
3153 4426 3227 4469 ex
3278 4407 3793 4489 superadditione
3838 4409 3933 4471 di·

2434 4507 2564 4569 vini
2616 4508 2922 4581 muneriS,
2965 4507 3287 4589 splendori
3335 4508 3707 4590 prophetico
3756 4509 3933 4570 simi-

2432 4606 2529 4668 lis.
2554 4640 2635 4651 —-
2661 4605 2871 4670 Nihilo
2904 4606 3115 4668 minus
3146 4608 3307 4668 scias
3341 4607 3571 4668 multas
3602 4607 3930 4671 mirabiles

2430 4704 2575 4767 fieri
2618 4704 3156 4786 apprehensiones
3198 4724 3389 4768 sensu
3428 4715 3689 4782 naturae,
3722 4717 3787 4769 et
3824 4726 3933 4790 ap-

2434 4804 2920 4885 prehensionem
2973 4803 3262 4865 mulieris
3312 4804 3586 4886 praefatae
3627 4805 3775 4868 fieri
3808 4824 3932 4888 ·po-

2432 4903 2629 4964 tuisse
2660 4920 2851 4965 sensu
2883 4903 3295 4975 naturaessuae
3326 4904 3498 4965 enim
3523 4905 3934 4969 vehementer

2432 5000 2694 5062 inimica
2739 5008 2885 5062 sunt
2928 5008 3189 5075 naturae‚
3222 5000 3343 5064 hoc
3385 5009 3482 5063 est
3523 5002 3933 5067 vehementer

2432 5099 2872 5161 contristantia
2910 5100 3137 5182 ipsam,
3170 5099 3385 5162 horret
3425 5100 3787 5183 refugitque
3827 5123 3933 5165 na-

2431 5207 2575 5262 tura
2612 5197 2853 5282 absque
2892 5198 3023 5260 ulla
3062 5198 3567 5280 apprehensione
3603 5200 3927 5283 ipsorum;

2432 5307 2622 5381 atque
2653 5318 2731 5361 ex
2755 5298 2866 5360 tali
2896 5298 3151 5361 horrore
3180 5297 3438 5379 conjicit
3466 5298 3520 5361 is
3550 5300 3661 5381 qui
3691 5302 3929 5384 patitur
