4334 6242
1024 496 1225 546 UTRUM
1268 497 1490 546 ANGELI
1534 499 1697 544 SUAM
1739 498 2192 546 BEATrrUmNEM
2233 500 2605 557 MERUEmNT,
2647 499 2772 546 ETC.

3338 481 3458 546 335

346 675 677 732 merentur
736 688 863 732 non
910 671 1246 734 essentiale
1296 670 1403 733 sed
1464 670 1853 733 accidentale
1882 670 1933 733 A
1966 690 2092 733 non
2132 679 2412 746 econtra,
2446 671 2738 753 quamvis
2781 670 3072 752 Magister
3109 670 3276 732 dicat
3314 689 3462 732 con-

349 768 709 851 praemium.
747 769 891 830 Haec
930 770 1168 832 PetruS.
1202 805 1283 815 —
1314 769 1663 831 Concordat
1696 770 1856 831 Han-

346 866 541 928 nibal.

426 966 778 1029 Richardus
810 984 1065 1048 quoque
1100 986 1113 1030 :
1149 967 1379 1048 Opinio
1404 967 1547 1048 (ait)
1574 966 1850 1048 Magistri

345 1065 451 1126 hic
484 1065 915 1126 communiter
948 1083 1067 1126 non
1100 1073 1370 1127 tenetur.
1386 1065 1580 1146 Magis
1612 1065 1852 1147 quippe

347 1181 667 1244 congruus
714 1163 871 1225 ordo
916 1169 1013 1224 est
1064 1171 1132 1224 ut
1180 1163 1479 1225 meritum
1541 1163 1855 1244 praecedat-

348 1261 732 1335 mercedem,
787 1280 979 1342 quam
1042 1269 1317 1324 econtra.
1372 1261 1440 1323 In
1490 1261 1609 1324 hoc
1660 1261 1851 1323 etiam

348 1359 549 1439 magis
589 1359 859 1440 patescit
897 1367 1207 1440 quantum
1253 1358 1419 1421 Deus
1460 1359 1856 1441 appretiatur

346 1466 591 1519 motum
632 1456 981 1519 voluntatis
1019 1475 1095 1518 ex
1134 1457 1357 1538 gratia,
1390 1464 1454 1518 et
1494 1464 1729 1539 quanta
1772 1459 1854 1520 sit

346 1555 563 1635 gratiae
592 1555 971 1636 virtus,qua
1000 1555 1293 1616 voluntas
1326 1555 1515 1618 unico
1546 1563 1689 1616 actu
1724 1563 1850 1617 tam

346 1653 595 1715 intense
645 1653 852 1734 potuit
902 1673 973 1714 ac
1023 1652 1305 1734 perfecte
1367 1653 1631 1726 moveri,
1681 1655 1850 1735 quod

346 1750 539 1813 unico
584 1759 731 1812 actu
775 1759 838 1813 et
884 1759 1058 1812 motu
1108 1759 1343 1812 tantam
1388 1759 1450 1812 et
1498 1759 1621 1812 tam
1674 1760 1852 1814 aeter·

1964 770 2234 832 trarium
2269 789 2281 833 :
2319 772 2486 852 quod
2528 778 2592 832 et
2631 770 2888 852 quidam
2935 769 3342 845 confirmant,
3376 769 3468 830 di·
3537 794 3542 805 ·

1966 875 2180 930 centes
2246 888 2361 950 per
2426 869 2659 942 simile,
2715 869 2884 949 quod
2951 867 3134 930 miles
3197 887 3312 950 per
3367 887 3467 930 ac-

1964 975 2065 1028 tus
2106 976 2445 1048 sequentes
2491 974 2746 1030 strenue
2788 966 3155 1048 praeliandO,
3191 974 3472 1029 meretur

1964 1083 2203 1146 equum
2254 1084 2367 1127 seu
2419 1065 2788 1127 donativum
2838 1064 2961 1127 sibi
3015 1065 3192 1147 prius
3241 1084 3279 1126 a
3325 1083 3471 1147 rege

1964 1163 2285 1226 collatum.
2335 1164 2455 1226 Sed
2507 1162 2676 1226 istud
2723 1182 2849 1226 non
2901 1164 3069 1226 valet
3112 1181 3126 1226 :
3169 1165 3320 1246 quia
3363 1172 3473 1226 aut

1964 1281 2073 1325 rex
2126 1262 2230 1324 dat
2282 1263 2472 1325 militi
2525 1282 2761 1344 equum
2813 1262 3008 1343 gratis
3052 1271 3114 1325 et
3157 1263 3466 1338 absolute,

1962 1368 2071 1422 aut
2101 1362 2222 1424 sub
2255 1363 2636 1425 conditione.
2666 1361 2728 1424 Si
2763 1362 3070 1443 primum,
3095 1369 3247 1425 tunc
3278 1381 3471 1444 opera

1964 1459 2298 1542 sequentia
2347 1479 2472 1522 non
2523 1467 2670 1522 sunt
2722 1460 2844 1522 nisi
2889 1461 3179 1542 quaedam
3231 1479 3469 1523 recom-

1964 1558 2368 1639 pensationes
2409 1558 2814 1639 gratitudinis
2855 1576 2972 1640 pro
3007 1558 3325 1620 beneficio
3364 1559 3467 1620 da-

1964 1665 2047 1729 to,
2100 1674 2226 1718 non
2289 1657 2518 1719 merita
2573 1674 2586 1718 :
2646 1657 2796 1738 quia
2854 1675 2968 1738 per
3027 1657 3329 1718 meritum
3388 1656 3466 1720 fit

1960 1753 2202 1836 aliquid
2243 1755 2432 1816 alicui
2476 1754 2764 1816 debitum
2808 1775 2919 1817 seu
2961 1755 3259 1828 attinens,
3294 1755 3462 1837 quod

344 1851 553 1912 nalem
592 1851 796 1932 potuit
830 1850 1291 1912 beatitudinem
1334 1851 1701 1932 promereri.
1738 1850 1849 1912 De·
1884 1853 1931 1914 B
1964 1853 2141 1933 prius
2203 1852 2324 1914 sibi
2380 1871 2505 1915 non
2566 1853 2918 1915 debebatur
2967 1873 3084 1916 nec
3132 1853 3460 1917 attinebat.

345 1949 563 2030 nique,
613 1949 760 2010 dato
808 1949 978 2030 quod
1030 1949 1321 2010 homines
1374 1967 1500 2010 non
1548 1948 1843 2021 fuissent,

344 2047 552 2128 angeli
616 2047 710 2108 eis
772 2064 899 2109 non
964 2045 1453 2120 ministrassent,
1516 2054 1580 2110 et
1636 2055 1847 2110 tamen

346 2145 809 2208 beatitudinem
866 2164 1047 2207 suam
1107 2145 1632 2226 promeruissent,
1683 2145 1849 2208 sicut

344 2252 405 2306 et
450 2251 841 2306 meruerunt.
878 2243 954 2305 Et
999 2244 1293 2325 quamvis
1344 2245 1644 2307 meritum
1689 2244 1844 2306 illud

345 2361 471 2405 non
510 2343 637 2404 fuit.
677 2342 1174 2424 multiplicatum
1216 2362 1333 2405 nec
1374 2343 1692 2417 iteratum,
1729 2343 1847 2404 hoc

349 2450 557 2504 tamen
615 2449 1171 2523 recompensatum
1229 2451 1325 2504 est
1373 2442 1437 2505 in
1490 2442 1847 2504 intensione

348 2538 865 2621 perfectioneque
907 2547 1086 2602 actus
1135 2559 1248 2602 seu
1294 2542 1727 2604 conversionis
1773 2541 1848 2602 il-

348 2638 488 2701 lius.
524 2639 669 2700 Haec
711 2638 1081 2701 RicharduS.

425 2737 777 2800 Concordat
822 2737 1284 2811 Bonaventura,
1333 2738 1444 2819 qui
1494 2747 1705 2800 tamen
1756 2739 1848 2800 di-

346 2837 425 2898 cit
458 2835 827 2916 Magistrum
862 2835 1321 2897 rationabiliter
1354 2844 1616 2898 motum.
1638 2836 1845 2909 Quum

345 2935 513 2996 enim
570 2951 697 2995 non
758 2934 840 2994 sit
900 2933 1200 2995 meritum
1261 2933 1399 2996 sine
1452 2934 1673 3015 gratia,
1728 2953 1845 2996 nec

1959 1950 2186 2014 Nullus
2233 1951 2404 2012 enim
2457 1959 2738 2013 meretur
2787 1953 2955 2033 quod
3000 1972 3188 2014 suum
3240 1960 3355 2014 est.
3400 1951 3465 2015 Si

1958 2049 2336 2122 secundum,
2373 2056 2522 2110 tunc
2570 2049 2754 2112 miles
2799 2069 2914 2132 per
2955 2057 3132 2112 actus
3176 2069 3306 2113 suae
3347 2050 3465 2112 mi-

1960 2145 2112 2208 litiae
2163 2156 2445 2209 meretur
2493 2166 2756 2229 equum,
2802 2166 2928 2210 non
2972 2148 3232 2230 quidem
3286 2149 3464 2230 prius

1962 2264 2173 2317 suum,
2207 2246 2317 2307 sed
2347 2246 2528 2327 quasi
2560 2246 2684 2308 sibi
2715 2246 3284 2309 accommodatum.
3319 2247 3467 2309 Bea-

1960 2343 2165 2405 titudo
2200 2351 2411 2406 autem
2454 2344 2780 2407 confertur
2807 2365 2844 2406 a
2875 2347 3003 2407 Deo
3032 2345 3414 2427 simpliciter
3447 2366 3460 2411 :

1958 2459 2107 2522 ergo
2168 2442 2345 2523 prius
2405 2444 2615 2505 datam
2681 2442 2896 2506 nullus
2960 2451 3256 2505 meretur.
3319 2445 3463 2507 Haec

1957 2541 2311 2603 DuranduS.

2037 2637 2153 2710 Qui
2215 2639 2281 2700 in
2341 2639 2440 2700 his
2499 2640 2876 2702 contradicit
2935 2641 3210 2714 Thomae,
3263 2642 3461 2704 Bona-

1958 2743 2264 2811 venturae,
2297 2736 2576 2810 Alberto‚
2609 2739 2811 2820 Petr0,
2844 2739 3177 2812 Richardo,
3211 2759 3282 2802 ac
3318 2740 3459 2802 aliis

1958 2835 2176 2900 multis
2221 2855 2235 2899 :
2279 2843 2342 2897 et
2385 2836 2696 2918 quidquid
2746 2837 2828 2899 sit
2875 2838 2951 2899 de
3002 2838 3266 2901 veritate
3316 2857 3462 2901 con-

1959 2933 2286 3006 clusionis,
2350 2935 2661 2996 motivum
2720 2943 2932 2998 tamen
2992 2936 3272 2999 Durandi
3332 2955 3462 3000 non

346 3051 645 3113 magnum
698 3031 997 3093 meritum
1047 3030 1185 3092 sine
1234 3049 1463 3112 magno
1510 3031 1842 3114 obsequio,
1884 3034 1927 3096 C
1960 3032 2454 3094 convincit.Non
2487 3033 2660 3095 enim
2693 3033 3110 3114 incongruum
3137 3043 3462 3108 est,unum

344 3139 531 3211 atque
573 3129 638 3191 in
680 3129 923 3211 angelis
968 3137 1227 3211 propter
1268 3139 1509 3193 naturae
1552 3130 1847 3193 velocita-

346 3235 469 3289 tem
511 3236 575 3290 et'
611 3227 1047 3300 idoneitatem,
1080 3227 1273 3288 simul
1312 3228 1643 3290 duratione
1687 3228 1846 3291 datae

346 3326 469 3386 sint
506 3326 707 3406 gratia
745 3333 809 3386 et
845 3325 1084 3406 gloria3
1126 3325 1379 3386 videtur
1417 3327 1585 3406 quod
1632 3325 1695 3387 in
1736 3346 1843 3388 an-

344 3422 499 3502 gelis
538 3423 841 3484 meritum
882 3440 1008 3484 non
1050 3421 1257 3503 potuit
1295 3423 1651 3504 praecedere
1693 3443 1846 3504 prae-

346 3521 567 3582 mium.
604 3520 1055 3581 Verumtamen
1090 3518 1309 3601 opinio
1342 3520 1467 3582 alia
1505 3520 1844 3583 rationabi-

345 3618 461 3680 lior
486 3626 685 3692 est,et
714 3618 962 3680 sufficit
991 3618 1155 3699 quod
1190 3619 1490 3680 meritum
1522 3619 1846 3701 praecessit

348 3717 703 3780 mercedem
745 3724 970 3778 natura
1006 3724 1070 3779 et
1109 3735 1314 3779 causa.
1350 3717 1492 3780 Haec
1526 3718 1845 3781 Bonaven-

344 3822 496 3878 tura.

418 3915 495 3978 At
525 3931 681 3978 vero
710 3914 1045 3978 Durandus
1085 3915 1405 3997 praedictis
1446 3914 1511 3976 in
1545 3914 1665 3978 hec
1696 3932 1842 3977 con-

344 4014 574 4087 cordat,
621 4013 791 4095 quod
836 4014 1137 4075 meritum
1186 4014 1362 4095 prius
1414 4011 1536 4074 fuit
1579 4013 1841 4094 praemio

343 4113 730 4194 angelorum.
785 4112 853 4174 In
914 4112 1035 4174 hoc
1094 4131 1243 4175 vero
1302 4111 1616 4186 dissentit,
1669 4114 1839 4195 quod

1957 3137 2017 3192 et
2050 3130 2219 3192 idem
2261 3130 2454 3192 alicui
2495 3131 2836 3193 convenire
2867 3151 2942 3194 ex
2981 3132 3275 3213 pluribus
3316 3153 3462 3197 cau-

1957 3228 2043 3289 sis
2099 3246 2173 3290 ac
2234 3228 2479 3291 meritis
2541 3248 2555 3292 ε
2614 3230 3152 3310 quemadmodum
3213 3232 3463 3295 Christo

1957 3327 2312 3387 secundum
2365 3335 2655 3389 naturam
2715 3335 3110 3409 assumptam
3162 3331 3462 3392 convenit

1952 3423 2292 3504 judiciaria
2335 3432 2610 3505 potestas
2660 3425 3120 3500 ministerialis,
3162 3433 3226 3487 et
3267 3447 3464 3508 quan-

1958 3528 2090 3583 tum
2122 3522 2201 3583 ad
2234 3522 2653 3603 prolationem
2687 3522 3039 3596 sententiae,
3073 3523 3315 3586 ratione
3347 3525 3459 3607 hy-

1955 3620 2278 3701 postaticae
2339 3619 2595 3682 unionis
2653 3639 2783 3682 suae
2841 3620 3255 3684 humanitatis
3309 3641 3457 3685 cum

1952 3716 2159 3780 Verbo
2198 3725 2454 3792 aetern0,
2488 3725 2551 3779 et
2591 3718 2745 3780 item
2788 3719 3030 3781 ratione
3074 3739 3204 3782 suae
3248 3719 3459 3783 humi-

1956 3815 2255 3890 liationis,
2289 3815 2764 3897 dijudicationis
2809 3823 2872 3877 et
2915 3817 3253 3898 passionis,
3288 3819 3454 3882 sicut

1950 3914 2039 3976 ait
2083 3914 2421 3995 Apostolus
2457 3933 2470 3979 :
2505 3914 2878 3978 Humiliavit
2920 3933 3008 3990 se,
3053 3915 3258 3979 factus
3307 3917 3453 3981 obe·
3497 3944 3748 4002 pmpp‚..‚

1950 4013 2132 4075 diens
2173 4031 2376 4094 usque
2414 4014 2492 4075 ad
2530 4020 2836 4091 mortem3
2879 4022 3137 4096 propter
3178 4017 3344 4097 quod
3389 4026 3453 4080 et
3483 4011 3586 4060 Μ·

1949 4112 2116 4174 Deus
2160 4110 2460 4174 exaltavit
2507 4111 2709 4174 illum.
2755 4111 2859 4175 Sic
2909 4131 3164 4195 quoque
3211 4122 3274 4177 et
3313 4115 3452 4196 ipse

344 4211 487 4274 dicit
540 4211 846 4274 meritum
896 4211 1052 4273 illud
1104 4211 1297 4274 etiam
1350 4219 1632 4292 tempore
1682 4230 1838 4292 prae-
1868 4215 1918 4279 D
1951 4229 2065 4292 pro
2114 4230 2244 4274 suae
2297 4210 2712 4274 humanitatis
2769 4210 3235 4292 glorificatione
3293 4215 3454 4277 acci-

345 4309 604 4372 cessisse
640 4309 998 4372 mercedem
1038 4327 1050 4371 :
1086 4309 1387 4392 quoniam
1428 4317 1606 4371 actus
1645 4326 1841 4390 oppo—

344 4408 635 4471 sitionem
673 4409 843 4470 circa
882 4416 1114 4470 statum
1151 4408 1472 4490 operantis
1512 4407 1838 4470 includen-

343 4513 452 4579 teS,
496 4515 829 4589 nequeunt
870 4505 1067 4568 simul
1114 4524 1289 4584 esse3
1331 4507 1441 4568 sed
1486 4506 1641 4568 tales
1691 4515 1840 4568 sunt

344 4613 515 4668 actus
547 4605 765 4668 meriti
794 4614 858 4668 et
890 4603 1139 4687 praemii
1170 4605 1339 4666 circa
1368 4604 1685 4667 eumdem.
1720 4605 1841 4669 Me-

346 4703 461 4766 reri
525 4721 807 4785 namque
867 4711 963 4766 est
1020 4703 1161 4783 ejus
1219 4703 1331 4785 qui
1390 4711 1486 4765 est
1544 4704 1609 4765 in
1672 4711 1838 4767 statu

344 4802 751 4885 acquirentiS‚
812 4823 885 4865 ac
946 4802 1265 4865 tendentis
1327 4803 1403 4864 ad
1467 4803 1834 4866 terminum.

346 4899 676 4965 Praemium
708 4920 859 4964 vero
900 4901 1160 4983 respicit
1188 4908 1422 4962 statum
1464 4918 1589 4964 non
1624 4903 1840 4984 acqui-

346 5001 561 5076 rentis,
602 5000 714 5062 sed
767 5001 1186 5082 possidentis3
1230 5019 1345 5062 nec
1396 5001 1712 5062 tendentis
1761 5000 1838 5063 ad

348 5099 711 5168 terminum,
746 5099 857 5160 sed
883 5098 1013 5178 jam
1046 5097 1411 5160 exsistentis
1446 5098 1510 5159 in
1543 5099 1834 5161 termino.

346 5197 485 5270 Quae
520 5205 741 5280 aperte
784 5203 1213 5278 opponuntur.
1250 5196 1412 5277 Ergo
1452 5215 1709 5259 necesse
1748 5204 1844 5259 est

348 5297 641 5359 meritum
688 5294 1021 5357 duratione
1073 5296 1427 5376 praecedere
1478 5295 1838 5376 praemium,

1949 4308 2316 4391 dentalique
2367 4307 2801 4391 praemiatione
2851 4309 3074 4384 oravit,
3119 4310 3391 4376 dicendo
3434 4329 3448 4375 ε

1947 4410 2147 4482 Pater,
2193 4408 2477 4470 clarifica
2525 4407 2754 4470 Filium
2801 4415 3003 4470 tuum.
3048 4409 3196 4483 Quae
3239 4418 3450 4475 tamen
3481 4436 3746 4492 Joanmvn,

1950 4508 2074 4571 sibi
2123 4506 2589 4570 conveniebant
2634 4526 2707 4569 ac
2756 4507 3153 4570 debebantur
3210 4511 3453 4574 ratione
3485 4505 3524 4545 ¹·

1952 4606 2210 4668 unionis
2275 4604 2571 4687 praet'atae,
2631 4624 2702 4668 ac
2763 4625 2893 4668 suae
2953 4609 3452 4672 conversationis

1950 4704 2367 4766 sanctissima*
2410 4711 2473 4765 et
2515 4703 2827 4784 passionis
2873 4723 3118 4767 amarae.
3152 4739 3232 4751 ——
3271 4707 3456 4769 Deni-

1951 4823 2074 4886 que
2104 4802 2315 4865 omnis
2352 4801 2517 4864 actio
2545 4820 2623 4864 ex
2655 4802 2914 4864 caritate
2953 4803 3325 4884 procedenS,
3358 4813 3455 4868 est

1952 4901 2277 4964 meritoria
2305 4901 2453 4963 vitae
2483 4908 2771 4981 aeternae;
2816 4919 2942 4964 non
2976 4909 3187 4964 tamen
3225 4904 3454 4966 crescit

1950 5000 2140 5062 homo
2179 4999 2245 5062 in
2286 4999 2547 5080 praemio
2585 4999 2930 5074 essentiali,
2966 4999 3090 5061 nisi
3121 5007 3184 5061 et
3213 5009 3456 5063 crescat

1951 5099 2019 5161 in
2049 5099 2331 5171 caritate,
2365 5105 2436 5159 ut
2466 5096 2827 5159 communis
2857 5106 3028 5160 tenet
3059 5099 3309 5180 positio.
3335 5101 3454 5174 Qui

1951 5215 2101 5277 ergo
2152 5197 2219 5258 in
2269 5195 2526 5258 caritate
2576 5202 2693 5268 est,
2739 5204 2801 5257 et
2849 5215 2926 5257 ex
2977 5197 3236 5259 caritate
3285 5197 3454 5278 ejus-

1952 5297 2099 5358 dem
2156 5295 2410 5375 gradus,
2473 5293 2657 5376 plura
2715 5294 2957 5375 peragit
3012 5312 3225 5376 opera,
3282 5296 3452 5360 idem
