4334 6242
773 484 861 532 AN
900 486 1146 534 HUNDUS
1190 488 1269 533 AB
1311 486 1564 533 AETERNO
1605 487 1680 531 m·
1721 486 1859 533 SINE
1902 486 2053 532 oum
2093 486 2434 533 TEnPoRAu
2480 488 2664 535 1N1T10
2707 487 2799 533 SIT
2839 486 3106 534 GREATus
3413 467 3491 531 79

364 653 735 717 aeternitate
786 666 884 719 est
928 677 1103 722 mora
1150 665 1259 721 aut
1300 658 1602 720 diuturna
1650 666 1887 740 protra-
1916 656 1967 720 A
1998 657 2228 720 horum
2271 657 2640 720 intendebat
2669 659 2943 735 Creator,
2977 659 3086 721 sed
3130 664 3387 740 propter
3424 675 3490 718 se

368 750 505 813 ctio
548 770 675 815 nec
706 758 1096 838 exspectatio
1134 757 1348 838 aliqua
1386 764 1677 838 respectu
1720 755 1888 817 futu-

367 848 445 910 ri.
482 850 641 915 Ideo
684 856 1147 935 argumentatio
1192 856 1299 917 illa
1340 874 1418 917 ex
1468 854 1625 916 falsa
1666 863 1727 916 et
1774 855 1887 916 im-

370 948 586 1029 perita
642 951 1095 1034 imaginatione
1146 953 1450 1036 procedit.
1492 990 1572 998 —
1621 953 1713 1017 Ad
1762 954 1887 1015 alia

368 1046 501 1109 duo
548 1048 767 1113 facilis
808 1060 1012 1114 exstat
1055 1052 1403 1134 responsio,
1440 1052 1591 1134 quia
1632 1051 1886 1114 Creator

367 1148 676 1210 excelsus
715 1158 779 1212 et
815 1150 1151 1231 gloriosus,
1185 1151 1253 1213 in
1293 1170 1360 1213 se
1402 1150 1540 1232 ipso
1578 1158 1675 1213 est
1715 1168 1888 1232 pror-

368 1263 483 1306 sus
533 1247 958 1322 invariabiliS‚
996 1258 1060 1311 et
1100 1250 1163 1311 in
1208 1268 1275 1311 se
1319 1249 1457 1331 ipso
1499 1248 1885 1310 invariabili-

372 1350 471 1403 ter
515 1346 996 1427 sapientissime
1038 1356 1227 1430 atque
1269 1347 1593 1410 liberrime
1636 1348 1886 1410 ordina-

368 1442 467 1501 vit
517 1445 782 1524 quando
828 1454 893 1507 et
942 1446 1213 1527 qualiter
1261 1465 1374 1508 seu
1425 1446 1491 1508 in
1539 1463 1668 1527 quo
1715 1464 1884 1507 nunc

370 1540 684 1603 universa
732 1552 995 1617 crearet,
1037 1562 1154 1606 nec
1202 1544 1446 1625 aliquid
1495 1544 1643 1605 novi
1685 1544 1744 1605 ei
1788 1562 1886 1605 ac-

372 1638 590 1700 cessit.
628 1640 838 1703 Potuit
880 1641 1071 1703 etiam
1120 1651 1266 1704 ante
1318 1643 1627 1703 mundum
1672 1660 1885 1704 creare

370 1738 835 1821 quodcumque
882 1758 1135 1822 corpuS‚
1176 1748 1239 1802 et
1284 1740 1442 1802 illud
1492 1740 1767 1802 movisse
1818 1740 1882 1801 in

2000 755 2213 836 ipsum
2247 762 2490 817 tantum
2531 763 2594 817 et
2621 757 2816 838 gratis
2859 758 3068 839 ipsum
3111 756 3382 833 creavit3
3414 773 3490 817 ex

1997 853 2116 915 hoc
2162 854 2340 936 sequi
2384 854 2654 929 videtur,
2688 855 2856 937 quod
2903 855 3104 917 multo
3148 854 3347 935 magis
3386 852 3493 914 de-

1999 950 2139 1012 buit
2185 952 2398 1033 ipsum
2440 951 2521 1016 ab
2559 960 2795 1015 aeterno
2839 972 3104 1016 creasse.
3138 953 3372 1015 Verum
3418 951 3495 1012 is-

1997 1050 2111 1111 tud
2173 1067 2298 1112 non
2357 1051 2666 1131 sequitur,
2726 1052 3028 1133 quoniam
3094 1049 3493 1133 impossibile

1996 1148 2119 1209 fuit
2160 1148 2473 1210 mundum
2512 1148 2592 1210 ab
2631 1157 2865 1212 aeterno
2908 1150 3107 1211 creari
3143 1166 3157 1210 :
3191 1147 3493 1231 quemad-

1998 1246 2260 1309 modum
2294 1246 2346 1307 si
2378 1246 2646 1321 dicatur,
2681 1248 2745 1309 Si
2789 1248 2948 1310 Deus
2981 1255 3255 1310 creasset
3284 1254 3345 1308 te
3377 1246 3492 1308 im-

1998 1344 2391 1425 passibilem,
2429 1344 2630 1425 major
2666 1345 2866 1426 gloria
2905 1353 3070 1408 esset
3100 1346 3227 1407 Deo
3268 1345 3346 1406 de
3386 1352 3494 1405 tua

1998 1442 2336 1516 creatione,
2371 1450 2434 1503 et
2465 1442 2582 1504 tibi
2624 1442 2826 1523 major
2858 1443 3118 1518 utilitaS‚
3151 1442 3372 1505 debuit
3401 1461 3494 1504 er-

1996 1558 2075 1622 go
2106 1548 2165 1602 te
2201 1540 2667 1622 impassibilem
2697 1559 2979 1621 creasse3
3022 1561 3147 1605 non
3179 1542 3489 1624 sequitur,

1998 1638 2147 1718 quia
2179 1646 2236 1699 te
2268 1638 2731 1720 impassibilem
2767 1638 2931 1713 fieri,
2965 1640 3336 1702 naturaliter
3365 1656 3491 1701 non

1995 1735 2118 1797 suit
2162 1736 2484 1817 possibile.
2522 1738 2664 1801 Haec
2708 1737 3106 1801 Guillelmus.

374 1842 691 1917 tempore.
724 1838 844 1900 Sed
874 1857 1075 1920 quum
1109 1838 1385 1901 mundus
1414 1839 1649 1901 dicitur
1680 1838 1883 1901 factus
1924 1834 1968 1897 B
2076 1834 2192 1907 Qui
2225 1834 2414 1896 etiam
2455 1835 2900 1917 multipliciter
2941 1835 3164 1918 probat
3204 1836 3493 1918 impossi-

374 1932 439 1993 in
506 1934 699 1998 initio
747 1936 1075 2018 tempori8‚
1126 1937 1377 2019 capitur
1432 1938 1709 1999 mundus
1768 1955 1884 2020 pro

373 2031 593 2111 primo
636 2041 702 2096 et
744 2036 1041 2098 universo
1083 2045 1311 2098 creato.

454 2129 941 2214 Consequenter
986 2133 1177 2197 solvit
1222 2135 1600 2199 Guillelmus
1647 2134 1882 2198 Aristo-

374 2233 523 2295 telis
559 2232 836 2295 rationes
871 2253 885 2297 :
922 2254 1063 2316 quae
1092 2242 1156 2295 et
1187 2234 1353 2296 infra
1380 2234 1728 2309 solventur,
1754 2234 1884 2298 imo

375 2349 496 2413 pro
542 2331 821 2393 maxima
863 2339 1041 2413 parte
1082 2331 1305 2395 solutae
1348 2340 1515 2394 sunt.

456 2429 691 2492 Inserit
726 2430 985 2493 demum
1024 2438 1398 2513 argumenta
1434 2432 1878 2512 quorumdam,

371 2528 735 2591 dicentium
791 2546 804 2589 τ
856 2530 1063 2603 Quum
1121 2529 1282 2591 nihil
1330 2529 1503 2591 aliud
1562 2530 1880 2591 induxerit

373 2626 583 2687 Deum
616 2626 695 2687 ad
726 2626 1071 2688 creandum
1113 2627 1441 2701 muudum,
1476 2618 1607 2689 nisi'
1630 2627 1881 2690 bonitas

372 2743 493 2786 sua
524 2743 706 2806 pura,
734 2723 1127 2787 invariabilis
1157 2732 1346 2807 atque
1378 2725 1753 2808 largissima,
1779 2744 1883 2788 ne-

372 2841 503 2902 que
548 2823 627 2884 de
672 2841 837 2886 novo
876 2823 1036 2886 vidit
1079 2823 1383 2887 utilitates
1428 2833 1687 2907 propter
1723 2843 1881 2906 quas

375 2922 663 2983 mundus
720 2928 856 2983 erat
902 2922 1235 2996 creanduS,
1287 2940 1405 2984 nec
1455 2922 1725 3003 majores
1776 2942 1881 2984 eas

1996 1930 2310 1995 bilitatem
2358 1933 2725 1996 aeternitatis
2774 1936 2995 1996 mundi
3045 1954 3122 1997 ex
3172 1943 3350 2017 parte
3399 1933 3490 1997 iu-

1994 2032 2360 2113 capacitatis
2410 2040 2734 2107 creaturae,
2787 2034 2873 2096 ita
2920 2035 3090 2116 quod
3139 2034 3426 2116 implicet
3472 2054 3486 2098 :

1992 2130 2526 2210 quemadmodum
2568 2139 2632 2193 et
2669 2130 2914 2213 praefati
2958 2132 3267 2206 doctoreS,
3302 2132 3494 2194 dissu-

1992 2228 2123 2289 sius
2164 2236 2397 2291 tamen.
2433 2229 2509 2303 Et
2538 2230 2704 2291 inter
2734 2238 2941 2292 cetera
2979 2232 3186 2312 arguit
3225 2230 3316 2293 sic
3351 2249 3365 2294 :
3400 2231 3490 2292 Ex

1992 2325 2180 2387 dictis
2217 2326 2572 2389 Aristotelis
2621 2329 2930 2409 sequitur,
2972 2346 3096 2391 non
3147 2328 3326 2411 prius
3369 2329 3491 2391 flu-

1992 2424 2160 2487 xisse
2219 2426 2438 2488 horam
2489 2426 2566 2488 de
2617 2433 2746 2488 toto
2804 2434 3088 2509 tempore
3145 2427 3486 2509 praeteritO,

1993 2542 2184 2604 quam
2230 2524 2400 2586 diem
2442 2523 2544 2586 vel
2588 2543 2870 2587 mensem
2912 2533 3020 2586 aut
3061 2544 3325 2599 annum,
3362 2524 3490 2587 imo

1992 2641 2109 2683 nec
2152 2630 2493 2705 antequam
2539 2622 2715 2684 mille
2761 2623 2962 2685 millia
2999 2642 3332 2686 annorum.
3367 2624 3492 2686 Aut

1992 2722 2165 2783 enim
2197 2722 2419 2784 horam
2453 2740 2924 2804 quamcumque
2955 2722 3204 2784 nullum
3236 2731 3490 2805 tempus

1992 2822 2315 2902 praecessit
2359 2839 2373 2884 :
2416 2831 2479 2885 et
2521 2823 2608 2885 ita
2657 2830 2909 2904 tempus
2959 2822 3184 2885 habuit
3232 2823 3490 2885 initium

1990 2939 2026 2980 a
2077 2928 2254 3001 parte
2303 2929 2465 2982 ante.
2514 2922 2636 2984 Aut
2687 2929 2936 3003 tempus
2989 2922 3308 3003 praecessit
3363 2942 3376 2985 ε
3429 2930 3492 2983 et

372 3019 540 3081 vidit
588 3018 657 3080 in
707 3018 845 3101 ipsa
903 3020 1126 3081 mundi
1186 3021 1503 3083 creatione
1561 3040 1754 3102 quam
1814 3021 1879 3081 in
1918 3021 1961 3084 C
1991 3018 2111 3080 hoc
2143 3017 2267 3079 fuit
2295 3019 2395 3081 vel
2427 3018 2709 3092 finitum,
2734 3020 2835 3081 vel
2867 3019 3215 3082 infinitum.
3251 3021 3315 3083 Si
3347 3020 3492 3083 sini-

374 3117 755 3189 aeternitate,
808 3136 925 3179 nec
985 3117 1109 3179 sibi
1168 3118 1417 3181 facilior
1472 3118 1597 3181 fuit
1646 3117 1881 3182 creatio

375 3224 530 3276 tunc
560 3234 749 3296 quam
779 3214 860 3276 ab
890 3224 1294 3279 aeternozcur
1316 3236 1463 3298 ergo
1496 3217 1702 3298 potius
1736 3224 1880 3278 tunc

374 3330 571 3392 quam
624 3312 706 3373 ab
754 3320 991 3375 aeterno
1038 3314 1323 3375 condidit
1372 3314 1737 3377 mundum?
1785 3314 1879 3375 Ad

376 3410 550 3489 quod
600 3410 769 3483 dice,
818 3412 988 3492 quod
1047 3430 1173 3473 non
1224 3412 1398 3474 steti-t
1446 3430 1562 3473 nec
1613 3411 1879 3494 impedi-

378 3517 673 3570 mentum
715 3508 840 3571 ruit
868 3528 946 3571 ex
978 3517 1155 3592 parte
1188 3510 1497 3573 Creatoris
1535 3511 1880 3593 quominus

376 3614 705 3669 crearetur
744 3608 1021 3670 mundus
1055 3607 1135 3670 ab
1178 3615 1433 3683 aetern0‚
1468 3609 1577 3671 sed
1622 3628 1699 3671 ex
1745 3628 1882 3690 par-

378 3712 439 3766 te
480 3705 710 3767 mundi
752 3704 875 3767 fuit
904 3705 1189 3769 defectus
1228 3714 1418 3788 atque
1460 3707 1881 3790 impedimen-

378 3814 517 3865 tum
580 3824 597 3869 :
659 3805 813 3887 quia
871 3813 1097 3867 natura
1155 3805 1377 3868 mundi
1436 3824 1561 3868 non
1619 3804 1743 3867 fuit
1800 3805 1879 3868 ab

378 3910 618 3966 aeterno
658 3902 977 3976 creabilis„
1013 3922 1129 3965 nec
1160 3903 1595 3986 susceptibilis
1633 3905 1881 3968 aeterni-

378 4002 547 4075 tatis,
582 4002 889 4083 quoniam
932 4021 1047 4063 sua
1089 4008 1333 4075 natura,
1366 4022 1507 4084 quae
1544 4012 1640 4066 est
1681 4003 1880 4086 possi-

378 4098 617 4171 bilitas,
650 4107 747 4161 est
778 4099 931 4180 quid
973 4099 1369 4181 prohibitum
1407 4101 1488 4163 ab
1528 4121 1666 4164 esse
1704 4110 1879 4165 aeter-

1993 3122 2151 3191 tum,
2187 3135 2337 3198 ergo
2376 3126 2629 3199 tempus
2675 3135 2802 3180 non
2848 3117 2969 3180 fuit
3009 3117 3091 3180 ab
3133 3128 3387 3182 aeterno.
3424 3118 3489 3181 Si

1993 3214 2345 3289 infinitum,
2371 3215 2640 3277 habetur
2670 3216 3066 3298 propositum
3093 3217 3283 3299 :quia
3312 3217 3489 3279 mille

1993 3314 2196 3376 millia
2233 3322 2382 3375 sunt
2412 3333 2555 3396 pars
2587 3315 2892 3395 temporis
2934 3313 3191 3377 infiniti.
3227 3316 3356 3378 Hoc
3385 3336 3491 3378 au-

1991 3420 2119 3473 tem
2184 3430 2578 3493 consequens
2647 3412 3042 3495 impossibile
3085 3421 3201 3490 ¹est
3263 3431 3278 3476 :
3339 3414 3490 3496 quia

1991 3518 2238 3593 oportet
2271 3518 2514 3593 partem
2550 3512 2905 3593 praecedere
2937 3518 3170 3591 totum;
3194 3521 3257 3575 et
3287 3532 3488 3595 quum

1992 3609 2074 3671 sit
2104 3609 2259 3689 ordo
2289 3609 2356 3670 in
2389 3608 2677 3691 partibus
2707 3610 3036 3692 temporiS,
3060 3618 3308 3692 oportet
3339 3611 3490 3673 fuis-

1990 3726 2057 3769 se
2104 3707 2410 3789 primum,
2444 3716 2596 3789 puta
2641 3708 2917 3770 initium.
2953 3744 3030 3754 —
3062 3709 3385 3783 Praeterea,
3421 3718 3490 3771 ut

1992 3806 2263 3887 ipsemet
2308 3805 2676 3867 Aristoteles
2735 3805 2941 3867 fassus
2989 3814 3105 3880 est,
3158 3806 3489 3869 infinitum

1992 3904 2360 3986 pertransiri
2403 3921 2531 3965 non
2574 3911 2782 3985 potest
2813 3922 2827 3966 :
2861 3905 3182 3986 quomodo
3213 3923 3363 3985 ergo
3400 3906 3490 3968 in-

1992 4003 2252 4065 finitum
2315 4009 2567 4084 tempus
2620 4002 2752 4084 jam
2814 4003 3083 4076 transiit,
3136 4004 3486 4085 praesertim

1990 4119 2190 4181 quum
2235 4098 2448 4161 fluxus
2487 4099 2627 4180 ejus
2668 4118 2794 4162 non
2835 4099 2915 4161 sit
2956 4099 3227 4163 infinitae
3256 4101 3488 4163 veloci-

379 4198 615 4259 nitatiS.
679 4232 761 4242 -—
825 4197 1248 4261 Conformiter
1318 4199 1732 4281 respondebis
1802 4202 1877 4262 ad
1910 4207 1959 4268 D
1992 4198 2192 4259 tatis?
2244 4198 2320 4259 Et
2369 4216 2599 4279 ponam
2651 4197 3016 4279 exemplum
3066 4199 3144 4260 de
3193 4218 3374 4281 aqua.
3424 4200 3486 4263 Si

379 4296 625 4359 similes
666 4296 1072 4377 quaestioneS,
1116 4298 1269 4359 dum
1312 4298 1619 4379 quaeritur
1661 4315 1675 4360 τ
1719 4299 1878 4372 Quid

380 4396 750 4459 intendebat
800 4395 1055 4459 Creator
1111 4396 1177 4457 in
1239 4396 1458 4458 mundi
1509 4398 1877 4459 creatione:

378 4502 487 4557 aut
530 4494 755 4557 mundi
800 4502 864 4557 et
910 4494 1331 4556 mundialium
1382 4514 1593 4557 rerum
1646 4495 1881 4557 utilita-

381 4602 530 4669 tem,
582 4600 693 4656 aut
755 4593 1007 4655 laudem
1064 4600 1127 4654 et
1182 4594 1449 4673 gloriam
1508 4612 1711 4667 suam,
1772 4604 1882 4657 aut

382 4699 746 4774 utrumque.
783 4690 1239 4772 Quodcumque
1282 4709 1432 4753 vero
1476 4691 1743 4754 istorum
1791 4693 1883 4755 di-

383 4797 580 4863 catur,
634 4796 882 4851 constat
934 4789 1103 4871 quod
1161 4796 1336 4850 tanto
1398 4790 1598 4870 maj0r
1656 4790 1882 4853 fuisset

384 4888 509 4951 Deo
548 4888 686 4951 laus
720 4896 783 4949 et
810 4887 1031 4968 gloria,
1067 4886 1373 4949 creaturis
1412 4906 1667 4973 quoque
1708 4897 1881 4952 tanto

386 4986 586 5067 maJor
630 4986 894 5061 utilitas,
930 4986 1007 5048 de
1052 4986 1275 5048 mundi
1319 4986 1659 5063 creatione,
1704 4988 1757 5050 si
1800 4989 1880 5050 ab

382 5092 617 5147 aeterno
676 5084 901 5146 fuisset
951 5090 1221 5159 creatuS,
1273 5093 1511 5167 quanto
1565 5087 1883 5149 aeternitas

388 5181 588 5264 major
614 5190 713 5244 est
740 5190 1046 5263 tempore.
1082 5182 1178 5245 Ab
1218 5190 1451 5245 aeterno
1482 5202 1631 5265 ergo
1661 5184 1882 5247 debuit

388 5300 534 5345 eum
578 5298 843 5343 creasse.
878 5280 1053 5354 Quod
1098 5280 1151 5342 si
1196 5281 1465 5356 dicatur,
1506 5284 1677 5364 quod
1722 5282 1882 5345 nihil

1992 4298 2162 4358 enim
2219 4296 2580 4376 imagineris
2639 4314 2870 4377 aquam
2933 4296 3254 4359 infinitam
3303 4298 3488 4380 cujus

1992 4396 2207 4457 fluxus
2247 4395 2329 4457 sit
2370 4414 2482 4476 per
2525 4395 2808 4460 fistulam
2858 4395 3110 4458 finitam
3156 4396 3490 4460 velocitate

1992 4494 2198 4568 finita,
2243 4512 2370 4556 non
2419 4494 2539 4555 erit
2591 4493 2893 4575 possibile
2943 4495 3152 4577 ipsum
3208 4515 3488 4577 unquam

1990 4593 2268 4656 totaliter
2297 4591 2646 4653 effluxisse.
2666 4628 2747 4637 —
2767 4592 3082 4674 Amplius,
3105 4602 3305 4656 totum
3338 4603 3492 4657 tem-

1992 4711 2112 4773 pus
2160 4690 2474 4764 futurum,
2523 4692 2875 4753 secundum
2924 4692 3348 4767 Aristotelem,
3398 4694 3489 4756 in-

1990 4790 2251 4852 finitum
2291 4797 2387 4851 est
2418 4790 2482 4851 in
2523 4789 2827 4870 potentia,
2864 4808 2979 4851 nec
3022 4809 3303 4872 unquam
3343 4790 3488 4853 fini-

1990 4896 2149 4951 etur.
2195 4889 2331 4951 Nou
2374 4887 2565 4970 igitur
2606 4887 2817 4949 minus
2856 4894 2951 4949 est
2988 4888 3156 4969 quod
3197 4887 3486 4951 futurum

1990 4996 2085 5049 est
2118 4987 2198 5048 de
2233 4993 2516 5067 tempore
2556 4993 2704 5059 toto,
2740 5005 2933 5067 quam
2971 4987 3140 5068 quod
3183 4987 3488 5069 praeteriit

1992 5087 2070 5148 de
2112 5086 2358 5157 eodem,
2393 5104 2591 5166 quum
2636 5084 2909 5167 aequales
2952 5086 3080 5147 sint
3119 5085 3485 5149 velocitates

1991 5183 2227 5266 quibus
2255 5191 2457 5246 totum
2485 5184 2875 5264 praeteritum
2903 5183 3093 5245 fluxit
3116 5192 3306 5266 atque
3332 5204 3488 5266 prae-

1993 5282 2180 5355 teriit,
2199 5290 2261 5344 et
2293 5288 2490 5344 totum
2514 5280 2800 5343 futurum
2832 5283 3336 5363 praetereundum
3366 5290 3480 5348 est.
