4334 6242
825 512 910 562 AN
953 511 1252 563 nfflouns
1293 510 1600 561 NATURAM
1640 507 1896 558 vatJTB
1938 509 2186 560 Posslm·
2226 509 2388 560 VERA
2428 511 2738 562 umanum
2779 515 3011 564 FACERE

3348 497 3468 564 429

373 682 538 746 ferro
568 693 790 748 contra
827 705 958 749 suae
997 683 1484 768 ponderositatis
1525 690 1813 745 naturam
1851 699 1866 744 τ
1897 681 1948 745 Α
1975 699 2043 744 se
2095 683 2267 764 ipsos
2324 683 2699 748 tradiderint
2755 686 3051 748 manibus
3103 686 3464 750 daemonum

371 782 520 863 quid
553 783 751 864 igitur
781 785 1018 848 mirum
1049 784 1103 846 si
1135 783 1484 866 spiritualis
1515 781 1871 844 substantia

368 887 540 942 tant-a
581 881 817 944 virtute
857 883 1142 964 praedita,
1175 882 1311 944 sine
1357 881 1640 965 impulsu
1679 888 1744 942 et
1780 887 1869 942 at-

373 986 540 1041 tactu
571 981 883 1063 corporali
916 988 1214 1063 praestare
1246 979 1447 1062 possit
1478 986 1714 1041 motum
1744 995 1873 1040 cor-

369 1077 508 1159 pori
555 1079 759 1158 gravi‚
810 1079 942 1142 imo
989 1077 1362 1160 corporibus
1413 1076 1686 1140 multis?
1728 1077 1872 1138 Am·

372 1175 562 1257 plius,
629 1177 786 1238 dum
854 1176 1016 1258 lapis
1086 1175 1423 1258 projicitur
1482 1174 1585 1238 vel
1645 1174 1873 1254 sagitta

370 1273 708 1349 emittitur,
743 1275 900 1357 quid
943 1275 1050 1337 dat
1090 1281 1336 1336 motum
1378 1273 1529 1347 illis,
1572 1273 1698 1334 nisi
1741 1272 1873 1335 vio-

373 1371 567 1434 lentia
589 1372 1052 1454 impulsionis?
1087 1372 1234 1446 Quae
1265 1373 1393 1435 duo
1424 1379 1724 1453 operatur
1751 1369 1872 1432 ibi-

369 1470 515 1532 dem
551 1487 566 1532 :
601 1470 958 1534 naturalem
988 1471 1162 1533 enim
1204 1469 1740 1552 ponderositatem
1780 1487 1874 1531 re-

369 1587 512 1632 rum
560 1568 649 1631 ita
695 1577 1034 1642 motarum,
1065 1589 1104 1631 a
1141 1568 1412 1631 naturali
1461 1587 1578 1630 sua
1623 1568 1872 1631 actione

369 1685 513 1748 quae
549 1674 649 1729 est
689 1668 1096 1741 descendere,
1130 1667 1486 1749 suspendit,
1518 1674 1582 1728 et
1626 1673 1870 1728 motum

371 1765 554 1826 illum
599 1765 880 1846 largitur.
917 1767 1254 1847 Quumque
1291 1764 1594 1846 impulsio
1634 1765 1742 1826 illa
1780 1765 1872 1828 in-

1979 799 2092 862 per
2129 781 2446 845 sacrificia
2484 784 2833 864 sanguiniS‚
2866 803 2994 867 quo
3022 793 3084 846 et
3114 803 3316 847 canna
3343 785 3471 848 dia-

1979 878 2205 942 bolicis
2253 880 2723 944 characteribus
2770 883 3127 966 litterisque
3178 884 3470 947 inscribi-

1979 985 2104 1052 tur,
2136 979 2217 1040 de
2256 998 2382 1060 qua
2418 998 2658 1061 equum
2699 981 2792 1043 sic
2834 981 3108 1045 formare
3150 982 3473 1045 insanissi-

1981 1095 2082 1138 me
2125 1077 2488 1159 opinantur.
2522 1113 2603 1124 -
2632 1080 2719 1142 De
2760 1079 3075 1142 columbis
3115 1099 3368 1163 quoque
3408 1090 3473 1144 et

1982 1175 2307 1257 leporibus
2359 1195 2434 1238 ac
2484 1178 2717 1259 porcia,
2770 1197 2927 1261 quos
2977 1179 3321 1262 aliquando
3367 1199 3471 1244 ve-

1981 1273 2157 1337 nales
2205 1274 2572 1338 exhibuisse
2614 1295 2688 1339 ac
2727 1278 3091 1342 vendidisse
3135 1287 3473 1342 narrantur

1982 1372 2284 1448 malefici,
2341 1374 2513 1437 idem
2564 1382 2662 1438 est
2712 1377 3117 1440 sentiendum
3171 1379 3341 1459 quod
3393 1379 3471 1441 de

1980 1490 2147 1555 equo
2186 1473 2448 1554 praefato
2488 1474 2886 1557 phantastico
2920 1495 2935 1540 z
2970 1496 3119 1540 nam
3158 1485 3221 1540 et
3259 1477 3472 1541 subito

1980 1580 2389 1647 evanescunt,
2438 1591 2555 1635 nec
2610 1573 2741 1636 ulla
2788 1575 3162 1661 relinquunt
3206 1577 3475 1658 vestigia

1979 1669 2365 1734 exsistentia)
2408 1691 2557 1734 suae.

2057 1767 2187 1830 Nec
2215 1767 2489 1831 arbitror
2516 1769 2691 1832 aliud
2723 1772 3135 1835 sentiendum·
3158 1774 3235 1836 de
3268 1773 3475 1836 ludifi-

369 1863 891 1947 comparabiliter
958 1864 1225 1926 minoris
1293 1863 1554 1926 exsistat
1615 1863 1869 1924 virtutis
1905 1865 1954 1929 B
1983 1865 2341 1929 cationibus
2372 1866 2633 1931 famosis
2665 1871 2837 1951 apud
2869 1879 3078 1953 partes
3122 1873 3475 1935 occidenta-

369 1981 564 2043 quam
611 1961 968 2024 substantia
1015 1962 1390 2044 spiritualiS,
1430 1961 1586 2043 quid
1634 1963 1871 2023 mirum

369 2061 424 2122 si
474 2060 621 2122 talis
669 2059 1026 2124 substantia
1071 2061 1460 2142 suspendere
1511 2060 1710 2142 possit
1758 2079 1872 2122 sua

371 2160 710 2240 praesentia
759 2177 1012 2242 corpus,
1055 2179 1301 2234 saxum,
1343 2160 1637 2241 sagittam
1677 2178 1716 2222 a
1757 2179 1872 2221 sua

368 2259 863 2340 ponderositate,
891 2265 956 2319 et
984 2258 1134 2320 dare
1163 2257 1257 2320 cis
1291 2264 1536 2320 motum
1565 2257 1867 2330 similem,

367 2355 470 2417 vel
501 2355 850 2418 violentam
885 2356 1254 2419 levitatem?
1282 2355 1498 2438 Aliqui
1531 2356 1704 2418 enim
1738 2355 1872 2437 opi-

365 2461 602 2516 nantur
631 2473 708 2517 ea
741 2454 984 2518 moveri
1013 2454 1292 2517 violenta
1327 2453 1582 2516 levitate
1613 2472 1728 2536 per
1756 2453 1873 2514 im-

365 2552 732 2633 pulsionem
776 2559 1048 2614 causata.
1097 2551 1358 2625 RursuS,
1401 2549 1454 2613 si
1498 2551 1712 2614 anima
1754 2549 1868 2612 hu-

367 2670 578 2724 mana,
622 2670 764 2732 quae
807 2657 902 2712 est
945 2649 1296 2732 spiritualis
1344 2649 1720 2724 substantia,
1763 2650 1870 2711 dat

365 2748 620 2832 corpori
661 2766 776 2812 suo
813 2749 992 2830 gravi
1031 2767 1285 2810 sursum
1333 2749 1596 2822 moveri,
1630 2755 1869 2830 quanto

367 2847 571 2929 magis
611 2845 964 2929 spiritualis
1007 2845 1362 2908 substantia
1403 2847 1720 2909 abstracta
1762 2864 1867 2928 po-

367 2952 490 3007 test
533 2963 766 3026 corpus
809 2945 901 3006 sic
945 2943 1111 3006 ferre
1155 2944 1290 3008 solo
1333 2944 1659 3026 imperio?

1984 1964 2096 2038 leS,
2130 1966 2484 2047 praesertim
2524 1968 2693 2049 apud
2728 1969 3117 2032 Britanniam
3152 1989 3165 2034 :
3202 1990 3473 2052 quarum

1982 2082 2108 2124 una
2136 2071 2235 2125 est
2263 2062 2417 2126 haec.
2447 2065 2771 2128 Interdum
2801 2066 3054 2130 videtur
3084 2067 3210 2130 sibi
3239 2069 3473 2151 aliquis

1979 2180 2118 2224 esse
2161 2163 2230 2224 in
2273 2162 2507 2244 palatio
2555 2165 2901 2245 magnifico
2946 2174 3137 2248 atque
3182 2167 3475 2249 pulcher-

1980 2259 2165 2335 rimo,
2216 2279 2289 2322 ac
2342 2261 2883 2343 speciosissimam
2930 2263 3019 2327 ibi
3070 2265 3288 2328 videre
3338 2285 3474 2328 mu-

1981 2357 2205 2422 lierem
2244 2360 2311 2422 in
2351 2354 2525 2441 regio
2561 2370 2891 2444 apparatu,
2934 2362 3472 2445 splendidissimis

1979 2457 2172 2519 etiam
2214 2459 2423 2540 epulis
2471 2458 2799 2534 interesse,
2844 2460 3073 2523 deinde
3114 2469 3246 2525 tota
3286 2470 3471 2525 nocte

1982 2573 2094 2636 per
2124 2574 2394 2619 venerea
2433 2558 2835 2620 commisceri
2880 2565 2943 2620 et
2982 2558 3283 2623 delectari
3322 2581 3471 2624 cum

1979 2652 2105 2715 illa.
2142 2655 2684 2717 Evanescentibus
2720 2674 2871 2720 vero
2904 2656 3231 2737 figmentis
3272 2660 3469 2741 phan-

1976 2751 2244 2825 tasticis,
2289 2752 2709 2835 deprehendit
2748 2773 2816 2818 se
2859 2753 3060 2818 fuisse
3107 2763 3237 2819 tota
3285 2766 3470 2820 nocte

1977 2849 2043 2911 in
2079 2850 2520 2914 sordidissimo
2553 2851 2685 2914 luto
2722 2861 2785 2914 et
2815 2853 2980 2916 inter
3007 2871 3151 2917 ossa
3185 2856 3470 2918 crurium

1975 2966 2185 3011 vaccae
2234 2948 2447 3022 unius,
2490 2968 2855 3032 equumque
2904 2971 3093 3015 suum
3142 2953 3471 3034 alligatum

449 3043 776 3118 Praeterea,
808 3042 863 3104 si
892 3048 1212 3125 quaeratur
1242 3043 1321 3104 de
1349 3060 1515 3124 equo
1555 3061 1748 3124 quem
1787 3043 1866 3106 ad
1900 3047 1944 3110 C
1975 3047 2054 3108 ad
2092 3045 2387 3109 arborem
2426 3053 2557 3110 tota
2594 3057 2779 3110 nocte
2819 3048 2928 3111 illa
2964 3050 3055 3111 nil
3095 3052 3467 3114 comedisse.

363 3141 755 3203 vectandum
799 3139 1078 3202 malefici
1121 3158 1188 3202 sc
1229 3139 1437 3203 facere
1480 3141 1748 3204 credunt
1788 3141 1866 3204 de

364 3257 593 3314 canna,
646 3258 760 3321 per
807 3238 1112 3302 nefandos
1172 3238 1565 3301 characteres
1613 3247 1677 3302 et
1717 3239 1868 3302 scri-

368 3345 612 3419 pturaS,
656 3355 814 3419 quas
864 3337 930 3398 in
975 3355 1050 3398 ea
1095 3336 1386 3399 scribunt
1425 3356 1499 3398 ac
1543 3337 1862 3419 pingunt:

362 3437 534 3508 dico,
567 3435 740 3517 quod
771 3435 1066 3516 malignis
1106 3434 1438 3517 spiritibus
1469 3435 1868 3516 impossibile

363 3543 462 3596 est
511 3533 590 3596 de
641 3553 844 3595 canna
889 3551 1116 3596 verum
1165 3532 1373 3595 facere
1422 3551 1698 3615 equum3
1747 3552 1866 3596 nec

363 3651 637 3695 cannam
690 3631 970 3694 malefici
1013 3631 1258 3712 eligunt
1297 3633 1377 3694 ad
1418 3632 1611 3694 talem
1652 3631 1866 3694 ludifi-

363 3731 686 3793 cationem
725 3730 1037 3811 agendam
1067 3737 1370 3811 tanquam
1411 3748 1614 3791 canna
1652 3729 1734 3792 sit
1762 3749 1867 3812 ap-

361 3829 493 3891 tior
533 3835 604 3890 ut
653 3827 1139 3890 transformetur
1181 3828 1246 3889 in
1290 3846 1550 3909 equum,
1584 3827 1695 3890 sed
1745 3827 1868 3891 for-

363 3928 536 3990 sitan
593 3933 855 4009 propter
913 3925 1284 4009 superficiei
1346 3945 1476 3989 suae
1532 3925 1865 4009 planitiem

363 4026 576 4109 aptior
614 4033 712 4087 est
751 4032 821 4087 ut
859 4025 926 4086 in
970 4043 1044 4087 ea
1082 4023 1501 4087 exsecrabiles
1539 4025 1665 4087 illae
1706 4024 1867 4087 fiant

363 4125 720 4205 scripturae.
758 4123 1061 4204 Congruit
1099 4123 1291 4185 etiam
1331 4141 1533 4185 canna
1571 4124 1869 4186 daemoni-

1975 3143 2205 3208 Recolo
2247 3145 2506 3208 demum
2552 3164 2653 3207 me
2697 3147 2977 3228 potuisse
3018 3149 3233 3212 videre
3272 3149 3474 3213 homi-

1976 3260 2125 3304 nem
2165 3243 2269 3304 cui
2310 3243 2627 3305 acciderat
2666 3243 2786 3306 ista
2831 3245 3064 3320 illusi0‚
3097 3247 3206 3309 sed
3246 3267 3324 3310 ex
3368 3267 3473 3311 ne-

1974 3341 2280 3422 gligentia
2306 3348 2496 3423 atque
2525 3342 2743 3404 acedia
2772 3362 2913 3406 mea
2942 3362 3069 3407 non
3100 3345 3354 3409 vidisse.
3373 3348 3477 3410 Fa-

1977 3439 2098 3502 cile
2125 3447 2342 3502 autem
2374 3439 2670 3522 malignis
2697 3441 3029 3522 spiritibus
3058 3452 3171 3518 est,
3186 3443 3473 3508 homines

1976 3538 2053 3600 de
2098 3537 2334 3620 quibus
2379 3537 2499 3600 hoc
2543 3539 2957 3620 permittitur,
2990 3551 3309 3622 soporare,
3342 3562 3477 3606 cos-

1976 3654 2101 3718 que
2144 3635 2563 3698 somnialibus
2604 3636 3081 3701 delectamentis
3120 3649 3252 3703 tota
3290 3649 3474 3705 nocte

1977 3733 2267 3809 illudere,
2310 3735 2401 3798 eis
2451 3753 2705 3817 quoque
2753 3737 3085 3818 soporatis,
3130 3757 3326 3821 equos
3376 3758 3475 3804 eo·-

1978 3852 2120 3894 rum
2158 3833 2497 3896 arboribus
2534 3835 2815 3916 alligare,
2848 3843 2911 3898 et
2950 3854 3214 3919 corpora
3250 3856 3472 3902 eorum

1979 3930 2089 3994 ubi
2139 3932 2460 3995 voluerint
2508 3933 2839 4009 collocare,
2893 3954 3093 4017 quum
3153 3936 3315 3998 nihil
3363 3936 3473 4001 ho-

1977 4049 2120 4092 rum
2152 4031 2429 4093 sentiant
2464 4033 2760 4114 soporati.
2783 4032 2996 4097 Nihilo
3028 4034 3241 4097 minus
3276 4036 3474 4118 raptis

1977 4147 2093 4210 per
2129 4129 2483 4192 illusoriam
2516 4131 2827 4194 visionem
2862 4132 3103 4196 similes
3144 4134 3475 4198 illusiones

365 4223 514 4298 bus,
546 4241 749 4305 quum
791 4222 875 4284 sit
923 4221 1170 4302 lignum
1214 4240 1549 4304 apparens,
1591 4239 1718 4285 non
1763 4241 1868 4284 ve·
1896 4232 1946 4295 D
1975 4225 2121 4288 fieri
2184 4236 2473 4309 possunt,
2527 4247 2726 4310 quum
2783 4231 2863 4292 ad
2920 4230 3289 4311 hujusmodi
3336 4233 3475 4296 visa

367 4340 537 4396 rum,
588 4321 702 4384 sed
747 4338 1022 4383 vacuum
1072 4321 1266 4395 intuS,
1315 4337 1443 4383 non
1499 4319 1741 4383 habens
1789 4321 1866 4382 de

367 4419 525 4501 ligni
565 4418 882 4482 soliditate
921 4427 986 4480 et
1015 4419 1279 4482 veritate
1319 4419 1443 4481 nisi
1482 4420 1652 4501 quod
1689 4420 1754 4481 in
1794 4437 1868 4481 ea

363 4526 631 4601 apparet
671 4518 1066 4580 extrinsecus
1109 4537 1124 4581 t
1168 4537 1282 4599 per
1325 4518 1496 4600 quod
1536 4518 1729 4580 etiam
1772 4517 1865 4579 in-

363 4618 660 4680 sinuatur
701 4635 894 4699 quam
938 4616 1412 4679 formidandum
1453 4625 1516 4679 et
1553 4617 1866 4699 periculo—

362 4735 508 4782 sum
541 4716 625 4778 sit
655 4715 747 4777 uti
777 4733 944 4797 equo
973 4715 1344 4795 hujusmodi
1386 4724 1645 4798 propter
1681 4716 1869 4797 fragi-

363 4815 610 4877 litatem
652 4833 870 4878 cannae
898 4821 963 4876 et
992 4814 1534 4896 periculositatem
1572 4815 1867 4879 fracturae

363 4913 570 4996 ipsius
599 4931 840 4986 cannae,
873 4931 1016 4994 quae
1055 4913 1227 4995 ipsos
1263 4913 1455 4976 etiam
1497 4914 1868 4977 incumben-

363 5021 460 5074 tes
501 5012 626 5074 sibi
668 5011 1114 5093 multipliciter
1143 5013 1451 5074 vulnerat.
1486 5013 1615 5076 Hoc
1653 5021 1866 5077 autem

364 5118 572 5173 totum
633 5110 713 5172 fit
764 5111 1060 5173 illusione
1119 5111 1533 5194 phantasticae
1579 5112 1861 5175 visionis.

365 5209 494 5272 Nec
541 5209 778 5271 mirum
819 5209 875 5272 si
913 5210 1306 5292 permittitur
1344 5210 1740 5272 daemonibus
1781 5211 1869 5273 ita

371 5307 705 5372 ludificare
756 5308 1104 5384 maleficOS,
1157 5328 1358 5392 quum
1417 5309 1541 5392 ipsi
1589 5309 1868 5373 malefici

1976 4325 2295 4407 suspensi,
2327 4325 2451 4388 alia
2491 4344 2608 4388 nec
2651 4327 2929 4401 videant,
2964 4348 3081 4391 nec
3124 4331 3469 4408 attendant,

1978 4423 2300 4486 interdum
2343 4431 2556 4486 autem
2600 4443 2719 4487 nec
2762 4426 3058 4490 sentiant.

2056 4522 2201 4585 Post
2242 4521 2375 4586 haec
2425 4541 2772 4605 prosequar
2816 4523 2895 4586 de
2943 4525 3317 4590 substantiis
3366 4547 3473 4610 ap·

1978 4619 2350 4703 parentibus
2388 4621 2455 4682 in
2496 4621 2915 4684 similitudine
2952 4625 3377 4706 equitantium
3407 4635 3471 4690 et

1978 4718 2357 4782 bellatorum
2402 4718 2469 4781 in
2513 4719 2805 4801 praelium
2849 4723 3265 4800 currentium,
3300 4734 3361 4787 et
3403 4727 3469 4790 in

1976 4819 2399 4881 similitudine
2440 4818 3005 4882 innumerabilium
3048 4824 3466 4901 exercituum,

1976 4918 2297 4980 interdum
2341 4936 2492 4981 vero
2539 4919 2604 4980 in
2655 4937 3003 5001 paucorum
3052 4922 3471 4988 similitudine

1977 5015 2287 5097 equitum.
2326 5015 2505 5079 Circa
2547 5017 2717 5098 quod
2760 5017 2925 5092 dico,
2968 5021 3137 5101 quod
3179 5021 3469 5085 substan-

1976 5113 2079 5176 tiae
2129 5114 2253 5176 illae
2307 5132 2433 5177 non
2493 5122 2641 5177 sunt
2689 5133 3007 5197 corporeae
3058 5136 3072 5180 ε
3125 5137 3243 5181 nec
3295 5121 3469 5184 enim

1977 5218 2126 5274 sunt
2180 5211 2632 5286 vulnerabile-s,
2692 5221 2756 5276 et
2810 5214 2965 5276 dum
3022 5215 3313 5280 homines
3370 5237 3471 5282 co-

1979 5318 2214 5373 nantur
2261 5329 2367 5374 eas
2415 5309 2812 5393 transfigere,
2856 5332 3004 5378 mox
3052 5316 3469 5400 experiuntur
