4334 6242
597 1955 658 2000 De
679 1954 817 1999 Divin.

555 2032 672 2063 nom.
693 2031 731 2064 c.
749 2031 805 2062 Ν.

841 473 922 540 52

1545 491 1608 540 ΙΝ
1649 491 1872 540 Limum
1911 494 1955 539 11
1999 488 2480 539 SENTENTIARUu.
2526 509 2607 520 ·--·
2646 491 2797 538 DlST.
2848 491 2907 554 13
2950 491 3174 548 QUAEST.
3222 491 3242 538 1

843 629 1081 745 opponi
1113 663 1317 739 alteri,
1351 665 1604 747 quando
1642 665 1986 747 opponitur
2015 664 2075 726 ei
2115 681 2340 725 secun·
2370 661 2423 724 A
2452 661 2694 744 aliquid
2736 662 2801 724 in
2840 661 3311 724 exsistentibus.
3347 661 3492 723 ldeo
3532 678 3657 723 non
3690 666 3785 721 est
3826 658 3948 720 for-

845 763 1000 825 dum
1048 763 1219 844 quod
1267 762 1634 843 hujusmodi
1673 763 1887 825 :sicut
1935 761 2163 824 albedo
2214 781 2344 822 ma-

846 880 965 922 nus
997 860 1312 941 nigredini
1349 880 1606 940 manus;
1640 861 1954 943 nigredini
1984 868 2199 923 autem
2236 879 2341 942 pa-

845 959 1022 1021 rietis
1071 959 1418 1041 opponitur
1468 960 1796 1034 indirecte,
1831 967 2050 1041 utpote
2099 977 2226 1021 non
2277 960 2341 1021 in

845 1066 1156 1138 quantum
1195 1067 1292 1119 est
1329 1059 1555 1120 albedo
1599 1059 1783 1120 istius
1821 1066 1928 1120 aut
1968 1058 2229 1139 nigredo
2273 1058 2343 1118 il-

847 1155 994 1229 lius,
1039 1156 1148 1217 sed
1198 1155 1260 1216 in
1314 1163 1624 1237 quantum
1673 1156 1900 1217 albedo
1947 1163 2009 1217 et
2058 1155 2338 1236 nigredo.

927 1254 1260 1335 Quumque
1308 1254 1629 1335 adjicitur,
1678 1255 1848 1336 quod
1899 1254 1964 1316 in
2013 1255 2189 1316 omni
2239 1272 2344 1334 ge-

848 1371 998 1414 nere
1045 1352 1324 1434 primum
1371 1360 1432 1414 et
1479 1353 1827 1414 maximum
1874 1360 1968 1414 est
2013 1371 2204 1414 causa
2250 1373 2343 1413 se-

845 1449 1204 1531 quentium,
1240 1469 1463 1512 verum
1507 1459 1603 1512 est
1646 1451 1711 1513 in
1755 1451 2068 1533 positivis,
2107 1450 2346 1532 quibus

847 1556 1054 1631 potest
1086 1556 1442 1630 competere
1475 1549 1632 1611 ratio
1659 1557 1720 1610 et
1745 1549 2092 1611 efficientia
2122 1568 2340 1610 causae.

928 1646 1019 1708 Ad
1051 1647 1403 1708 secundum
1434 1647 1799 1721 dicendum,
1834 1647 2003 1728 quod
2044 1645 2345 1708 animalia

847 1744 1064 1806 omnia
1107 1744 1215 1806 illa
1257 1745 1498 1827 aliquid
1545 1745 1867 1818 bonitatiS‚
1902 1745 2207 1818 entitatis,
2240 1744 2345 1804 de·

2455 779 2578 834 ma,
2620 760 2731 822 sed
2778 759 3065 822 defectus
3114 759 3264 822 boni
3314 767 3376 822 et
3420 759 3672 841 pulchri
3722 775 3945 818 secun-

2452 859 2605 920 dum
2655 858 2944 920 formam.
2980 859 3139 920 Hinc
3190 858 3349 920 illud
3396 858 3464 919 in
3510 875 3639 938 quo
3682 864 3780 918 est
3821 873 3950 916 ma-

2454 957 2608 1030 lum,
2644 957 2810 1018 malo
2851 975 2976 1019 non
3016 955 3347 1030 formatur,
3382 957 3491 1018 sed
3532 955 3943 1027 deformatur,

2450 1075 2523 1117 ac
2555 1055 2841 1137 privatur
2872 1055 3309 1137 mod0,specie
3338 1063 3403 1117 et
3430 1055 3651 1117 ordine
3683 1052 3749 1115 in
3782 1071 3941 1126 esse,

2451 1161 2513 1215 et
2556 1153 2759 1216 forma
2808 1154 2940 1216 veri
2986 1160 3049 1215 et
3092 1153 3262 1216 boni.
3298 1155 3559 1235 Propter
3600 1151 3770 1234 quod
3820 1169 3947 1213 non

2450 1259 2654 1333 potest
2702 1252 2934 1314 babere
2986 1252 3375 1334 principium
3420 1252 3659 1313 directe
3702 1258 3765 1311 et
3812 1267 3948 1331 per-5

2452 1349 2616 1411 secte
2675 1350 2989 1424 efficienS‚
3044 1351 3151 1412 sed
3212 1349 3543 1422 deficiens,
3598 1357 3667 1410 ut
3722 1347 3947 1409 asserit

2452 1448 2841 1528 Augustinus
2877 1466 2890 1510 :
2926 1457 2989 1510 et
3019 1449 3137 1510 hoc
3168 1456 3265 1510 est
3298 1447 3571 1510 liberum
3609 1445 3945 1509 arbitrium

2453 1547 2731 1608 hominis
2774 1555 2884 1608 aut
2923 1547 3131 1629 angeli
3170 1567 3209 1609 a
3246 1564 3499 1609 summo
3542 1546 3711 1608 bono
3753 1543 3949 1607 defle-

2454 1665 2625 1707 xum.
2690 1646 2865 1719 Quod
2924 1664 3074 1708 vero
3132 1645 3219 1707 ait
3277 1645 3717 1726 PhilosophuS,
3780 1644 3947 1725 quod

2456 1743 2697 1804 bonum
2731 1751 2794 1805 et
2824 1745 3063 1805 malum
3104 1761 3231 1806 non
3271 1751 3421 1805 sunt
3462 1743 3526 1805 in
3566 1761 3821 1823 genere,
3856 1741 3949 1802 in-

848 1842 1014 1905 coris
1059 1850 1122 1904 et
1167 1842 1456 1904 utilitatis
1505 1842 1906 1925 participant,
1951 1851 2139 1924 prout
2184 1841 2341 1904 divi—
2380 1844 2427 1906 B
2457 1840 2684 1922 telligit
2713 1843 2880 1923 quod
2923 1860 3049 1904 non
3090 1842 3334 1904 suntin
3378 1859 3607 1922 genere
3647 1858 3778 1903 uno
3818 1848 3950 1900 tan-

849 1960 970 2004 nus
1013 1940 1349 2024 Dionysius
1395 1948 1802 2016 contestatur,
1837 1950 1899 2003 et
1937 1948 2225 2023 spectant
2264 1941 2342 2002 ad

847 2039 1136 2101 ordinem
1187 2058 1258 2101 ac
1310 2040 1854 2121 pulchritudinem
1910 2039 2231 2119 universi3
2282 2047 2343 2100 et

847 2137 1142 2220 quamvis
1203 2157 1400 2200 unum
1458 2139 1638 2200 alteri
1699 2139 1782 2200 sit
1841 2139 2163 2212 nocivum,
2216 2155 2343 2200 non

851 2244 1062 2298 tamen
1110 2236 1410 2299 omnibus
1469 2257 1676 2319 neque
1724 2237 2121 2318 simpliciter.
2176 2237 2348 2298 Insu-

852 2354 987 2417 per,
1039 2335 1116 2396 ad
1168 2335 1470 2397 moralem
1531 2335 2039 2409 instructionem,
2090 2335 2168 2396 ad
2218 2334 2343 2396 vir-

848 2441 1097 2495 tuosam
1165 2433 1706 2507 exercitationem,
1770 2434 1848 2495 ad
1917 2433 2343 2514 multiplicem

847 2531 1529 2604 considerationem‚ad
1561 2532 1998 2594 incutiendum
2027 2531 2345 2593 salubrem

845 2629 1166 2702 timorem,
1203 2630 1282 2691 ad
1327 2630 1800 2711 provocandum
1849 2631 2196 2710 gratiarum
2244 2648 2344 2691 ac-

848 2726 1428 2800 tionem,animalia
1456 2727 1824 2808 hujusmodi
1858 2727 2346 2801 conferunt,sic-

851 2833 920 2886 ut
962 2833 1026 2887 et
1067 2825 1460 2906 experientia
1502 2827 1702 2888 docet.

927 2924 1044 2986 Per
1072 2923 1241 3004 quod
1276 2931 1446 3005 patet
1475 2923 1706 2985 solutio
1739 2923 1925 2985 tertii.
1961 2923 2126 2985 Talis
2167 2944 2344 2987 nam-

2458 1949 2591 2002 tum
2629 1943 2983 2004 secundum
3014 1943 3182 2024 quod
3222 1961 3348 2003 una
3374 1940 3769 2004 coordinatio
3799 1959 3953 2021 prae-

2455 2039 2828 2101 dicabilium
2878 2040 3208 2102 constituit
3254 2058 3455 2101 unum
3502 2058 3701 2120 genus
3752 2058 3765 2101 :
3822 2039 3952 2100 imo

2456 2146 2603 2199 sunt
2645 2138 2707 2199 in
2750 2138 2922 2199 omni
2969 2157 3219 2218 genere,
3256 2139 3341 2200 ita
3384 2137 3551 2219 quod
3597 2136 3841 2199 bonum
3886 2136 3949 2197 in

2454 2255 2685 2318 genere
2744 2237 3114 2298 substantias
3172 2244 3267 2298 est
3324 2236 3700 2308 substantia,
3762 2243 3827 2297 et
3885 2235 3949 2296 in

2454 2336 2803 2418 quantitate
2853 2335 3194 2417 quantitaS‚
3237 2343 3299 2396 et
3341 2335 3405 2396 in
3448 2334 3751 2416 qualitate
3799 2353 3949 2416 qua-

2457 2433 2620 2506 titas,
2672 2433 2891 2514 sicque
2945 2433 3023 2494 de
3077 2433 3262 2510 aliis3
3314 2432 3554 2494 malum
3610 2440 3824 2495 autem
3884 2431 3948 2492 in

2454 2531 2629 2594 omni
2674 2550 2904 2612 genere
2948 2539 3045 2593 est
3088 2537 3155 2591 ut
3198 2531 3469 2612 privatio
3513 2530 3683 2593 boni.
3727 2530 3952 2604 Quem-

2456 2630 2800 2691 admodum
2849 2629 3043 2690 etiam
3092 2648 3205 2690 ens
3266 2629 3620 2691 secundum
3678 2628 3951 2690 formam

2455 2734 2518 2789 et
2560 2736 2797 2796 actum,
2830 2734 3020 2807 atque
3068 2727 3338 2808 privatio
3382 2727 3547 2789 entis
3598 2727 3950 2790 secundum

2456 2826 2727 2888 formam
2772 2833 2834 2886 et
2873 2833 3108 2898 actum,
3142 2843 3269 2888 non
3315 2825 3709 2887 reducuntur
3750 2824 3815 2886 in
3858 2824 3951 2885 di·

2456 2943 2637 2985 versa
2682 2923 3001 3005 principia
3042 2923 3292 3004 agentia
3336 2923 3401 2985 in
3446 2932 3693 2997 natura,
3734 2923 3845 2984 sed
3886 2923 3951 2984 in

849 3037 973 3100 que
1006 3021 1415 3082 contrarietas
1445 3021 1729 3084 ordinem
1761 3040 1968 3084 rerum
1998 3023 2344 3084 naturalem
2382 3024 2657 3088 cunum
2716 3041 2929 3103 agenS,
2972 3031 3035 3083 et
3084 3023 3147 3083 in
3197 3023 3467 3084 alterum
3516 3021 3825 3084 deficiens
3869 3020 3951 3083 ab

849 3126 912 3180 et
963 3119 1477 3200 complexionum
1527 3120 1956 3182 diversitatem
2013 3121 2344 3202 consequi-

749 3239 766 3246 ·
849 3223 988 3295 tur3
1032 3235 1148 3278 nec
1195 3217 1574 3298 simpliciter
1615 3237 1688 3280 ac
1735 3218 2199 3292 universaliter,
2234 3219 2344 3280 sed

573 4323 739 4367 Summ.
758 4323 821 4366 th.

557 4389 601 4428 2·
612 4389 820 4441 pai-hqd.

852 3322 1161 3394 quantum
1222 3315 1300 3375 ad
1361 3314 1516 3395 quid
1574 3322 1638 3376 et
1698 3315 2189 3396 particulariter,
2250 3324 2347 3376 est

853 3410 1098 3473 nociva.
1136 3411 1458 3492 Sapientia
1501 3411 1694 3473 etiam
1739 3413 2050 3475 Creatoris
2093 3414 2344 3480 ordina-

849 3508 945 3569 vit
976 3508 1278 3571 inferiora
1316 3528 1390 3571 ac
1433 3510 1678 3572 minora
1719 3510 1783 3572 in
1826 3531 2012 3572 usum
2047 3519 2110 3572 et
2147 3511 2345 3593 pabu-

855 3606 989 3667 lum
1033 3607 1456 3688 superiorum.

928 3705 1021 3767 Ad
1067 3712 1388 3787 quartum,
1430 3708 1600 3788 quod
1649 3707 1988 3770 auctoritas
2034 3707 2142 3768 illa
2188 3708 2348 3768 veri-

852 3802 1082 3864 ficatur
1111 3803 1189 3865 de
1220 3803 1320 3865 his
1351 3823 1492 3886 quae
1523 3823 1670 3867 vere
1703 3823 1776 3866 ac
1809 3805 2064 3887 proprie
2099 3812 2347 3867 exstant

853 3901 1189 3974 contraria,
1222 3910 1286 3963 et
1331 3901 1566 3964 habent
1609 3902 1750 3965 fieri
1796 3903 1966 3964 circa
2019 3903 2207 3966 idem.
2244 3904 2345 3965 Sic

851 4009 1088 4073 autem,
1124 4008 1194 4062 ut
1239 4001 1463 4082 patuit,
1507 4001 1668 4062 nihil
1715 4002 2134 4065 contrariatur
2179 4001 2347 4064 bono

850 4099 1183 4174 altissimo,
1217 4119 1333 4161 nec
1365 4120 1690 4162 summum
1732 4102 1970 4163 malum
2006 4101 2160 4162 dicit
2192 4101 2348 4182 quid

853 4197 1219 4279 positivum.

929 4294 1024 4355 Ad
1065 4294 1358 4375 quintum
1407 4297 1743 4378 respondet
1781 4294 2076 4358 Albertus
2110 4314 2124 4358 ε
2159 4296 2349 4358 Error

850 4392 1339 4455 Manichaeorum
1387 4413 1464 4455 ex
1516 4395 1868 4475 ignorantia
1926 4395 2118 4456 venit.
2169 4395 2349 4456 Puta-

850 4490 1004 4553 bant
1051 4491 1248 4564 enim,
1301 4493 1471 4573 quod
1531 4493 1696 4554 sicut
1745 4492 1982 4554 bonum
2033 4500 2128 4554 est
2176 4492 2346 4574 quod

851 4591 1026 4651 venit
1057 4610 1092 4652 a
1124 4589 1312 4664 bono,
1346 4597 1534 4672 atque
1580 4591 1934 4672 plantatum
1975 4599 2070 4652 est
2113 4591 2177 4652 in
2224 4591 2348 4653 for—

853 4707 958 4750 ma
987 4687 1137 4751 boni
1167 4708 1204 4752 a
1235 4707 1362 4772 quo
1391 4697 1508 4763 est,
1544 4689 1630 4751 ita
1666 4688 1904 4750 malum
1942 4689 2023 4749 sit
2054 4690 2225 4770 quod
2253 4697 2349 4751 est

849 4804 888 4846 a
919 4786 1108 4860 malo,
1143 4796 1205 4848 et
1237 4788 1590 4869 plantatum
1627 4787 1692 4848 in
1727 4786 1933 4849 forma
1975 4787 2122 4849 mali
2155 4807 2193 4850 a
2222 4806 2350 4868 quo

851 4893 966 4944 est.
1002 4885 1175 4957 Quod
1224 4885 1628 4966 reprobatum
1673 4894 1767 4948 est
1806 4886 1960 4948 alibi
1997 4905 2011 4950 ε
2045 4887 2349 4967 quoniam

853 4980 1090 5042 malum
1144 4997 1270 5042 non
1319 4989 1416 5042 est
1467 4982 1532 5045 in
1585 4981 1789 5045 forma
1843 4983 2015 5058 mali,
2060 4991 2123 5046 et
2175 4985 2351 5045 mali-

853 5077 942 5138 tia
985 5095 1110 5140 non
1151 5085 1246 5139 est
1286 5078 1508 5142 forma.
1543 5081 1648 5142 Ait
1693 5101 1967 5163 namque
2015 5084 2074 5144 S.
2121 5083 2350 5165 Diony—

852 5175 986 5236 sius
1015 5183 1241 5256 quarto
1273 5177 1551 5258 capitulo
1581 5179 1658 5239 de
1689 5179 1934 5241 Divinis
1965 5181 2347 5255 nominibuS,

849 5273 1020 5356 quod
1073 5273 1310 5335 malum
1363 5293 1486 5337 non
1531 5283 1628 5337 est
1666 5276 1820 5357 quid
1864 5278 2199 5354 exsistenS,
2233 5299 2351 5342 nec

2457 3121 2597 3196 illo;
2641 3121 2733 3182 sic
2779 3119 3017 3184 bonum
3062 3127 3124 3181 et
3170 3121 3411 3182 malum
3454 3119 3671 3182 reduci
3718 3137 3950 3201 neque·

2458 3228 2572 3281 unt
2630 3219 2693 3280 in
2754 3219 3005 3281 diversa
3060 3219 3265 3280 activa
3324 3218 3663 3300 principia,
3716 3218 3824 3280 sed
3886 3218 3949 3279 in

2457 3337 2657 3379 unum
2716 3336 2929 3396 agenS‚
2982 3326 3043 3378 et
3095 3318 3161 3378 in
3216 3317 3487 3378 alterum
3546 3316 3627 3378 ab
3682 3316 3793 3378 illo
3850 3317 3953 3378 de·

2457 3414 2703 3476 ficiens.
2758 3415 2958 3477 Causa
3013 3421 3225 3476 autem
3276 3413 3607 3486 deficienS,
3658 3413 3723 3475 in
3775 3413 3954 3475 nullo

2459 3520 2665 3594 potest
2706 3531 2844 3574 esse
2890 3512 3173 3594 primum
3221 3513 3633 3594 principium.
3677 3511 3837 3573 Hinc
3887 3511 3953 3574 in

2459 3609 2623 3673 libro
2672 3610 2964 3672 Lxxxnl
3014 3610 3444 3683 Quaestionum
3507 3608 3788 3690 loquitur
3832 3608 3955 3670 Au-

2456 3708 2749 3790 gustinus
2786 3727 2800 3771 :
2836 3707 3035 3770 Omne
3076 3709 3243 3789 quod
3285 3707 3525 3782 deficit,
3559 3707 3641 3768 ab
3675 3725 3752 3770 eo
3786 3706 3955 3788 quod

2457 3815 2553 3867 est
2582 3825 2719 3869 esse
2750 3806 2992 3881 deficit,
3026 3813 3089 3868 et
3120 3806 3321 3868 tendit
3352 3805 3417 3866 in
3461 3824 3587 3868 non
3620 3823 3778 3867 esse.
3813 3805 3957 3867 Haec

2458 3904 2771 3966 Albertus.
2796 3939 2877 3950 —
2908 3904 3163 3966 Dictum
3194 3911 3292 3966 est
3321 3921 3598 3986 quoque,
3632 3903 3804 3985 quod
3836 3921 3960 3965 ma-

2460 4002 2591 4064 lum
2636 4002 2949 4084 privative
2994 4010 3347 4084 sumptum,
3388 4019 3513 4064 non
3560 4010 3657 4063 est
3699 4001 3957 4083 proprie

2456 4119 2679 4180 genuS‚
2714 4101 2822 4162 sed
2870 4101 3196 4161 reductive
3242 4100 3307 4161 in
3349 4118 3599 4180 genere.

2377 4198 2428 4260 D
2538 4198 2631 4260 Ad
2662 4206 2936 4271 sextum,
2966 4198 3133 4280 quod
3166 4198 3375 4261 omnis
3406 4205 3687 4272 creatura
3716 4197 3957 4278 aliquid

2458 4296 2690 4359 divinae
2732 4296 3141 4379 perfectionis
3183 4296 3540 4378 participat,
3574 4314 3699 4358 non
3741 4303 3955 4358 tamen

2459 4395 2695 4468 omnia,
2747 4395 2857 4456 sed
2911 4414 3028 4457 nec
3080 4395 3368 4457 eamdem
3428 4394 3952 4466 nominationem,

2462 4493 2769 4554 rationem
2814 4500 2877 4554 ct
2921 4511 3303 4556 mensuram.
3341 4493 3505 4554 Deus
3548 4510 3697 4555 vero
3741 4490 3958 4554 omnia

2462 4591 2747 4653 idealiter
2778 4599 2839 4653 et
2866 4592 3313 4674 exemplariter
3342 4599 3667 4673 operatur-3
3700 4597 3764 4653 et
3794 4609 3963 4672 quae·

2460 4690 2605 4752 dam
2673 4690 2753 4751 ab
2818 4690 2957 4772 ipso
3026 4691 3509 4771 intelligentiam
3581 4689 3955 4761 sortiuntur,

2461 4788 2749 4869 quaedam
2804 4808 2943 4850 esse
2990 4796 3260 4862 tantum,
3313 4789 3601 4870 quaedam
3656 4804 3817 4859 esse,
3870 4785 3962 4848 vi-

2461 4905 2609 4948 vere
2652 4894 2715 4948 et
2758 4887 3013 4949 sentire.

2543 4985 2637 5047 Ad
2685 4985 3056 5066 septimum,
3102 4984 3272 5065 quod
3320 4983 3485 5046 Deus
3537 4991 3765 5046 cuncta
3815 5000 3961 5064 pro·

2465 5083 2645 5144 duxit
2696 5091 2766 5144 ut
2815 5091 3046 5156 essent,
3092 5091 3155 5144 et
3204 5089 3533 5144 conservat
3582 5101 3654 5143 ea
3704 5083 3769 5143 in
3820 5099 3961 5144 esse

2466 5182 2819 5244 secundum
2881 5182 3293 5263 capacitatem
3354 5189 3415 5242 et
3474 5181 3959 5262 dispositionem

2469 5281 2778 5363 ipsorum,
2822 5282 2897 5342 de
2943 5281 3317 5342 necessariis
3366 5297 3620 5361 quoque
3666 5278 3962 5360 providet
