4334 6242
858 432 937 497 72
1548 450 1613 497 m
1652 450 1877 497 mentm
1917 452 1961 497 11
2002 450 2485 499 sauri-:Munna
2529 468 2609 477 —
2648 449 2800 495 n1s·r.
2849 449 2908 511 13
2951 449 3174 505 Qufflsr.
3221 448 3282 495 iv

858 639 985 685 non
1038 621 1305 703 coeperit
1352 624 1643 686 naturali.
1686 624 1877 687 Porro
1924 620 2079 704 quid
2124 621 2355 683 horum
2386 620 2437 683 A
2469 620 2701 682 habere
2742 621 2862 682 hoc
2903 620 3112 701 ipsum
3153 619 3322 701 quod
3360 625 3457 680 est
3489 635 3504 679 ε
3539 625 3602 679 et
3637 616 3760 680 hoc
3797 613 3965 677 infra

860 720 943 782 sit
987 721 1225 793 verius,
1267 722 1483 784 nescio
1516 740 1529 784 ε
1565 722 1685 785 hoc
1736 740 1935 783 unum
1988 719 2141 793 scio,
2187 717 2354 799 quod

860 818 913 881 si
963 818 1177 900 posuit
1226 820 1536 882 mundum
1587 838 1713 882 non
1766 818 2080 899 incepisse
2131 836 2358 879 secun-

860 918 1014 979 dum
1063 925 1375 992 naturam,
1428 918 1491 980 id
1539 927 1633 981 est
1682 916 1953 980 naturali
2006 915 2354 978 mutatione

860 1034 932 1077 ac
992 1022 1191 1089 motu,
1241 1035 1465 1078 verum
1527 1016 1708 1090 dixit,
1761 1024 1824 1078 et
1882 1015 2155 1077 rationes
2214 1014 2355 1094 ejus

860 1120 1131 1195 sumptae
1160 1133 1238 1176 ex
1278 1121 1453 1176 motu
1496 1121 1559 1176 et
1597 1122 1907 1195 tempore,
1939 1112 2016 1175 ad
2058 1112 2178 1175 hoc
2209 1119 2357 1173 sunt

858 1210 1177 1273 efficaces.
1214 1212 1276 1274 Si
1308 1230 1458 1275 vero
1500 1212 1720 1285 sensit,
1755 1213 1923 1294 quod
1960 1210 2137 1273 nullo
2169 1210 2357 1272 modo

860 1309 1121 1391 incepit,
1148 1310 1481 1373 manifeste
1510 1312 1744 1373 erravit
1778 1327 1791 1371 :
1826 1317 2015 1391 atque
2046 1309 2123 1371 ad
2155 1308 2356 1371 vitan-

859 1408 1011 1469 dum
1075 1408 1660 1482 contradictionem,
1713 1426 1971 1470 necesse
2028 1406 2150 1467 fuit
2208 1425 2354 1468 eum

860 1523 1096 1588 ponere
1126 1514 1235 1567 aut
1265 1506 1577 1568 mundum
1624 1524 1746 1569 non
1780 1524 1917 1567 esse
1947 1504 2213 1578 factum,
2249 1512 2358 1565 aut

859 1621 987 1665 non
1030 1622 1167 1665 esse
1208 1602 1449 1666 factum
1494 1624 1571 1666 ex
1622 1604 1859 1683 nihilo;
1904 1604 1982 1664 ad
2027 1603 2356 1664 vitandum

859 1720 1011 1764 vero
1048 1702 1360 1764 actualem
1402 1702 1811 1777 infinitatem,
1845 1720 2103 1765 necesse
2143 1702 2200 1764 ei
2235 1701 2357 1763 fuit

2467 719 2814 781 ostendam.
2869 718 2946 780 Et
3003 718 3123 780 hoc
3173 717 3406 780 clarius
3457 715 3612 777 dicit
3672 714 3740 777 in
3800 712 3965 776 libro

2467 836 2658 899 quem
2702 816 2856 879 fecit
2895 817 2970 879 de
3012 817 3246 878 Natura
3289 816 3575 891 deorum,
3607 822 3671 876 et
3717 814 3782 876 in
3830 811 3964 894 epi-

2467 916 2627 978 stola
2667 916 2746 977 de
2786 914 3106 996 Principio
3149 913 3453 975 universi.

2543 1014 2832 1095 Denique
2890 1013 3244 1075 Alexander
3302 1006 3492 1073 idem'
3531 1018 3886 1094 protestans
3945 1028 3960 1071 :

2467 1112 2723 1193 Triplex
2754 1120 2849 1173 est
2878 1111 3144 1193 (inquit)
3175 1110 3472 1192 cognitio,
3509 1118 3680 1192 puta,
3717 1128 3832 1191 per
3871 1108 3964 1170 in-

2468 1210 2903 1291 spirationem,
2938 1228 3050 1290 per
3085 1208 3554 1291 Scripturarum
3597 1207 3964 1269 declaratio—

2470 1326 2638 1381 nem,
2674 1326 2788 1389 per
2833 1324 3100 1389 operum
3146 1306 3616 1369 revelationem.
3653 1306 3964 1369 Omnibus

2470 1406 2676 1468 modis
2706 1406 2805 1468 his
2837 1406 3148 1486 contingit
3179 1405 3395 1467 venire
3439 1405 3503 1466 in
3534 1405 3962 1487 cognitionem

2470 1504 2828 1577 creationiS‚
2865 1503 3158 1566 videlicet
3193 1520 3207 1565 τ
3245 1523 3358 1585 per
3407 1504 3557 1565 fidei
3610 1504 3967 1585 inspiratio-

2470 1621 2639 1676 nem,
2681 1621 2880 1684 quum
2931 1602 3094 1664 fides
3145 1610 3336 1684 ponat
3385 1601 3811 1680 creationem3
3853 1622 3968 1684 per

2470 1700 2940 1783 Scripturarum
2999 1700 3486 1782 inspectionem,
3537 1720 3678 1782 quae
3735 1709 3830 1763 est
3887 1720 3966 1763 ex

862 1818 1098 1881 ponere
1140 1808 1249 1862 aut
1290 1801 1693 1863 rationalium
1738 1801 2095 1863 animarum
2142 1817 2355 1861 corru-
2394 1796 2441 1858 B
2473 1800 2631 1880 lege,
2662 1799 2991 1880 Prophetis
3029 1806 3093 1860 et
3132 1798 3510 1879 Evangeli03
3544 1818 3658 1881 per
3694 1817 3964 1881 operum

861 1899 1167 1981 ptionem,
1199 1908 1308 1962 aut
1338 1900 1668 1975 unitatem,
1702 1907 1812 1962 aut
1850 1899 2352 1973 circulationem,

861 2005 925 2061 et
954 1998 1042 2060 ita
1066 1998 1317 2061 auferre
1348 2018 1561 2061 veram
1604 2018 1742 2061 esse
1782 1999 2153 2061 felicitatem
2189 2016 2202 2059 :
2239 1998 2357 2060 sic-

861 2115 986 2179 que
1048 2115 1223 2159 error
1280 2097 1357 2158 de
1418 2098 1639 2160 mundi
1704 2098 2055 2159 aeternitate
2118 2098 2356 2159 malum

860 2196 1051 2258 habet
1110 2195 1365 2257 initium
1415 2204 1477 2257 et
1528 2197 1881 2278 pessimum
1939 2196 2159 2258 finem.
2214 2197 2358 2258 Haec

862 2294 1320 2357 Bonaventura.

942 2392 1062 2454 Sed
1112 2393 1277 2455 sicut
1321 2393 1455 2473 jam
1504 2394 1709 2475 patuit
1762 2393 2110 2466 evidenter,
2162 2393 2356 2455 etiam

862 2491 1073 2572 magni
1142 2492 1537 2573 Peripatetici
1604 2493 1715 2574 qui
1784 2492 2082 2554 dixerunt
2144 2491 2358 2553 omnia

862 2609 1004 2671 quae
1044 2597 1191 2651 sunt
1231 2590 1389 2651 citra
1428 2590 1652 2664 Deum,
1686 2610 1823 2653 esse
1864 2590 2193 2671 producta,
2228 2608 2357 2651 ma-

863 2686 1086 2748 teriam
1134 2704 1388 2769 quoque
1431 2695 1728 2761 creatam,
1763 2696 2113 2769 posuerunt
2154 2688 2358 2750 nihilo

862 2785 1076 2847 minus
1108 2793 1426 2847 creaturas
1456 2785 1536 2847 ab
1575 2794 1810 2849 aeterno
1849 2788 1987 2849 sine
2024 2787 2358 2868 temporali

860 2883 1062 2946 fuisse
1106 2883 1311 2957 initio,
1345 2892 1407 2945 et
1452 2903 1643 2946 unam
1688 2884 2174 2965 intelligentiam
2220 2905 2358 2948 esse

2472 1897 2922 1960 revelationem
2968 1915 2981 1959 :
3027 1916 3174 1958 nam
3224 1915 3492 1978 operum
3538 1897 3864 1972 revelatio,
3901 1898 3965 1960 id

2469 2004 2565 2059 est
2629 1995 3054 2059 manifestatio
3113 1996 3466 2059 effectuum
3529 1997 3664 2070 Dei,
3727 1996 3968 2059 indicat

2469 2096 2996 2177 omnipotentiam
3036 2114 3175 2157 esse
3218 2095 3280 2155 in
3314 2095 3474 2174 Deo;
3504 2095 3967 2177 omnipotentia

2469 2212 2622 2258 vero
2670 2194 2850 2275 ponit
2899 2194 3304 2267 creationem,
3349 2194 3413 2256 id
3461 2201 3560 2256 est
3606 2195 3966 2276 productio-

2469 2312 2616 2355 nem
2649 2312 2726 2355 ex
2757 2292 2960 2354 nihilo
2995 2309 3008 2353 τ
3043 2292 3097 2354 si
3129 2292 3300 2354 enim
3332 2310 3460 2354 non
3491 2302 3703 2375 posset
3734 2294 3966 2375 produ·

2471 2411 2613 2454 cere
2645 2392 2766 2453 nisi
2799 2410 2877 2453 ex
2907 2392 3142 2473 aliquo,
3178 2410 3302 2455 non
3334 2399 3501 2453 esset
3534 2392 3962 2473 omnipotenS,

2471 2510 2671 2573 quum
2735 2490 2938 2571 maj0r
2997 2490 3278 2571 potentia
3338 2498 3547 2570 posset
3611 2491 3965 2553 secundum

2470 2590 2800 2651 veritatem
2834 2588 3122 2669 intelligi.
3147 2625 3227 2634 —
3255 2588 3430 2661 Quod
3459 2596 3674 2651 autem
3705 2590 3964 2670 quidam

2471 2687 2835 2770 philosophi
2885 2705 3009 2749 non
3061 2695 3489 2769 pervenerunt
3537 2688 3614 2749 ad
3663 2688 3969 2770 cognitio-

2471 2805 2617 2848 nem
2660 2786 3020 2859 creationiS,
3053 2794 3150 2847 est
3188 2785 3339 2867 quia
3377 2802 3503 2847 non
3543 2786 3966 2849 ascenderunt

2472 2884 2638 2946 ultra
2677 2884 2986 2947 rationem
3028 2883 3324 2947 materiae.
3361 2883 3536 2956 Quod
3575 2892 3790 2947 autem
3827 2904 3966 2967 per-

862 2989 1136 3045 creatam
1168 2981 1250 3043 ab
1278 2983 1419 3044 alia.
1455 3017 1535 3027 —
1563 2982 1869 3045 Averroes
1908 2984 2167 3045 demum
2207 3003 2360 3065 prae-
2397 2984 2440 3047 C
2471 2991 2785 3046 venerunt
2813 2983 3074 3065 quidam
3115 2983 3192 3044 ad
3231 3000 3370 3045 eam
3412 2991 3538 3045 tam
3579 3002 3656 3045 ex
3688 2983 3967 3065 Scriptu-

863 3080 1090 3162 cipuus
1139 3080 1493 3143 Aristotelis
1543 3088 2024 3155 commentator,
2079 3081 2144 3143 in
2195 3080 2359 3145 libro

861 3195 978 3241 suo
1021 3178 1099 3240 de
1142 3177 1509 3240 Substantia
1550 3177 1723 3241 orbis
1770 3180 2170 3260 apertissime
2222 3200 2361 3262 pro-

861 3283 1147 3349 testatur,
1211 3275 1381 3357 quod
1419 3295 1770 3362 ‘nunquam
1830 3276 1953 3338 fuit
2010 3278 2089 3339 de
2146 3286 2359 3341 mente

861 3374 1216 3438 Aristotelis
1246 3374 1458 3436 dicere
1499 3375 1666 3456 quod
1710 3375 1943 3437 coelum
1973 3385 2138 3438 esset
2167 3396 2205 3439 a
2237 3378 2361 3458 pri-

864 3491 967 3535 ma
1024 3491 1213 3534 causa
1271 3473 1475 3535 solum
1538 3492 1651 3555 per
1700 3474 2213 3555 dependentium,
2249 3478 2358 3539 sed

862 3569 1054 3632 etiam
1116 3589 1229 3651 per
1278 3570 1510 3633 realem
1562 3573 2043 3654 productionem
2096 3594 2208 3637 seu
2259 3595 2361 3638 ve·

862 3688 998 3730 ram
1040 3668 1444 3731 creationem.
1481 3670 1721 3734 Idcirco
1765 3691 1883 3734 nec
1923 3673 2135 3755 posuit
2177 3693 2361 3735 mun-

862 3766 1015 3828 dum
1047 3784 1175 3829 non
1206 3785 1343 3828 esse
1374 3766 1637 3842 factum,
1660 3788 1778 3831 nec
1807 3770 1997 3833 etiam
2031 3772 2200 3852 quod
2233 3792 2357 3836 non

862 3864 946 3927 sit
984 3864 1189 3926 factus
1232 3884 1308 3927 ex
1349 3866 1568 3929 nihilo.
1605 3868 1738 3929 Imo
1776 3868 1956 3942 dixit,
1991 3889 2027 3931 a
2064 3871 2192 3933 Deo
2229 3890 2361 3933 om-

861 3962 1053 4025 nibus
1096 3963 1449 4027 derivatum
1496 3984 1655 4040 esse,
1690 3984 1828 4028 esse
1871 3975 1934 4029 et
1978 3968 2229 4048 vivere3
2269 3979 2358 4031 at-

862 4080 987 4143 que
1054 4063 1335 4126 secundo
1402 4065 1625 4127 Primae
1694 4065 2133 4147 philosophiae,
2198 4066 2359 4130 illud

2472 3082 2560 3144 ris
2600 3100 2793 3163 quam
2837 3098 3103 3162 operum
3149 3080 3785 3155 considerationibus,
3819 3100 3965 3144 con·

2471 3186 2592 3241 stat
2640 3198 2717 3240 ex
2767 3178 2887 3241 hoc
2936 3178 3103 3259 quod
3156 3178 3430 3259 septimo
3480 3177 3964 3242 confessionum

2471 3278 2696 3341 asserit
2742 3277 3133 3357 Augustinus
3184 3292 3200 3337 ε
3253 3275 3594 3338 Ostendisti
3643 3277 3803 3339 mihi
3853 3296 3968 3360 per

2473 3375 2799 3439 hominem
2829 3376 3170 3457 quemdam
3202 3376 3510 3455 quosdam
3543 3374 3740 3437 libros
3770 3375 3968 3440 Plato-

2472 3476 2763 3538 nicorum
2802 3493 2878 3536 ex
2920 3473 3135 3536 Graeco
3176 3474 3240 3535 in
3285 3474 3578 3536 Latinum
3621 3492 3860 3547 νει-303,
3900 3476 3966 3537 ἰη

2472 3572 2707 3655 quibus
2760 3572 2903 3653 legi,
2945 3588 3072 3633 non
3116 3572 3378 3653 quidem
3425 3572 3525 3634 his
3574 3571 3811 3645 verbis,
3855 3574 3964 3635 sed

2472 3672 2606 3734 haec
2639 3670 2856 3732 multis
2887 3677 2949 3731 et
2989 3669 3454 3751 multiplicibus
3495 3670 3745 3732 suaderi
3782 3672 3967 3734 ratio—

2473 3769 2684 3841 nibus,
2717 3768 2885 3850 quod
2931 3768 2994 3829 in
3038 3768 3357 3849 principio
3394 3775 3529 3830 erat
3564 3768 3867 3843 Verbum,
3901 3779 3965 3833 et
3991 3790 4229 3838 Jmmn.

2469 3867 2748 3930 Verbum
2781 3874 2912 3928 erat
2941 3866 3110 3947 apud
3142 3867 3342 3928 Deum
3377 3884 3390 3927 :
3428 3886 3627 3948 usque
3663 3868 3742 3930 ad
3777 3867 3958 3943 illud,

2471 3966 2546 4028 Et
2579 3966 2854 4027 mundus
2885 3983 3032 4026 eum
3065 3983 3192 4026 non
3224 3965 3536 4045 cognovit.
3572 3964 3762 4028 Porro
3790 3968 3960 4048 quod
4021 3988 4134 4031 losa.
4155 3987 4208 4027 io.

2469 4064 2780 4146 sequitur,
2823 4063 2893 4124 ln
2943 4063 3198 4143 propria
3246 4062 3443 4136 venit,
3487 4072 3550 4125 et
3599 4083 3840 4139 rursuS,
3885 4067 3962 4129 Et
3989 4085 4228 4137 ιοειωωι.

862 4161 1032 4242 quod
1072 4168 1169 4223 est
1213 4162 1484 4224 maxime
1528 4182 1642 4224 ens
1687 4169 1751 4224 et
1794 4164 2068 4225 maxime
2108 4184 2354 4241 verum,
2389 4168 2438 4228 D
2468 4162 2748 4225 Verbum
2781 4180 2925 4223 caro
2955 4160 3196 4223 factum
3230 4169 3347 4233 est,
3383 4162 3472 4224 ibi
3502 4180 3628 4227 non
3671 4163 3814 4246 legi.
3847 4167 3964 4228 Ita-

862 4258 1162 4321 videlicet
1191 4259 1413 4333 Deum,
1447 4261 1748 4323 omnibus
1791 4262 2017 4324 ceteris
2046 4282 2186 4326 esse
2217 4282 2360 4325 cau-

862 4374 998 4418 sam
1031 4356 1313 4418 veritatis
1354 4377 1427 4419 ac
1467 4358 1747 4421 enti'tatis
1788 4377 1914 4420 non
1956 4361 2161 4423 solum
2202 4361 2358 4424 fina-

864 4455 1013 4527 lem,
1048 4454 1157 4516 sed
1189 4455 1381 4516 etiam
1423 4454 1810 4529 effectivam,
1845 4476 2043 4538 quum
2078 4459 2247 4521 dicat
2275 4460 2356 4522 ab

862 4551 1003 4634 ipso
1050 4551 1349 4615 omnibus
1392 4572 1529 4616 esse
1573 4554 1930 4617 derivatum
1970 4565 2034 4618 et
2077 4544 2360 4621 commu-

861 4650 1145 4713 nicatum
1179 4650 1391 4732 ipsum
1430 4670 1569 4714 esse
1600 4661 1664 4714 et
1694 4653 1931 4728 vivere,
1966 4654 2067 4717 his
2098 4655 2353 4732 clariuS,

859 4749 960 4811 his
1009 4766 1160 4811 vero
1208 4748 1562 4812 obscurius.
1600 4750 1729 4813 Nec
1778 4753 2153 4833 putandum,
2187 4757 2354 4835 quod

860 4848 1015 4910 tanti
1068 4846 1455 4930 philosophi,
1508 4848 1618 4929 qui
1672 4858 1987 4911 noverunt
2041 4850 2358 4914 nobilissi-

861 4965 965 5008 ma
1012 4945 1141 5019 illa,
1196 4953 1421 5028 utputa
1472 4946 1944 5028 intelligentias,
1997 4968 2135 5011 esse
2188 4968 2356 5012 crea-

858 5052 975 5118 taS,
996 5043 1424 5125 ignoraverint
1456 5042 1755 5107 infimum
1787 5054 1848 5107 et
1880 5046 2358 5128 imperfectissi-

860 5162 1036 5204 mum
1068 5142 1335 5215 entium,
1358 5151 1509 5223 puta
1541 5144 1868 5207 materiam
1902 5145 2197 5226 primam,
2217 5165 2356 5208 esse

858 5241 1253 5322 productam,
1307 5240 1435 5303 imo
1488 5249 1785 5315 creatam,
1840 5242 1899 5304 id
1951 5252 2047 5305 est
2094 5243 2352 5305 aliunde

2468 4282 2592 4345 que
2623 4261 2986 4344 philosophi
3029 4261 3322 4323 meliores
3362 4262 3745 4325 creationem
3776 4281 3965 4326 nove-

2469 4368 2635 4423 runt.
2669 4361 2773 4423 Ait
2805 4359 3060 4441 -quippe
3107 4359 3430 4421 Avicenna
3478 4359 3543 4420 in
3593 4380 3707 4422 sua
3753 4362 3964 4425 Prima

2471 4457 2873 4541 philosophia
2915 4475 2928 4518 :
2973 4456 3034 4519 Si
3080 4456 3272 4519 fuerit
3314 4475 3453 4518 esse
3503 4458 3593 4520 rei
3645 4466 3788 4540 post
3833 4478 3964 4523 non

2468 4576 2606 4620 esse
2645 4556 2955 4630 absolute,
2989 4563 3143 4616 tunc
3181 4554 3490 4617 adventus
3528 4556 3672 4637 ejus
3707 4576 3744 4619 a
3774 4576 3964 4621 causa

2469 4657 2588 4717 erit
2628 4655 2862 4717 creatio
2896 4672 2909 4716 :
2944 4654 3054 4735 qui
3095 4661 3192 4715 est
3229 4653 3481 4734 dignior
3511 4655 3735 4717 modus
3770 4657 3962 4720 dandi

2468 4772 2628 4825 esse,
2661 4753 2812 4835 quia
2851 4752 3122 4833 privatio
3165 4759 3528 4813 removetur
3559 4753 3842 4827 omnin0,
3874 4763 3965 4817 at-

2468 4870 2592 4932 que
2634 4850 2958 4913 inducitur
2997 4868 3154 4912 esse.
3189 4850 3310 4912 Sed
3351 4850 3402 4911 si
3449 4858 3722 4931 ponatur
3758 4852 3963 4933 priva-

2469 4949 2556 5011 tio
2605 4949 2815 5011 taliter
2864 4948 3034 5028 quod
3090 4966 3228 5009 esse
3289 4948 3601 5029 praecedat
3651 4966 3814 5023 eam,
3867 4950 3962 5013 sic

2466 5046 2787 5127 generatio
2834 5052 2952 5119 est,
3003 5045 3419 5126 impossibilis
3469 5046 3593 5108 nisi
3643 5066 3720 5109 ex
3770 5058 3963 5111 mate-

2469 5145 2580 5218 ria,
2615 5152 2672 5206 et
2709 5144 2994 5206 inductio
3025 5143 3227 5225 ipsius
3259 5162 3396 5205 esse
3433 5143 3525 5205 rei
3555 5163 3632 5205 ex
3665 5164 3752 5219 re,
3787 5147 3958 5227 quod

2465 5250 2559 5304 est
2616 5243 2826 5305 debile
2887 5252 2946 5305 et
3012 5242 3204 5304 breve
3270 5239 3579 5303 futurum.
3642 5243 3828 5316 Item,
3893 5244 3956 5306 in
