<?xml version="1.0" encoding="UTF-8"?>
<!DOCTYPE html PUBLIC "-//W3C//DTD XHTML 1.0 Transitional//EN"
    "http://www.w3.org/TR/xhtml1/DTD/xhtml1-transitional.dtd">
<html xmlns="http://www.w3.org/1999/xhtml" xml:lang="en" lang="en">
 <head>
  <title>
</title>
<meta http-equiv="Content-Type" content="text/html;charset=utf-8" />
  <meta name='ocr-system' content='tesseract 3.04.00' />
  <meta name='ocr-capabilities' content='ocr_page ocr_carea ocr_par ocr_line ocrx_word'/>
</head>
<body>
  <div class='ocr_page' id='page_1' title='image "./doctorisecstati01denigoog_0223.png"; bbox 0 0 4334 6242; ppageno 0'>
   <div class='ocr_carea' id='block_1_1' title="bbox 60 5491 64 5993">
    <p class='ocr_par' dir='ltr' id='par_1_1' title="bbox 60 5491 64 5993">
     <span class='ocr_line' id='line_1_1' title="bbox 60 5491 64 5993; baseline 0 0"><span class='ocrx_word' id='word_1_1' title='bbox 60 5491 64 5993; x_wconf 95' lang='lat' dir='ltr'><strong> </strong></span> 
     </span>
    </p>
   </div>
   <div class='ocr_carea' id='block_1_2' title="bbox 1003 498 2894 556">
    <p class='ocr_par' dir='ltr' id='par_1_2' title="bbox 1003 498 2894 556">
     <span class='ocr_line' id='line_1_2' title="bbox 1003 498 2894 556; baseline -0.005 -4"><span class='ocrx_word' id='word_1_2' title='bbox 1003 503 1090 552; x_wconf 75' lang='lat' dir='ltr'><strong>AN</strong></span> <span class='ocrx_word' id='word_1_3' title='bbox 1128 501 1353 548; x_wconf 74' lang='lat' dir='ltr'><strong>ANGEm</strong></span> <span class='ocrx_word' id='word_1_4' title='bbox 1394 500 1531 548; x_wconf 82' lang='lat' dir='ltr'>SINT</span> <span class='ocrx_word' id='word_1_5' title='bbox 1570 500 1744 546; x_wconf 75' lang='lat' dir='ltr'>PURAE</span> <span class='ocrx_word' id='word_1_6' title='bbox 1786 499 1861 544; x_wconf 71' lang='lat' dir='ltr'><strong>m*</strong></span> <span class='ocrx_word' id='word_1_7' title='bbox 1903 498 2354 546; x_wconf 71' lang='lat' dir='ltr'><strong>muATEmAms</strong></span> <span class='ocrx_word' id='word_1_8' title='bbox 2395 498 2723 556; x_wconf 75' lang='lat' dir='ltr'><strong>ESSENTIAE,</strong></span> <span class='ocrx_word' id='word_1_9' title='bbox 2765 498 2894 546; x_wconf 76' lang='lat' dir='ltr'><strong>mc.</strong></span> 
     </span>
    </p>
   </div>
   <div class='ocr_carea' id='block_1_3' title="bbox 3381 478 3500 544">
    <p class='ocr_par' dir='ltr' id='par_1_3' title="bbox 3381 478 3500 544">
     <span class='ocr_line' id='line_1_3' title="bbox 3381 478 3500 544; baseline 0.017 -2"><span class='ocrx_word' id='word_1_10' title='bbox 3381 478 3500 544; x_wconf 82' lang='lat'><strong>199</strong></span> 
     </span>
    </p>
   </div>
   <div class='ocr_carea' id='block_1_4' title="bbox 384 667 3503 756">
    <p class='ocr_par' dir='ltr' id='par_1_4' title="bbox 384 667 3503 756">
     <span class='ocr_line' id='line_1_4' title="bbox 384 667 3503 756; baseline -0.001 -22"><span class='ocrx_word' id='word_1_11' title='bbox 384 673 515 736; x_wconf 89' lang='lat' dir='ltr'><strong>lem</strong></span> <span class='ocrx_word' id='word_1_12' title='bbox 570 674 878 756; x_wconf 86' lang='lat' dir='ltr'><strong>speciem,</strong></span> <span class='ocrx_word' id='word_1_13' title='bbox 913 683 977 736; x_wconf 89' lang='lat' dir='ltr'><strong>et</strong></span> <span class='ocrx_word' id='word_1_14' title='bbox 1022 674 1087 736; x_wconf 91' lang='lat' dir='ltr'><strong>in</strong></span> <span class='ocrx_word' id='word_1_15' title='bbox 1126 670 1419 756; x_wconf 78' lang='lat' dir='ltr'><strong>&#39;potentia</strong></span> <span class='ocrx_word' id='word_1_16' title='bbox 1459 678 1551 733; x_wconf 91' lang='lat' dir='ltr'><strong>est</strong></span> <span class='ocrx_word' id='word_1_17' title='bbox 1596 671 1673 732; x_wconf 93' lang='lat' dir='ltr'><strong>ad</strong></span> <span class='ocrx_word' id='word_1_18' title='bbox 1716 686 1895 747; x_wconf 90' lang='lat' dir='ltr'><strong>eam;</strong></span> <span class='ocrx_word' id='word_1_19' title='bbox 1928 668 1977 732; x_wconf 83' lang='lat' dir='ltr'>A</span> <span class='ocrx_word' id='word_1_20' title='bbox 2087 673 2390 736; x_wconf 81' lang='lat' dir='ltr'><strong>Praeterea</strong></span> <span class='ocrx_word' id='word_1_21' title='bbox 2421 669 2797 734; x_wconf 89' lang='lat' dir='ltr'><strong>Guillelmus</strong></span> <span class='ocrx_word' id='word_1_22' title='bbox 2827 667 3196 732; x_wconf 88' lang='lat' dir='ltr'><strong>Parisiensis</strong></span> <span class='ocrx_word' id='word_1_23' title='bbox 3225 668 3503 730; x_wconf 87' lang='lat' dir='ltr'><strong>secunda</strong></span> 
     </span>
    </p>
   </div>
   <div class='ocr_carea' id='block_1_5' title="bbox 384 769 1899 1840">
    <p class='ocr_par' dir='ltr' id='par_1_5' title="bbox 384 769 1899 1840">
     <span class='ocr_line' id='line_1_5' title="bbox 386 769 1893 842; baseline -0.002 -9"><span class='ocrx_word' id='word_1_24' title='bbox 386 791 507 834; x_wconf 91' lang='lat' dir='ltr'><strong>nec</strong></span> <span class='ocrx_word' id='word_1_25' title='bbox 548 781 1010 835; x_wconf 77' lang='lat' dir='ltr'><strong>transmutatur</strong></span> <span class='ocrx_word' id='word_1_26' title='bbox 1038 791 1075 834; x_wconf 90' lang='lat' dir='ltr'><strong>a</strong></span> <span class='ocrx_word' id='word_1_27' title='bbox 1103 771 1307 834; x_wconf 81' lang='lat' dir='ltr'><strong>forma</strong></span> <span class='ocrx_word' id='word_1_28' title='bbox 1347 769 1475 842; x_wconf 86' lang='lat' dir='ltr'><strong>illa,</strong></span> <span class='ocrx_word' id='word_1_29' title='bbox 1511 776 1581 829; x_wconf 93' lang='lat' dir='ltr'><strong>ut</strong></span> <span class='ocrx_word' id='word_1_30' title='bbox 1619 787 1843 830; x_wconf 92' lang='lat' dir='ltr'><strong>sensus</strong></span> <span class='ocrx_word' id='word_1_31' title='bbox 1880 787 1893 830; x_wconf 74' lang='grc' dir='ltr'>ε</span> 
     </span>
     <span class='ocr_line' id='line_1_6' title="bbox 384 868 1897 952; baseline -0.003 -21"><span class='ocrx_word' id='word_1_32' title='bbox 384 871 547 952; x_wconf 88' lang='lat' dir='ltr'><strong>quia</strong></span> <span class='ocrx_word' id='word_1_33' title='bbox 588 889 719 934; x_wconf 93' lang='lat' dir='ltr'><strong>non</strong></span> <span class='ocrx_word' id='word_1_34' title='bbox 770 878 867 932; x_wconf 88' lang='lat' dir='ltr'><strong>est</strong></span> <span class='ocrx_word' id='word_1_35' title='bbox 910 868 1277 943; x_wconf 82' lang='lat' dir='ltr'><strong>materialiS,</strong></span> <span class='ocrx_word' id='word_1_36' title='bbox 1318 886 1438 930; x_wconf 91' lang='lat' dir='ltr'><strong>nec</strong></span> <span class='ocrx_word' id='word_1_37' title='bbox 1483 884 1736 948; x_wconf 80' lang='lat' dir='ltr'><strong>corpuS,</strong></span> <span class='ocrx_word' id='word_1_38' title='bbox 1780 885 1897 927; x_wconf 89' lang='lat' dir='ltr'><strong>nec</strong></span> 
     </span>
     <span class='ocr_line' id='line_1_7' title="bbox 385 965 1899 1050; baseline -0.004 -19"><span class='ocrx_word' id='word_1_39' title='bbox 385 969 599 1031; x_wconf 88' lang='lat' dir='ltr'><strong>virtus</strong></span> <span class='ocrx_word' id='word_1_40' title='bbox 645 969 711 1032; x_wconf 91' lang='lat' dir='ltr'><strong>in</strong></span> <span class='ocrx_word' id='word_1_41' title='bbox 755 987 1035 1050; x_wconf 87' lang='lat' dir='ltr'><strong>corpore.</strong></span> <span class='ocrx_word' id='word_1_42' title='bbox 1074 967 1357 1049; x_wconf 90' lang='lat' dir='ltr'><strong>Denique</strong></span> <span class='ocrx_word' id='word_1_43' title='bbox 1399 965 1571 1049; x_wconf 91' lang='lat' dir='ltr'><strong>quod</strong></span> <span class='ocrx_word' id='word_1_44' title='bbox 1613 971 1899 1046; x_wconf 78' lang='lat' dir='ltr'><strong>oporteat</strong></span> 
     </span>
     <span class='ocr_line' id='line_1_8' title="bbox 386 1064 1897 1148; baseline -0.004 -18"><span class='ocrx_word' id='word_1_45' title='bbox 386 1087 543 1130; x_wconf 89' lang='lat' dir='ltr'><strong>eum</strong></span> <span class='ocrx_word' id='word_1_46' title='bbox 576 1068 723 1130; x_wconf 91' lang='lat' dir='ltr'><strong>talis</strong></span> <span class='ocrx_word' id='word_1_47' title='bbox 753 1087 889 1130; x_wconf 90' lang='lat' dir='ltr'><strong>esse</strong></span> <span class='ocrx_word' id='word_1_48' title='bbox 925 1075 1186 1140; x_wconf 81' lang='lat' dir='ltr'><strong>naturae,</strong></span> <span class='ocrx_word' id='word_1_49' title='bbox 1222 1064 1445 1148; x_wconf 91' lang='lat' dir='ltr'><strong>probat</strong></span> <span class='ocrx_word' id='word_1_50' title='bbox 1476 1083 1552 1126; x_wconf 87' lang='lat' dir='ltr'><strong>ex</strong></span> <span class='ocrx_word' id='word_1_51' title='bbox 1583 1064 1723 1143; x_wconf 87' lang='lat' dir='ltr'><strong>ejus</strong></span> <span class='ocrx_word' id='word_1_52' title='bbox 1752 1080 1897 1144; x_wconf 90' lang='lat' dir='ltr'><strong>ope·</strong></span> 
     </span>
     <span class='ocr_line' id='line_1_9' title="bbox 387 1161 1897 1248; baseline -0.004 -20"><span class='ocrx_word' id='word_1_53' title='bbox 387 1167 681 1230; x_wconf 89' lang='lat' dir='ltr'><strong>ratione:</strong></span> <span class='ocrx_word' id='word_1_54' title='bbox 707 1166 859 1248; x_wconf 89' lang='lat' dir='ltr'><strong>quia</strong></span> <span class='ocrx_word' id='word_1_55' title='bbox 887 1165 1185 1228; x_wconf 88' lang='lat' dir='ltr'><strong>videlicet</strong></span> <span class='ocrx_word' id='word_1_56' title='bbox 1220 1163 1519 1243; x_wconf 88' lang='lat' dir='ltr'><strong>intelligit</strong></span> <span class='ocrx_word' id='word_1_57' title='bbox 1550 1161 1897 1224; x_wconf 88' lang='lat' dir='ltr'><strong>materialia</strong></span> 
     </span>
     <span class='ocr_line' id='line_1_10' title="bbox 385 1260 1897 1346; baseline -0.005 -18"><span class='ocrx_word' id='word_1_58' title='bbox 385 1266 635 1338; x_wconf 90' lang='lat' dir='ltr'><strong>omnia,</strong></span> <span class='ocrx_word' id='word_1_59' title='bbox 680 1283 796 1326; x_wconf 91' lang='lat' dir='ltr'><strong>nec</strong></span> <span class='ocrx_word' id='word_1_60' title='bbox 845 1271 1061 1346; x_wconf 90' lang='lat' dir='ltr'><strong>posset</strong></span> <span class='ocrx_word' id='word_1_61' title='bbox 1108 1263 1396 1326; x_wconf 88' lang='lat' dir='ltr'><strong>omnium</strong></span> <span class='ocrx_word' id='word_1_62' title='bbox 1444 1279 1583 1324; x_wconf 87' lang='lat' dir='ltr'><strong>esse</strong></span> <span class='ocrx_word' id='word_1_63' title='bbox 1632 1260 1897 1341; x_wconf 85' lang='lat' dir='ltr'><strong>recepti-</strong></span> 
     </span>
     <span class='ocr_line' id='line_1_11' title="bbox 388 1359 1891 1441; baseline -0.004 -15"><span class='ocrx_word' id='word_1_64' title='bbox 388 1385 534 1438; x_wconf 75' lang='lat' dir='ltr'><strong>vuS,</strong></span> <span class='ocrx_word' id='word_1_65' title='bbox 558 1364 615 1426; x_wconf 91' lang='lat' dir='ltr'><strong>si</strong></span> <span class='ocrx_word' id='word_1_66' title='bbox 648 1370 813 1426; x_wconf 89' lang='lat' dir='ltr'><strong>esset</strong></span> <span class='ocrx_word' id='word_1_67' title='bbox 843 1363 920 1425; x_wconf 91' lang='lat' dir='ltr'><strong>de</strong></span> <span class='ocrx_word' id='word_1_68' title='bbox 952 1370 1177 1425; x_wconf 90' lang='lat' dir='ltr'><strong>natura</strong></span> <span class='ocrx_word' id='word_1_69' title='bbox 1205 1361 1478 1441; x_wconf 88' lang='lat' dir='ltr'><strong>alicujus</strong></span> <span class='ocrx_word' id='word_1_70' title='bbox 1511 1360 1573 1422; x_wconf 90' lang='lat' dir='ltr'><strong>in</strong></span> <span class='ocrx_word' id='word_1_71' title='bbox 1608 1359 1891 1440; x_wconf 87' lang='lat' dir='ltr'><strong>speciali,</strong></span> 
     </span>
     <span class='ocr_line' id='line_1_12' title="bbox 386 1458 1893 1545; baseline -0.004 -21"><span class='ocrx_word' id='word_1_72' title='bbox 386 1461 701 1545; x_wconf 86' lang='lat' dir='ltr'><strong>quoniam</strong></span> <span class='ocrx_word' id='word_1_73' title='bbox 746 1461 1061 1542; x_wconf 90' lang='lat' dir='ltr'><strong>recipiens</strong></span> <span class='ocrx_word' id='word_1_74' title='bbox 1100 1479 1225 1522; x_wconf 89' lang='lat' dir='ltr'><strong>non</strong></span> <span class='ocrx_word' id='word_1_75' title='bbox 1267 1459 1455 1520; x_wconf 89' lang='lat' dir='ltr'><strong>debet</strong></span> <span class='ocrx_word' id='word_1_76' title='bbox 1493 1477 1631 1519; x_wconf 90' lang='lat' dir='ltr'><strong>esse</strong></span> <span class='ocrx_word' id='word_1_77' title='bbox 1670 1458 1747 1519; x_wconf 92' lang='lat' dir='ltr'><strong>de</strong></span> <span class='ocrx_word' id='word_1_78' title='bbox 1787 1475 1893 1518; x_wconf 91' lang='lat' dir='ltr'><strong>na-</strong></span> 
     </span>
     <span class='ocr_line' id='line_1_13' title="bbox 390 1554 1895 1642; baseline -0.005 -20"><span class='ocrx_word' id='word_1_79' title='bbox 390 1570 535 1623; x_wconf 91' lang='lat' dir='ltr'><strong>tura</strong></span> <span class='ocrx_word' id='word_1_80' title='bbox 572 1559 837 1642; x_wconf 83' lang='lat' dir='ltr'><strong>recepti.</strong></span> <span class='ocrx_word' id='word_1_81' title='bbox 872 1561 1131 1632; x_wconf 85' lang='lat' dir='ltr'><strong>RursuS,</strong></span> <span class='ocrx_word' id='word_1_82' title='bbox 1164 1558 1327 1620; x_wconf 90' lang='lat' dir='ltr'><strong>sicut</strong></span> <span class='ocrx_word' id='word_1_83' title='bbox 1373 1554 1791 1637; x_wconf 87' lang='lat' dir='ltr'><strong>Philosophus</strong></span> <span class='ocrx_word' id='word_1_84' title='bbox 1833 1561 1895 1616; x_wconf 91' lang='lat' dir='ltr'><strong>et</strong></span> 
     </span>
     <span class='ocr_line' id='line_1_14' title="bbox 389 1653 1894 1728; baseline -0.005 -6"><span class='ocrx_word' id='word_1_85' title='bbox 389 1661 869 1722; x_wconf 81' lang='lat' dir='ltr'><strong>commentator</strong></span> <span class='ocrx_word' id='word_1_86' title='bbox 924 1657 1265 1720; x_wconf 91' lang='lat' dir='ltr'><strong>ostendunt</strong></span> <span class='ocrx_word' id='word_1_87' title='bbox 1326 1655 1588 1728; x_wconf 85' lang='lat' dir='ltr'><strong>ibidem,</strong></span> <span class='ocrx_word' id='word_1_88' title='bbox 1640 1653 1719 1714; x_wconf 89' lang='lat' dir='ltr'><strong>ad</strong></span> <span class='ocrx_word' id='word_1_89' title='bbox 1773 1654 1894 1715; x_wconf 90' lang='lat' dir='ltr'><strong>hoc</strong></span> 
     </span>
     <span class='ocr_line' id='line_1_15' title="bbox 387 1753 1893 1840; baseline -0.005 -20"><span class='ocrx_word' id='word_1_90' title='bbox 387 1759 563 1840; x_wconf 91' lang='lat' dir='ltr'><strong>quod</strong></span> <span class='ocrx_word' id='word_1_91' title='bbox 624 1756 987 1820; x_wconf 89' lang='lat' dir='ltr'><strong>intellectus</strong></span> <span class='ocrx_word' id='word_1_92' title='bbox 1046 1754 1376 1835; x_wconf 90' lang='lat' dir='ltr'><strong>intelligat,</strong></span> <span class='ocrx_word' id='word_1_93' title='bbox 1429 1761 1678 1836; x_wconf 85' lang='lat' dir='ltr'><strong>oportet</strong></span> <span class='ocrx_word' id='word_1_94' title='bbox 1724 1753 1893 1834; x_wconf 91' lang='lat' dir='ltr'><strong>quod</strong></span> 
     </span>
    </p>
   </div>
   <div class='ocr_carea' id='block_1_6' title="bbox 2004 768 3506 1842">
    <p class='ocr_par' dir='ltr' id='par_1_6' title="bbox 2004 768 3506 1842">
     <span class='ocr_line' id='line_1_16' title="bbox 2008 768 3502 858; baseline -0.005 -21"><span class='ocrx_word' id='word_1_95' title='bbox 2008 781 2186 858; x_wconf 87' lang='lat' dir='ltr'><strong>parte</strong></span> <span class='ocrx_word' id='word_1_96' title='bbox 2216 773 2365 836; x_wconf 86' lang='lat' dir='ltr'><strong>libri</strong></span> <span class='ocrx_word' id='word_1_97' title='bbox 2397 773 2473 834; x_wconf 92' lang='lat' dir='ltr'><strong>de</strong></span> <span class='ocrx_word' id='word_1_98' title='bbox 2514 771 2820 833; x_wconf 88' lang='lat' dir='ltr'><strong>Universo</strong></span> <span class='ocrx_word' id='word_1_99' title='bbox 2850 787 2864 831; x_wconf 89' lang='lat'><strong>:</strong></span> <span class='ocrx_word' id='word_1_100' title='bbox 2901 769 3074 831; x_wconf 88' lang='lat' dir='ltr'><strong>Scire</strong></span> <span class='ocrx_word' id='word_1_101' title='bbox 3103 768 3370 850; x_wconf 91' lang='lat' dir='ltr'><strong>(inquit)</strong></span> <span class='ocrx_word' id='word_1_102' title='bbox 3397 769 3502 830; x_wconf 93' lang='lat' dir='ltr'><strong>de-</strong></span> 
     </span>
     <span class='ocr_line' id='line_1_17' title="bbox 2007 866 3502 955; baseline -0.005 -20"><span class='ocrx_word' id='word_1_103' title='bbox 2007 873 2119 935; x_wconf 89' lang='lat' dir='ltr'><strong>bes</strong></span> <span class='ocrx_word' id='word_1_104' title='bbox 2150 872 2458 955; x_wconf 91' lang='lat' dir='ltr'><strong>quosdam</strong></span> <span class='ocrx_word' id='word_1_105' title='bbox 2491 868 2602 951; x_wconf 93' lang='lat' dir='ltr'><strong>qui</strong></span> <span class='ocrx_word' id='word_1_106' title='bbox 2644 869 2809 930; x_wconf 91' lang='lat' dir='ltr'><strong>inter</strong></span> <span class='ocrx_word' id='word_1_107' title='bbox 2837 867 3154 949; x_wconf 87' lang='lat' dir='ltr'><strong>sapientes</strong></span> <span class='ocrx_word' id='word_1_108' title='bbox 3185 866 3502 930; x_wconf 89' lang='lat' dir='ltr'><strong>nominari</strong></span> 
     </span>
     <span class='ocr_line' id='line_1_18' title="bbox 2005 964 3505 1050; baseline -0.004 -15"><span class='ocrx_word' id='word_1_109' title='bbox 2005 972 2367 1043; x_wconf 87' lang='lat' dir='ltr'><strong>voluerunt,</strong></span> <span class='ocrx_word' id='word_1_110' title='bbox 2412 967 2703 1050; x_wconf 89' lang='lat' dir='ltr'><strong>posuisse</strong></span> <span class='ocrx_word' id='word_1_111' title='bbox 2752 983 3008 1029; x_wconf 91' lang='lat' dir='ltr'><strong>omnem</strong></span> <span class='ocrx_word' id='word_1_112' title='bbox 3057 964 3505 1047; x_wconf 84' lang='lat' dir='ltr'><strong>receptibilita-</strong></span> 
     </span>
     <span class='ocr_line' id='line_1_19' title="bbox 2008 1063 3504 1148; baseline -0.005 -16"><span class='ocrx_word' id='word_1_113' title='bbox 2008 1078 2132 1132; x_wconf 90' lang='lat' dir='ltr'><strong>tem</strong></span> <span class='ocrx_word' id='word_1_114' title='bbox 2167 1069 2517 1132; x_wconf 80' lang='lat' dir='ltr'><strong>formarum</strong></span> <span class='ocrx_word' id='word_1_115' title='bbox 2551 1065 2873 1148; x_wconf 84' lang='lat' dir='ltr'><strong>propriam</strong></span> <span class='ocrx_word' id='word_1_116' title='bbox 2901 1083 3041 1126; x_wconf 87' lang='lat' dir='ltr'><strong>esse</strong></span> <span class='ocrx_word' id='word_1_117' title='bbox 3081 1063 3380 1137; x_wconf 84' lang='lat' dir='ltr'><strong>materiae,</strong></span> <span class='ocrx_word' id='word_1_118' title='bbox 3415 1063 3504 1125; x_wconf 91' lang='lat' dir='ltr'><strong>id-</strong></span> 
     </span>
     <span class='ocr_line' id='line_1_20' title="bbox 2006 1161 3506 1251; baseline -0.005 -19"><span class='ocrx_word' id='word_1_119' title='bbox 2006 1188 2209 1251; x_wconf 91' lang='lat' dir='ltr'><strong>eoque</strong></span> <span class='ocrx_word' id='word_1_120' title='bbox 2241 1167 2476 1230; x_wconf 88' lang='lat' dir='ltr'><strong>nullam</strong></span> <span class='ocrx_word' id='word_1_121' title='bbox 2513 1163 2928 1227; x_wconf 81' lang='lat' dir='ltr'><strong>substantiam</strong></span> <span class='ocrx_word' id='word_1_122' title='bbox 2962 1182 3099 1224; x_wconf 90' lang='lat' dir='ltr'><strong>esse</strong></span> <span class='ocrx_word' id='word_1_123' title='bbox 3131 1161 3506 1224; x_wconf 89' lang='lat' dir='ltr'><strong>immateria-</strong></span> 
     </span>
     <span class='ocr_line' id='line_1_21' title="bbox 2008 1260 3502 1351; baseline -0.006 -20"><span class='ocrx_word' id='word_1_124' title='bbox 2008 1269 2156 1342; x_wconf 89' lang='lat' dir='ltr'><strong>lem,</strong></span> <span class='ocrx_word' id='word_1_125' title='bbox 2209 1269 2361 1351; x_wconf 88' lang='lat' dir='ltr'><strong>quia</strong></span> <span class='ocrx_word' id='word_1_126' title='bbox 2411 1273 2482 1328; x_wconf 86' lang='lat' dir='ltr'><strong>ut</strong></span> <span class='ocrx_word' id='word_1_127' title='bbox 2528 1263 2769 1347; x_wconf 91' lang='lat' dir='ltr'><strong>opinati</strong></span> <span class='ocrx_word' id='word_1_128' title='bbox 2821 1269 2991 1336; x_wconf 90' lang='lat' dir='ltr'><strong>sunt,</strong></span> <span class='ocrx_word' id='word_1_129' title='bbox 3043 1260 3502 1343; x_wconf 87' lang='lat' dir='ltr'><strong>receptibilitas</strong></span> 
     </span>
     <span class='ocr_line' id='line_1_22' title="bbox 2007 1358 3505 1446; baseline -0.007 -16"><span class='ocrx_word' id='word_1_130' title='bbox 2007 1367 2117 1430; x_wconf 89' lang='lat' dir='ltr'><strong>illa</strong></span> <span class='ocrx_word' id='word_1_131' title='bbox 2146 1384 2274 1429; x_wconf 90' lang='lat' dir='ltr'><strong>non</strong></span> <span class='ocrx_word' id='word_1_132' title='bbox 2314 1365 2436 1427; x_wconf 91' lang='lat' dir='ltr'><strong>nisi</strong></span> <span class='ocrx_word' id='word_1_133' title='bbox 2481 1382 2593 1446; x_wconf 90' lang='lat' dir='ltr'><strong>per</strong></span> <span class='ocrx_word' id='word_1_134' title='bbox 2635 1361 2965 1424; x_wconf 84' lang='lat' dir='ltr'><strong>materiam</strong></span> <span class='ocrx_word' id='word_1_135' title='bbox 3003 1360 3182 1422; x_wconf 85' lang='lat' dir='ltr'><strong>adest</strong></span> <span class='ocrx_word' id='word_1_136' title='bbox 3215 1358 3505 1422; x_wconf 90' lang='lat' dir='ltr'><strong>substan-</strong></span> 
     </span>
     <span class='ocr_line' id='line_1_23' title="bbox 2007 1456 3502 1528; baseline -0.006 0"><span class='ocrx_word' id='word_1_137' title='bbox 2007 1466 2127 1528; x_wconf 76' lang='lat' dir='ltr'><strong>tiae.</strong></span> <span class='ocrx_word' id='word_1_138' title='bbox 2190 1501 2271 1510; x_wconf 92' lang='lat'><strong>——</strong></span> <span class='ocrx_word' id='word_1_139' title='bbox 2329 1464 2710 1526; x_wconf 75' lang='lat' dir='ltr'><strong>Eri-averunt</strong></span> <span class='ocrx_word' id='word_1_140' title='bbox 2770 1466 2982 1522; x_wconf 92' lang='lat' dir='ltr'><strong>autem</strong></span> <span class='ocrx_word' id='word_1_141' title='bbox 3048 1457 3338 1520; x_wconf 91' lang='lat' dir='ltr'><strong>homines</strong></span> <span class='ocrx_word' id='word_1_142' title='bbox 3397 1456 3502 1519; x_wconf 91' lang='lat' dir='ltr'><strong>isti</strong></span> 
     </span>
     <span class='ocr_line' id='line_1_24' title="bbox 2008 1556 3502 1645; baseline -0.007 -19"><span class='ocrx_word' id='word_1_143' title='bbox 2008 1562 2450 1645; x_wconf 84' lang='lat' dir='ltr'><strong>multipliciter</strong></span> <span class='ocrx_word' id='word_1_144' title='bbox 2502 1562 2566 1622; x_wconf 89' lang='lat' dir='ltr'><strong>in</strong></span> <span class='ocrx_word' id='word_1_145' title='bbox 2616 1559 2738 1620; x_wconf 90' lang='lat' dir='ltr'><strong>isto</strong></span> <span class='ocrx_word' id='word_1_146' title='bbox 2790 1573 3100 1620; x_wconf 89' lang='lat' dir='ltr'><strong>sermone.</strong></span> <span class='ocrx_word' id='word_1_147' title='bbox 3153 1556 3384 1630; x_wconf 90' lang='lat' dir='ltr'><strong>Primo,</strong></span> <span class='ocrx_word' id='word_1_148' title='bbox 3438 1556 3502 1617; x_wconf 91' lang='lat' dir='ltr'><strong>in</strong></span> 
     </span>
     <span class='ocr_line' id='line_1_25' title="bbox 2006 1654 3504 1736; baseline -0.005 -12"><span class='ocrx_word' id='word_1_149' title='bbox 2006 1663 2332 1726; x_wconf 88' lang='lat' dir='ltr'><strong>intellectu</strong></span> <span class='ocrx_word' id='word_1_150' title='bbox 2369 1678 2442 1722; x_wconf 90' lang='lat' dir='ltr'><strong>ac</strong></span> <span class='ocrx_word' id='word_1_151' title='bbox 2481 1658 2724 1720; x_wconf 88' lang='lat' dir='ltr'><strong>ratione</strong></span> <span class='ocrx_word' id='word_1_152' title='bbox 2768 1655 3065 1718; x_wconf 81' lang='lat' dir='ltr'><strong>materiae.</strong></span> <span class='ocrx_word' id='word_1_153' title='bbox 3100 1654 3504 1736; x_wconf 84' lang='lat' dir='ltr'><strong>Receptibili-</strong></span> 
     </span>
     <span class='ocr_line' id='line_1_26' title="bbox 2004 1753 3505 1842; baseline -0.006 -18"><span class='ocrx_word' id='word_1_154' title='bbox 2004 1769 2096 1824; x_wconf 90' lang='lat' dir='ltr'><strong>tas</strong></span> <span class='ocrx_word' id='word_1_155' title='bbox 2136 1779 2414 1842; x_wconf 92' lang='lat' dir='ltr'><strong>namque</strong></span> <span class='ocrx_word' id='word_1_156' title='bbox 2453 1756 2833 1839; x_wconf 90' lang='lat' dir='ltr'><strong>simpliciter</strong></span> <span class='ocrx_word' id='word_1_157' title='bbox 2870 1772 2996 1817; x_wconf 92' lang='lat' dir='ltr'><strong>non</strong></span> <span class='ocrx_word' id='word_1_158' title='bbox 3037 1761 3133 1816; x_wconf 88' lang='lat' dir='ltr'><strong>est</strong></span> <span class='ocrx_word' id='word_1_159' title='bbox 3171 1753 3505 1835; x_wconf 87' lang='lat' dir='ltr'><strong>dispositio</strong></span> 
     </span>
    </p>
   </div>
   <div class='ocr_carea' id='block_1_7' title="bbox 390 1849 3502 1938">
    <p class='ocr_par' dir='ltr' id='par_1_7' title="bbox 390 1849 3502 1938">
     <span class='ocr_line' id='line_1_27' title="bbox 390 1849 3502 1938; baseline -0.006 -20"><span class='ocrx_word' id='word_1_160' title='bbox 390 1857 663 1938; x_wconf 87' lang='lat' dir='ltr'><strong>recipiat</strong></span> <span class='ocrx_word' id='word_1_161' title='bbox 694 1855 929 1918; x_wconf 83' lang='lat' dir='ltr'><strong>formas</strong></span> <span class='ocrx_word' id='word_1_162' title='bbox 960 1853 1340 1935; x_wconf 90' lang='lat' dir='ltr'><strong>simpliciter</strong></span> <span class='ocrx_word' id='word_1_163' title='bbox 1368 1860 1441 1913; x_wconf 90' lang='lat' dir='ltr'><strong>ut</strong></span> <span class='ocrx_word' id='word_1_164' title='bbox 1470 1858 1619 1912; x_wconf 89' lang='lat' dir='ltr'><strong>sunt</strong></span> <span class='ocrx_word' id='word_1_165' title='bbox 1650 1849 1889 1922; x_wconf 61' lang='lat' dir='ltr'><strong>formai,</strong></span> <span class='ocrx_word' id='word_1_166' title='bbox 1926 1855 1972 1916; x_wconf 92' lang='lat' dir='ltr'>B</span> <span class='ocrx_word' id='word_1_167' title='bbox 2004 1860 2305 1934; x_wconf 63' lang='lat' dir='ltr'><strong>materias,</strong></span> <span class='ocrx_word' id='word_1_168' title='bbox 2353 1859 2460 1920; x_wconf 74' lang='lat' dir='ltr'><strong>sed</strong></span> <span class='ocrx_word' id='word_1_169' title='bbox 2514 1857 2712 1938; x_wconf 70' lang='lat' dir='ltr'><strong>magis</strong></span> <span class='ocrx_word' id='word_1_170' title='bbox 2762 1852 3154 1926; x_wconf 71' lang='lat' dir='ltr'><strong>substantjae‚</strong></span> <span class='ocrx_word' id='word_1_171' title='bbox 3202 1852 3502 1934; x_wconf 65' lang='lat' dir='ltr'><strong>quemad-</strong></span> 
     </span>
    </p>
   </div>
   <div class='ocr_carea' id='block_1_8' title="bbox 388 1948 1898 3012">
    <p class='ocr_par' dir='ltr' id='par_1_8' title="bbox 388 1948 1898 3012">
     <span class='ocr_line' id='line_1_28' title="bbox 388 1948 1893 2031; baseline -0.005 -14"><span class='ocrx_word' id='word_1_172' title='bbox 388 1962 453 2016; x_wconf 86' lang='lat' dir='ltr'><strong>et</strong></span> <span class='ocrx_word' id='word_1_173' title='bbox 484 1953 849 2016; x_wconf 90' lang='lat' dir='ltr'><strong>universale</strong></span> <span class='ocrx_word' id='word_1_174' title='bbox 892 1969 1019 2014; x_wconf 90' lang='lat' dir='ltr'><strong>non</strong></span> <span class='ocrx_word' id='word_1_175' title='bbox 1058 1950 1411 2014; x_wconf 88' lang='lat' dir='ltr'><strong>secundum</strong></span> <span class='ocrx_word' id='word_1_176' title='bbox 1446 1948 1615 2031; x_wconf 93' lang='lat' dir='ltr'><strong>quod</strong></span> <span class='ocrx_word' id='word_1_177' title='bbox 1648 1955 1745 2010; x_wconf 91' lang='lat' dir='ltr'><strong>est</strong></span> <span class='ocrx_word' id='word_1_178' title='bbox 1772 1949 1893 2010; x_wconf 91' lang='lat' dir='ltr'><strong>hoc</strong></span> 
     </span>
     <span class='ocr_line' id='line_1_29' title="bbox 388 2047 1895 2134; baseline -0.005 -20"><span class='ocrx_word' id='word_1_179' title='bbox 388 2053 657 2134; x_wconf 88' lang='lat' dir='ltr'><strong>aliquid.</strong></span> <span class='ocrx_word' id='word_1_180' title='bbox 692 2051 951 2114; x_wconf 81' lang='lat' dir='ltr'><strong>Materia</strong></span> <span class='ocrx_word' id='word_1_181' title='bbox 984 2067 1135 2113; x_wconf 88' lang='lat' dir='ltr'><strong>vero</strong></span> <span class='ocrx_word' id='word_1_182' title='bbox 1173 2057 1237 2110; x_wconf 92' lang='lat' dir='ltr'><strong>et</strong></span> <span class='ocrx_word' id='word_1_183' title='bbox 1275 2047 1484 2110; x_wconf 90' lang='lat' dir='ltr'><strong>omnis</strong></span> <span class='ocrx_word' id='word_1_184' title='bbox 1524 2047 1728 2108; x_wconf 84' lang='lat' dir='ltr'><strong>forma</strong></span> <span class='ocrx_word' id='word_1_185' title='bbox 1769 2065 1895 2108; x_wconf 92' lang='lat' dir='ltr'><strong>ma-</strong></span> 
     </span>
     <span class='ocr_line' id='line_1_30' title="bbox 390 2143 1895 2229; baseline -0.003 -20"><span class='ocrx_word' id='word_1_186' title='bbox 390 2148 656 2221; x_wconf 83' lang='lat' dir='ltr'><strong>terialis,</strong></span> <span class='ocrx_word' id='word_1_187' title='bbox 710 2147 1063 2229; x_wconf 83' lang='lat' dir='ltr'><strong>praesertim</strong></span> <span class='ocrx_word' id='word_1_188' title='bbox 1112 2147 1191 2209; x_wconf 90' lang='lat' dir='ltr'><strong>de</strong></span> <span class='ocrx_word' id='word_1_189' title='bbox 1238 2145 1425 2225; x_wconf 90' lang='lat' dir='ltr'><strong>cujus</strong></span> <span class='ocrx_word' id='word_1_190' title='bbox 1473 2143 1744 2206; x_wconf 86' lang='lat' dir='ltr'><strong>essentia</strong></span> <span class='ocrx_word' id='word_1_191' title='bbox 1799 2150 1895 2204; x_wconf 93' lang='lat' dir='ltr'><strong>est</strong></span> 
     </span>
     <span class='ocr_line' id='line_1_31' title="bbox 392 2241 1893 2327; baseline -0.005 -18"><span class='ocrx_word' id='word_1_192' title='bbox 392 2247 682 2319; x_wconf 88' lang='lat' dir='ltr'><strong>materia,</strong></span> <span class='ocrx_word' id='word_1_193' title='bbox 734 2263 859 2308; x_wconf 90' lang='lat' dir='ltr'><strong>non</strong></span> <span class='ocrx_word' id='word_1_194' title='bbox 920 2245 1147 2327; x_wconf 83' lang='lat' dir='ltr'><strong>recipit</strong></span> <span class='ocrx_word' id='word_1_195' title='bbox 1197 2243 1433 2306; x_wconf 81' lang='lat' dir='ltr'><strong>formas</strong></span> <span class='ocrx_word' id='word_1_196' title='bbox 1482 2242 1604 2304; x_wconf 91' lang='lat' dir='ltr'><strong>nisi</strong></span> <span class='ocrx_word' id='word_1_197' title='bbox 1654 2249 1725 2303; x_wconf 93' lang='lat' dir='ltr'><strong>ut</strong></span> <span class='ocrx_word' id='word_1_198' title='bbox 1773 2241 1893 2303; x_wconf 87' lang='lat' dir='ltr'><strong>hoc</strong></span> 
     </span>
     <span class='ocr_line' id='line_1_32' title="bbox 390 2339 1891 2427; baseline -0.005 -19"><span class='ocrx_word' id='word_1_199' title='bbox 390 2345 639 2427; x_wconf 89' lang='lat' dir='ltr'><strong>aliquid</strong></span> <span class='ocrx_word' id='word_1_200' title='bbox 686 2353 751 2406; x_wconf 93' lang='lat' dir='ltr'><strong>et</strong></span> <span class='ocrx_word' id='word_1_201' title='bbox 799 2343 1180 2426; x_wconf 86' lang='lat' dir='ltr'><strong>particulare</strong></span> <span class='ocrx_word' id='word_1_202' title='bbox 1227 2358 1241 2404; x_wconf 93' lang='lat'>:</span> <span class='ocrx_word' id='word_1_203' title='bbox 1288 2361 1429 2424; x_wconf 85' lang='lat' dir='ltr'><strong>quae</strong></span> <span class='ocrx_word' id='word_1_204' title='bbox 1486 2347 1634 2402; x_wconf 90' lang='lat' dir='ltr'><strong>sunt</strong></span> <span class='ocrx_word' id='word_1_205' title='bbox 1686 2339 1891 2403; x_wconf 91' lang='lat' dir='ltr'><strong>solum</strong></span> 
     </span>
     <span class='ocr_line' id='line_1_33' title="bbox 394 2437 1894 2525; baseline -0.004 -19"><span class='ocrx_word' id='word_1_206' title='bbox 394 2444 681 2525; x_wconf 87' lang='lat' dir='ltr'><strong>potentia</strong></span> <span class='ocrx_word' id='word_1_207' title='bbox 711 2440 1169 2523; x_wconf 82' lang='lat' dir='ltr'><strong>intelligibiles,</strong></span> <span class='ocrx_word' id='word_1_208' title='bbox 1204 2457 1330 2502; x_wconf 92' lang='lat' dir='ltr'><strong>non</strong></span> <span class='ocrx_word' id='word_1_209' title='bbox 1364 2439 1430 2500; x_wconf 91' lang='lat' dir='ltr'><strong>in</strong></span> <span class='ocrx_word' id='word_1_210' title='bbox 1459 2445 1623 2500; x_wconf 86' lang='lat' dir='ltr'><strong>actu.</strong></span> <span class='ocrx_word' id='word_1_211' title='bbox 1651 2437 1713 2500; x_wconf 92' lang='lat' dir='ltr'><strong>Si</strong></span> <span class='ocrx_word' id='word_1_212' title='bbox 1746 2455 1894 2518; x_wconf 88' lang='lat' dir='ltr'><strong>ergo</strong></span> 
     </span>
     <span class='ocr_line' id='line_1_34' title="bbox 394 2534 1895 2619; baseline -0.004 -17"><span class='ocrx_word' id='word_1_213' title='bbox 394 2541 760 2603; x_wconf 88' lang='lat' dir='ltr'><strong>intellectus</strong></span> <span class='ocrx_word' id='word_1_214' title='bbox 811 2539 897 2600; x_wconf 91' lang='lat' dir='ltr'><strong>ita</strong></span> <span class='ocrx_word' id='word_1_215' title='bbox 952 2538 1283 2619; x_wconf 90' lang='lat' dir='ltr'><strong>reciperet,</strong></span> <span class='ocrx_word' id='word_1_216' title='bbox 1336 2553 1463 2598; x_wconf 92' lang='lat' dir='ltr'><strong>non</strong></span> <span class='ocrx_word' id='word_1_217' title='bbox 1514 2534 1895 2615; x_wconf 86' lang='lat' dir='ltr'><strong>intelligeret</strong></span> 
     </span>
     <span class='ocr_line' id='line_1_35' title="bbox 394 2634 1894 2720; baseline -0.005 -20"><span class='ocrx_word' id='word_1_218' title='bbox 394 2658 509 2720; x_wconf 90' lang='lat' dir='ltr'><strong>per</strong></span> <span class='ocrx_word' id='word_1_219' title='bbox 538 2637 812 2700; x_wconf 83' lang='lat' dir='ltr'><strong>formam</strong></span> <span class='ocrx_word' id='word_1_220' title='bbox 850 2637 937 2698; x_wconf 89' lang='lat' dir='ltr'><strong>ita</strong></span> <span class='ocrx_word' id='word_1_221' title='bbox 965 2643 1307 2716; x_wconf 86' lang='lat' dir='ltr'><strong>receptam.</strong></span> <span class='ocrx_word' id='word_1_222' title='bbox 1344 2634 1679 2714; x_wconf 88' lang='lat' dir='ltr'><strong>Quumque</strong></span> <span class='ocrx_word' id='word_1_223' title='bbox 1708 2651 1894 2712; x_wconf 89' lang='lat' dir='ltr'><strong>ange-</strong></span> 
     </span>
     <span class='ocr_line' id='line_1_36' title="bbox 396 2730 1891 2803; baseline -0.004 -5"><span class='ocrx_word' id='word_1_224' title='bbox 396 2737 441 2798; x_wconf 93' lang='lat' dir='ltr'><strong>li</strong></span> <span class='ocrx_word' id='word_1_225' title='bbox 500 2737 631 2798; x_wconf 92' lang='lat' dir='ltr'><strong>sint</strong></span> <span class='ocrx_word' id='word_1_226' title='bbox 681 2755 933 2797; x_wconf 89' lang='lat' dir='ltr'><strong>summe</strong></span> <span class='ocrx_word' id='word_1_227' title='bbox 983 2733 1443 2796; x_wconf 88' lang='lat' dir='ltr'><strong>intellectuales</strong></span> <span class='ocrx_word' id='word_1_228' title='bbox 1502 2730 1891 2803; x_wconf 83' lang='lat' dir='ltr'><strong>substantiae,</strong></span> 
     </span>
     <span class='ocr_line' id='line_1_37' title="bbox 394 2829 1898 2915; baseline -0.005 -17"><span class='ocrx_word' id='word_1_229' title='bbox 394 2853 657 2898; x_wconf 89' lang='lat' dir='ltr'><strong>necesse</strong></span> <span class='ocrx_word' id='word_1_230' title='bbox 696 2841 791 2896; x_wconf 91' lang='lat' dir='ltr'><strong>est</strong></span> <span class='ocrx_word' id='word_1_231' title='bbox 831 2833 1001 2915; x_wconf 92' lang='lat' dir='ltr'><strong>quod</strong></span> <span class='ocrx_word' id='word_1_232' title='bbox 1046 2832 1173 2894; x_wconf 90' lang='lat' dir='ltr'><strong>sint</strong></span> <span class='ocrx_word' id='word_1_233' title='bbox 1212 2831 1474 2894; x_wconf 90' lang='lat' dir='ltr'><strong>omnino</strong></span> <span class='ocrx_word' id='word_1_234' title='bbox 1520 2829 1898 2892; x_wconf 88' lang='lat' dir='ltr'><strong>immateria-</strong></span> 
     </span>
     <span class='ocr_line' id='line_1_38' title="bbox 397 2927 1895 3012; baseline -0.004 -18"><span class='ocrx_word' id='word_1_235' title='bbox 397 2934 510 3007; x_wconf 91' lang='lat' dir='ltr'><strong>les,</strong></span> <span class='ocrx_word' id='word_1_236' title='bbox 546 2932 823 2994; x_wconf 86' lang='lat' dir='ltr'><strong>maxime</strong></span> <span class='ocrx_word' id='word_1_237' title='bbox 869 2932 974 3004; x_wconf 88' lang='lat' dir='ltr'><strong>ita,</strong></span> <span class='ocrx_word' id='word_1_238' title='bbox 1008 2931 1178 3012; x_wconf 91' lang='lat' dir='ltr'><strong>quod</strong></span> <span class='ocrx_word' id='word_1_239' title='bbox 1222 2929 1485 2991; x_wconf 87' lang='lat' dir='ltr'><strong>materia</strong></span> <span class='ocrx_word' id='word_1_240' title='bbox 1527 2945 1653 2990; x_wconf 91' lang='lat' dir='ltr'><strong>non</strong></span> <span class='ocrx_word' id='word_1_241' title='bbox 1698 2928 1779 2989; x_wconf 91' lang='lat' dir='ltr'><strong>sit</strong></span> <span class='ocrx_word' id='word_1_242' title='bbox 1816 2927 1895 2988; x_wconf 87' lang='lat' dir='ltr'><strong>de</strong></span> 
     </span>
    </p>
   </div>
   <div class='ocr_carea' id='block_1_9' title="bbox 2002 1951 3508 3023">
    <p class='ocr_par' dir='ltr' id='par_1_9' title="bbox 2002 1951 3508 3023">
     <span class='ocr_line' id='line_1_39' title="bbox 2005 1951 3505 2033; baseline -0.007 -12"><span class='ocrx_word' id='word_1_243' title='bbox 2005 1959 2264 2021; x_wconf 91' lang='lat' dir='ltr'><strong>modum</strong></span> <span class='ocrx_word' id='word_1_244' title='bbox 2314 1955 2680 2019; x_wconf 86' lang='lat' dir='ltr'><strong>Aristoteles</strong></span> <span class='ocrx_word' id='word_1_245' title='bbox 2729 1953 2838 2025; x_wconf 88' lang='lat' dir='ltr'><strong>ait,</strong></span> <span class='ocrx_word' id='word_1_246' title='bbox 2887 1951 3039 2033; x_wconf 90' lang='lat' dir='ltr'><strong>quia</strong></span> <span class='ocrx_word' id='word_1_247' title='bbox 3086 1951 3360 2013; x_wconf 88' lang='lat' dir='ltr'><strong>maxime</strong></span> <span class='ocrx_word' id='word_1_248' title='bbox 3407 1957 3505 2012; x_wconf 91' lang='lat' dir='ltr'><strong>est</strong></span> 
     </span>
     <span class='ocr_line' id='line_1_40' title="bbox 2004 2048 3505 2136; baseline -0.005 -16"><span class='ocrx_word' id='word_1_249' title='bbox 2004 2056 2376 2119; x_wconf 72' lang='lat' dir='ltr'><strong>substantiae</strong></span> <span class='ocrx_word' id='word_1_250' title='bbox 2405 2053 2744 2136; x_wconf 88' lang='lat' dir='ltr'><strong>proprium,</strong></span> <span class='ocrx_word' id='word_1_251' title='bbox 2759 2068 2898 2114; x_wconf 92' lang='lat' dir='ltr'><strong>esse</strong></span> <span class='ocrx_word' id='word_1_252' title='bbox 2927 2048 3338 2131; x_wconf 88' lang='lat' dir='ltr'><strong>susceptibile</strong></span> <span class='ocrx_word' id='word_1_253' title='bbox 3367 2065 3505 2112; x_wconf 91' lang='lat' dir='ltr'><strong>con-</strong></span> 
     </span>
     <span class='ocr_line' id='line_1_41' title="bbox 2003 2147 3501 2217; baseline -0.006 0"><span class='ocrx_word' id='word_1_254' title='bbox 2003 2155 2363 2217; x_wconf 90' lang='lat' dir='ltr'><strong>trariorum.</strong></span> <span class='ocrx_word' id='word_1_255' title='bbox 2415 2189 2494 2198; x_wconf 89' lang='lat'>—</span> <span class='ocrx_word' id='word_1_256' title='bbox 2542 2149 2834 2215; x_wconf 89' lang='lat' dir='ltr'><strong>Secundo</strong></span> <span class='ocrx_word' id='word_1_257' title='bbox 2889 2153 3180 2211; x_wconf 88' lang='lat' dir='ltr'><strong>errarunt</strong></span> <span class='ocrx_word' id='word_1_258' title='bbox 3229 2147 3296 2209; x_wconf 91' lang='lat' dir='ltr'><strong>in</strong></span> <span class='ocrx_word' id='word_1_259' title='bbox 3349 2147 3501 2210; x_wconf 88' lang='lat' dir='ltr'><strong>rati-</strong></span> 
     </span>
     <span class='ocr_line' id='line_1_42' title="bbox 2002 2245 3503 2333; baseline -0.005 -17"><span class='ocrx_word' id='word_1_260' title='bbox 2002 2271 2122 2316; x_wconf 91' lang='lat' dir='ltr'><strong>one</strong></span> <span class='ocrx_word' id='word_1_261' title='bbox 2180 2249 2714 2333; x_wconf 81' lang='lat' dir='ltr'><strong>receptibilitatiS,</strong></span> <span class='ocrx_word' id='word_1_262' title='bbox 2764 2247 3037 2309; x_wconf 89' lang='lat' dir='ltr'><strong>nimium</strong></span> <span class='ocrx_word' id='word_1_263' title='bbox 3091 2245 3503 2308; x_wconf 87' lang='lat' dir='ltr'><strong>extendentes</strong></span> 
     </span>
     <span class='ocr_line' id='line_1_43' title="bbox 2003 2343 3503 2432; baseline -0.005 -19"><span class='ocrx_word' id='word_1_264' title='bbox 2003 2350 2560 2432; x_wconf 89' lang='lat' dir='ltr'><strong>receptibilitatem</strong></span> <span class='ocrx_word' id='word_1_265' title='bbox 2593 2345 3108 2426; x_wconf 82' lang='lat' dir='ltr'><strong>materiae,quum</strong></span> <span class='ocrx_word' id='word_1_266' title='bbox 3138 2343 3503 2406; x_wconf 90' lang='lat' dir='ltr'><strong>nullatenus</strong></span> 
     </span>
     <span class='ocr_line' id='line_1_44' title="bbox 2004 2441 3506 2524; baseline -0.005 -14"><span class='ocrx_word' id='word_1_267' title='bbox 2004 2468 2071 2512; x_wconf 91' lang='lat' dir='ltr'><strong>se</strong></span> <span class='ocrx_word' id='word_1_268' title='bbox 2102 2449 2400 2511; x_wconf 85' lang='lat' dir='ltr'><strong>extendat</strong></span> <span class='ocrx_word' id='word_1_269' title='bbox 2433 2446 2554 2509; x_wconf 91' lang='lat' dir='ltr'><strong>nisi</strong></span> <span class='ocrx_word' id='word_1_270' title='bbox 2585 2445 2662 2507; x_wconf 91' lang='lat' dir='ltr'><strong>ad</strong></span> <span class='ocrx_word' id='word_1_271' title='bbox 2697 2444 2931 2507; x_wconf 82' lang='lat' dir='ltr'><strong>formas</strong></span> <span class='ocrx_word' id='word_1_272' title='bbox 2962 2441 3340 2524; x_wconf 83' lang='lat' dir='ltr'><strong>corporaleS,</strong></span> <span class='ocrx_word' id='word_1_273' title='bbox 3359 2461 3506 2522; x_wconf 91' lang='lat' dir='ltr'><strong>qua·</strong></span> 
     </span>
     <span class='ocr_line' id='line_1_45' title="bbox 2004 2539 3502 2627; baseline -0.007 -18"><span class='ocrx_word' id='word_1_274' title='bbox 2004 2566 2149 2608; x_wconf 91' lang='lat' dir='ltr'><strong>rum</strong></span> <span class='ocrx_word' id='word_1_275' title='bbox 2190 2545 2611 2627; x_wconf 86' lang='lat' dir='ltr'><strong>acquisitione</strong></span> <span class='ocrx_word' id='word_1_276' title='bbox 2650 2542 2728 2605; x_wconf 82' lang='lat' dir='ltr'><strong>rit</strong></span> <span class='ocrx_word' id='word_1_277' title='bbox 2765 2539 3107 2622; x_wconf 85' lang='lat' dir='ltr'><strong>generati0‚</strong></span> <span class='ocrx_word' id='word_1_278' title='bbox 3139 2547 3199 2601; x_wconf 93' lang='lat' dir='ltr'><strong>et</strong></span> <span class='ocrx_word' id='word_1_279' title='bbox 3230 2556 3502 2620; x_wconf 89' lang='lat' dir='ltr'><strong>quarum</strong></span> 
     </span>
     <span class='ocr_line' id='line_1_46' title="bbox 2003 2636 3504 2724; baseline -0.005 -17"><span class='ocrx_word' id='word_1_280' title='bbox 2003 2645 2348 2707; x_wconf 89' lang='lat' dir='ltr'><strong>amissione</strong></span> <span class='ocrx_word' id='word_1_281' title='bbox 2409 2641 2751 2724; x_wconf 90' lang='lat' dir='ltr'><strong>corruptio.</strong></span> <span class='ocrx_word' id='word_1_282' title='bbox 2808 2639 2980 2700; x_wconf 87' lang='lat' dir='ltr'><strong>Alias</strong></span> <span class='ocrx_word' id='word_1_283' title='bbox 3039 2638 3213 2700; x_wconf 90' lang='lat' dir='ltr'><strong>enim</strong></span> <span class='ocrx_word' id='word_1_284' title='bbox 3268 2636 3504 2700; x_wconf 77' lang='lat' dir='ltr'><strong>formas</strong></span> 
     </span>
     <span class='ocr_line' id='line_1_47' title="bbox 2003 2735 3506 2826; baseline -0.005 -22"><span class='ocrx_word' id='word_1_285' title='bbox 2003 2764 2145 2826; x_wconf 82' lang='lat' dir='ltr'><strong>quae</strong></span> <span class='ocrx_word' id='word_1_286' title='bbox 2188 2751 2337 2805; x_wconf 86' lang='lat' dir='ltr'><strong>sunt</strong></span> <span class='ocrx_word' id='word_1_287' title='bbox 2379 2748 2524 2824; x_wconf 89' lang='lat' dir='ltr'><strong>post.</strong></span> <span class='ocrx_word' id='word_1_288' title='bbox 2560 2740 2752 2821; x_wconf 81' lang='lat' dir='ltr'><strong>ipsaS,</strong></span> <span class='ocrx_word' id='word_1_289' title='bbox 2785 2738 2920 2800; x_wconf 88' lang='lat' dir='ltr'><strong>sive</strong></span> <span class='ocrx_word' id='word_1_290' title='bbox 2963 2737 3092 2798; x_wconf 90' lang='lat' dir='ltr'><strong>sint</strong></span> <span class='ocrx_word' id='word_1_291' title='bbox 3129 2735 3506 2798; x_wconf 87' lang='lat' dir='ltr'><strong>substantia-</strong></span> 
     </span>
     <span class='ocr_line' id='line_1_48' title="bbox 2006 2833 3508 2916; baseline -0.007 -11"><span class='ocrx_word' id='word_1_292' title='bbox 2006 2843 2119 2916; x_wconf 83' lang='lat' dir='ltr'><strong>leS,</strong></span> <span class='ocrx_word' id='word_1_293' title='bbox 2152 2842 2288 2904; x_wconf 90' lang='lat' dir='ltr'><strong>sive</strong></span> <span class='ocrx_word' id='word_1_294' title='bbox 2319 2838 2763 2911; x_wconf 90' lang='lat' dir='ltr'><strong>accidentales,</strong></span> <span class='ocrx_word' id='word_1_295' title='bbox 2796 2836 2929 2898; x_wconf 89' lang='lat' dir='ltr'><strong>sola</strong></span> <span class='ocrx_word' id='word_1_296' title='bbox 2959 2833 3314 2897; x_wconf 86' lang='lat' dir='ltr'><strong>substantia</strong></span> <span class='ocrx_word' id='word_1_297' title='bbox 3342 2851 3508 2896; x_wconf 91' lang='lat' dir='ltr'><strong>com-</strong></span> 
     </span>
     <span class='ocr_line' id='line_1_49' title="bbox 2005 2931 3506 3023; baseline -0.007 -20"><span class='ocrx_word' id='word_1_298' title='bbox 2005 2940 2212 3023; x_wconf 88' lang='lat' dir='ltr'><strong>posita</strong></span> <span class='ocrx_word' id='word_1_299' title='bbox 2254 2938 2482 3020; x_wconf 87' lang='lat' dir='ltr'><strong>recipit</strong></span> <span class='ocrx_word' id='word_1_300' title='bbox 2521 2944 2586 2999; x_wconf 87' lang='lat' dir='ltr'><strong>et</strong></span> <span class='ocrx_word' id='word_1_301' title='bbox 2624 2935 2913 2998; x_wconf 87' lang='lat' dir='ltr'><strong>sustinet.</strong></span> <span class='ocrx_word' id='word_1_302' title='bbox 2948 2968 3028 2978; x_wconf 91' lang='lat'>—</span> <span class='ocrx_word' id='word_1_303' title='bbox 3055 2931 3265 2994; x_wconf 89' lang='lat' dir='ltr'><strong>Tertio</strong></span> <span class='ocrx_word' id='word_1_304' title='bbox 3293 2938 3506 2994; x_wconf 88' lang='lat' dir='ltr'><strong>errant</strong></span> 
     </span>
    </p>
   </div>
   <div class='ocr_carea' id='block_1_10' title="bbox 396 3027 3505 3119">
    <p class='ocr_par' dir='ltr' id='par_1_10' title="bbox 396 3027 3505 3119">
     <span class='ocr_line' id='line_1_50' title="bbox 396 3027 3505 3119; baseline -0.005 -11"><span class='ocrx_word' id='word_1_305' title='bbox 396 3051 620 3096; x_wconf 89' lang='lat' dir='ltr'><strong>eorum</strong></span> <span class='ocrx_word' id='word_1_306' title='bbox 665 3030 941 3094; x_wconf 66' lang='lat' dir='ltr'><strong>essenti&amp;</strong></span> <span class='ocrx_word' id='word_1_307' title='bbox 975 3048 989 3092; x_wconf 90' lang='lat'>:</span> <span class='ocrx_word' id='word_1_308' title='bbox 1025 3030 1145 3092; x_wconf 89' lang='lat' dir='ltr'><strong>hoc</strong></span> <span class='ocrx_word' id='word_1_309' title='bbox 1188 3046 1462 3109; x_wconf 67' lang='lat' dir='ltr'><strong>namque</strong></span> <span class='ocrx_word' id='word_1_310' title='bbox 1507 3027 1651 3108; x_wconf 74' lang='lat' dir='ltr'><strong>Plus</strong></span> <span class='ocrx_word' id='word_1_311' title='bbox 1700 3027 1897 3108; x_wconf 66' lang='lat' dir='ltr'><strong>impe·</strong></span> <span class='ocrx_word' id='word_1_312' title='bbox 1930 3038 1973 3101; x_wconf 88' lang='lat' dir='ltr'>C</span> <span class='ocrx_word' id='word_1_313' title='bbox 2006 3039 2070 3101; x_wconf 90' lang='lat' dir='ltr'><strong>in</strong></span> <span class='ocrx_word' id='word_1_314' title='bbox 2104 3039 2238 3110; x_wconf 91' lang='lat' dir='ltr'><strong>hoc,</strong></span> <span class='ocrx_word' id='word_1_315' title='bbox 2256 3038 2424 3119; x_wconf 92' lang='lat' dir='ltr'><strong>quod</strong></span> <span class='ocrx_word' id='word_1_316' title='bbox 2456 3042 2704 3119; x_wconf 90' lang='lat' dir='ltr'><strong>ponunt</strong></span> <span class='ocrx_word' id='word_1_317' title='bbox 2735 3033 3064 3096; x_wconf 90' lang='lat' dir='ltr'><strong>materiam</strong></span> <span class='ocrx_word' id='word_1_318' title='bbox 3097 3030 3306 3112; x_wconf 88' lang='lat' dir='ltr'><strong>primo</strong></span> <span class='ocrx_word' id='word_1_319' title='bbox 3331 3029 3505 3092; x_wconf 88' lang='lat' dir='ltr'><strong>exire</strong></span> 
     </span>
    </p>
   </div>
   <div class='ocr_carea' id='block_1_11' title="bbox 396 3125 1899 4194">
    <p class='ocr_par' dir='ltr' id='par_1_11' title="bbox 396 3125 1899 4194">
     <span class='ocr_line' id='line_1_51' title="bbox 396 3125 1896 3206; baseline -0.005 -13"><span class='ocrx_word' id='word_1_320' title='bbox 396 3132 561 3194; x_wconf 87' lang='lat' dir='ltr'><strong>diret</strong></span> <span class='ocrx_word' id='word_1_321' title='bbox 591 3129 908 3192; x_wconf 89' lang='lat' dir='ltr'><strong>actionem</strong></span> <span class='ocrx_word' id='word_1_322' title='bbox 942 3125 1459 3198; x_wconf 88' lang='lat' dir='ltr'><strong>intellectualem,</strong></span> <span class='ocrx_word' id='word_1_323' title='bbox 1493 3143 1685 3206; x_wconf 89' lang='lat' dir='ltr'><strong>quam</strong></span> <span class='ocrx_word' id='word_1_324' title='bbox 1716 3125 1769 3186; x_wconf 94' lang='lat' dir='ltr'><strong>si</strong></span> <span class='ocrx_word' id='word_1_325' title='bbox 1800 3143 1896 3186; x_wconf 91' lang='lat' dir='ltr'><strong>es-</strong></span> 
     </span>
     <span class='ocr_line' id='line_1_52' title="bbox 396 3222 1897 3305; baseline -0.006 -13"><span class='ocrx_word' id='word_1_326' title='bbox 396 3237 491 3292; x_wconf 89' lang='lat' dir='ltr'><strong>set</strong></span> <span class='ocrx_word' id='word_1_327' title='bbox 556 3237 737 3291; x_wconf 87' lang='lat' dir='ltr'><strong>actus</strong></span> <span class='ocrx_word' id='word_1_328' title='bbox 802 3227 1099 3290; x_wconf 81' lang='lat' dir='ltr'><strong>materiae.</strong></span> <span class='ocrx_word' id='word_1_329' title='bbox 1162 3225 1305 3286; x_wconf 77' lang='lat' dir='ltr'><strong>Haec</strong></span> <span class='ocrx_word' id='word_1_330' title='bbox 1368 3223 1579 3305; x_wconf 88' lang='lat' dir='ltr'><strong>itaque</strong></span> <span class='ocrx_word' id='word_1_331' title='bbox 1637 3222 1742 3285; x_wconf 86' lang='lat' dir='ltr'><strong>via</strong></span> <span class='ocrx_word' id='word_1_332' title='bbox 1802 3229 1897 3284; x_wconf 91' lang='lat' dir='ltr'><strong>est</strong></span> 
     </span>
     <span class='ocr_line' id='line_1_53' title="bbox 403 3321 1897 3410; baseline -0.004 -21"><span class='ocrx_word' id='word_1_333' title='bbox 403 3327 713 3410; x_wconf 88' lang='lat' dir='ltr'><strong>probandi</strong></span> <span class='ocrx_word' id='word_1_334' title='bbox 780 3323 1384 3388; x_wconf 87' lang='lat' dir='ltr'><strong>immaterialitatem</strong></span> <span class='ocrx_word' id='word_1_335' title='bbox 1449 3321 1897 3384; x_wconf 86' lang='lat' dir='ltr'><strong>intellectualis</strong></span> 
     </span>
     <span class='ocr_line' id='line_1_54' title="bbox 402 3421 1893 3503; baseline -0.007 -12"><span class='ocrx_word' id='word_1_336' title='bbox 402 3435 660 3491; x_wconf 82' lang='lat' dir='ltr'><strong>naturae.</strong></span> <span class='ocrx_word' id='word_1_337' title='bbox 695 3461 776 3470; x_wconf 89' lang='lat'>—</span> <span class='ocrx_word' id='word_1_338' title='bbox 806 3424 1050 3486; x_wconf 86' lang='lat' dir='ltr'><strong>Idcirco</strong></span> <span class='ocrx_word' id='word_1_339' title='bbox 1078 3422 1132 3484; x_wconf 89' lang='lat' dir='ltr'><strong>si</strong></span> <span class='ocrx_word' id='word_1_340' title='bbox 1166 3421 1543 3503; x_wconf 90' lang='lat' dir='ltr'><strong>compositio</strong></span> <span class='ocrx_word' id='word_1_341' title='bbox 1574 3421 1640 3482; x_wconf 92' lang='lat' dir='ltr'><strong>in</strong></span> <span class='ocrx_word' id='word_1_342' title='bbox 1674 3439 1748 3482; x_wconf 88' lang='lat' dir='ltr'><strong>ea</strong></span> <span class='ocrx_word' id='word_1_343' title='bbox 1775 3427 1893 3493; x_wconf 90' lang='lat' dir='ltr'><strong>est,</strong></span> 
     </span>
     <span class='ocr_line' id='line_1_55' title="bbox 400 3518 1897 3602; baseline -0.006 -14"><span class='ocrx_word' id='word_1_344' title='bbox 400 3526 507 3588; x_wconf 91' lang='lat' dir='ltr'><strong>illa</strong></span> <span class='ocrx_word' id='word_1_345' title='bbox 550 3542 677 3587; x_wconf 92' lang='lat' dir='ltr'><strong>non</strong></span> <span class='ocrx_word' id='word_1_346' title='bbox 720 3531 817 3586; x_wconf 87' lang='lat' dir='ltr'><strong>est</strong></span> <span class='ocrx_word' id='word_1_347' title='bbox 858 3541 936 3584; x_wconf 86' lang='lat' dir='ltr'><strong>ex</strong></span> <span class='ocrx_word' id='word_1_348' title='bbox 981 3520 1184 3584; x_wconf 83' lang='lat' dir='ltr'><strong>forma</strong></span> <span class='ocrx_word' id='word_1_349' title='bbox 1224 3528 1414 3602; x_wconf 88' lang='lat' dir='ltr'><strong>atque</strong></span> <span class='ocrx_word' id='word_1_350' title='bbox 1458 3518 1744 3592; x_wconf 89' lang='lat' dir='ltr'><strong>materia,</strong></span> <span class='ocrx_word' id='word_1_351' title='bbox 1787 3518 1897 3580; x_wconf 80' lang='lat' dir='ltr'><strong>sed</strong></span> 
     </span>
     <span class='ocr_line' id='line_1_56' title="bbox 398 3617 1894 3707; baseline -0.005 -19"><span class='ocrx_word' id='word_1_352' title='bbox 398 3646 473 3688; x_wconf 86' lang='lat' dir='ltr'><strong>ex</strong></span> <span class='ocrx_word' id='word_1_353' title='bbox 513 3625 731 3707; x_wconf 90' lang='lat' dir='ltr'><strong>aliquo</strong></span> <span class='ocrx_word' id='word_1_354' title='bbox 762 3642 831 3685; x_wconf 89' lang='lat' dir='ltr'><strong>se</strong></span> <span class='ocrx_word' id='word_1_355' title='bbox 862 3622 1133 3684; x_wconf 90' lang='lat' dir='ltr'><strong>habente</strong></span> <span class='ocrx_word' id='word_1_356' title='bbox 1173 3621 1250 3682; x_wconf 90' lang='lat' dir='ltr'><strong>ad</strong></span> <span class='ocrx_word' id='word_1_357' title='bbox 1294 3620 1552 3681; x_wconf 93' lang='lat' dir='ltr'><strong>modum</strong></span> <span class='ocrx_word' id='word_1_358' title='bbox 1594 3617 1894 3691; x_wconf 63' lang='lat' dir='ltr'><strong>materiae,</strong></span> 
     </span>
     <span class='ocr_line' id='line_1_57' title="bbox 400 3716 1897 3803; baseline -0.005 -18"><span class='ocrx_word' id='word_1_359' title='bbox 400 3732 459 3785; x_wconf 93' lang='lat' dir='ltr'><strong>et</strong></span> <span class='ocrx_word' id='word_1_360' title='bbox 488 3742 567 3785; x_wconf 84' lang='lat' dir='ltr'><strong>ex</strong></span> <span class='ocrx_word' id='word_1_361' title='bbox 607 3723 824 3803; x_wconf 90' lang='lat' dir='ltr'><strong>aliquo</strong></span> <span class='ocrx_word' id='word_1_362' title='bbox 854 3738 921 3782; x_wconf 90' lang='lat' dir='ltr'><strong>se</strong></span> <span class='ocrx_word' id='word_1_363' title='bbox 952 3718 1225 3780; x_wconf 85' lang='lat' dir='ltr'><strong>habente</strong></span> <span class='ocrx_word' id='word_1_364' title='bbox 1265 3717 1461 3780; x_wconf 86' lang='lat' dir='ltr'><strong>instar</strong></span> <span class='ocrx_word' id='word_1_365' title='bbox 1501 3716 1719 3778; x_wconf 82' lang='lat' dir='ltr'><strong>formae</strong></span> <span class='ocrx_word' id='word_1_366' title='bbox 1748 3717 1897 3797; x_wconf 90' lang='lat' dir='ltr'><strong>(hoc</strong></span> 
     </span>
     <span class='ocr_line' id='line_1_58' title="bbox 400 3814 1898 3898; baseline -0.005 -16"><span class='ocrx_word' id='word_1_367' title='bbox 400 3827 493 3882; x_wconf 90' lang='lat' dir='ltr'><strong>est</strong></span> <span class='ocrx_word' id='word_1_368' title='bbox 522 3839 601 3882; x_wconf 86' lang='lat' dir='ltr'><strong>ex</strong></span> <span class='ocrx_word' id='word_1_369' title='bbox 631 3827 775 3881; x_wconf 91' lang='lat' dir='ltr'><strong>actu</strong></span> <span class='ocrx_word' id='word_1_370' title='bbox 808 3826 872 3879; x_wconf 89' lang='lat' dir='ltr'><strong>et</strong></span> <span class='ocrx_word' id='word_1_371' title='bbox 902 3815 1231 3898; x_wconf 88' lang='lat' dir='ltr'><strong>potentia),</strong></span> <span class='ocrx_word' id='word_1_372' title='bbox 1254 3815 1316 3876; x_wconf 89' lang='lat' dir='ltr'><strong>in</strong></span> <span class='ocrx_word' id='word_1_373' title='bbox 1346 3822 1657 3896; x_wconf 89' lang='lat' dir='ltr'><strong>quantum</strong></span> <span class='ocrx_word' id='word_1_374' title='bbox 1688 3814 1898 3877; x_wconf 91' lang='lat' dir='ltr'><strong>omnis</strong></span> 
     </span>
     <span class='ocr_line' id='line_1_59' title="bbox 402 3913 1899 3996; baseline -0.005 -16"><span class='ocrx_word' id='word_1_375' title='bbox 402 3925 687 3980; x_wconf 89' lang='lat' dir='ltr'><strong>creatura</strong></span> <span class='ocrx_word' id='word_1_376' title='bbox 733 3914 953 3978; x_wconf 80' lang='lat' dir='ltr'><strong>deficit</strong></span> <span class='ocrx_word' id='word_1_377' title='bbox 999 3933 1036 3976; x_wconf 98' lang='lat' dir='ltr'><strong>a</strong></span> <span class='ocrx_word' id='word_1_378' title='bbox 1084 3913 1491 3996; x_wconf 87' lang='lat' dir='ltr'><strong>simplicitate</strong></span> <span class='ocrx_word' id='word_1_379' title='bbox 1543 3913 1775 3975; x_wconf 90' lang='lat' dir='ltr'><strong>divina.</strong></span> <span class='ocrx_word' id='word_1_380' title='bbox 1822 3913 1899 3974; x_wconf 89' lang='lat' dir='ltr'><strong>Et</strong></span> 
     </span>
     <span class='ocr_line' id='line_1_60' title="bbox 401 4011 1899 4094; baseline -0.004 -16"><span class='ocrx_word' id='word_1_381' title='bbox 401 4017 478 4078; x_wconf 91' lang='lat' dir='ltr'><strong>de</strong></span> <span class='ocrx_word' id='word_1_382' title='bbox 509 4016 619 4078; x_wconf 88' lang='lat' dir='ltr'><strong>tali</strong></span> <span class='ocrx_word' id='word_1_383' title='bbox 662 4014 851 4076; x_wconf 93' lang='lat' dir='ltr'><strong>modo</strong></span> <span class='ocrx_word' id='word_1_384' title='bbox 890 4012 1371 4094; x_wconf 88' lang='lat' dir='ltr'><strong>compositionis</strong></span> <span class='ocrx_word' id='word_1_385' title='bbox 1412 4012 1691 4093; x_wconf 89' lang='lat' dir='ltr'><strong>loquitur</strong></span> <span class='ocrx_word' id='word_1_386' title='bbox 1722 4011 1899 4074; x_wconf 92' lang='lat' dir='ltr'><strong>Com-</strong></span> 
     </span>
     <span class='ocr_line' id='line_1_61' title="bbox 406 4109 1894 4194; baseline -0.005 -17"><span class='ocrx_word' id='word_1_387' title='bbox 406 4122 735 4186; x_wconf 88' lang='lat' dir='ltr'><strong>mentator,</strong></span> <span class='ocrx_word' id='word_1_388' title='bbox 755 4131 948 4194; x_wconf 88' lang='lat' dir='ltr'><strong>super</strong></span> <span class='ocrx_word' id='word_1_389' title='bbox 978 4111 1237 4174; x_wconf 87' lang='lat' dir='ltr'><strong>tertium</strong></span> <span class='ocrx_word' id='word_1_390' title='bbox 1269 4111 1346 4172; x_wconf 92' lang='lat' dir='ltr'><strong>de</strong></span> <span class='ocrx_word' id='word_1_391' title='bbox 1375 4110 1605 4173; x_wconf 80' lang='lat' dir='ltr'><strong>Anima</strong></span> <span class='ocrx_word' id='word_1_392' title='bbox 1635 4109 1853 4172; x_wconf 87' lang='lat' dir='ltr'><strong>dicens</strong></span> <span class='ocrx_word' id='word_1_393' title='bbox 1881 4125 1894 4170; x_wconf 72' lang='grc' dir='ltr'><strong><em>ε</em></strong></span> 
     </span>
    </p>
   </div>
   <div class='ocr_carea' id='block_1_12' title="bbox 2005 3127 3508 4191">
    <p class='ocr_par' dir='ltr' id='par_1_12' title="bbox 2005 3127 3508 4191">
     <span class='ocr_line' id='line_1_62' title="bbox 2006 3127 3505 3216; baseline -0.007 -16"><span class='ocrx_word' id='word_1_394' title='bbox 2006 3157 2043 3200; x_wconf 92' lang='lat' dir='ltr'><strong>a</strong></span> <span class='ocrx_word' id='word_1_395' title='bbox 2072 3138 2388 3210; x_wconf 88' lang='lat' dir='ltr'><strong>Creatore,</strong></span> <span class='ocrx_word' id='word_1_396' title='bbox 2423 3135 2644 3216; x_wconf 88' lang='lat' dir='ltr'><strong>sicque</strong></span> <span class='ocrx_word' id='word_1_397' title='bbox 2677 3132 2967 3196; x_wconf 90' lang='lat' dir='ltr'><strong>omnium</strong></span> <span class='ocrx_word' id='word_1_398' title='bbox 3006 3127 3505 3191; x_wconf 87' lang='lat' dir='ltr'><strong>substantiarum</strong></span> 
     </span>
     <span class='ocr_line' id='line_1_63' title="bbox 2009 3225 3502 3318; baseline -0.006 -20"><span class='ocrx_word' id='word_1_399' title='bbox 2009 3233 2659 3318; x_wconf 79' lang='lat' dir='ltr'><strong>imperfectissimam,</strong></span> <span class='ocrx_word' id='word_1_400' title='bbox 2706 3249 2844 3294; x_wconf 93' lang='lat' dir='ltr'><strong>esse</strong></span> <span class='ocrx_word' id='word_1_401' title='bbox 2893 3225 3502 3312; x_wconf 88' lang='lat' dir='ltr'><strong>propinquissimam</strong></span> 
     </span>
     <span class='ocr_line' id='line_1_64' title="bbox 2006 3326 3504 3413; baseline -0.007 -17"><span class='ocrx_word' id='word_1_402' title='bbox 2006 3334 2156 3407; x_wconf 92' lang='lat' dir='ltr'><strong>Deo,</strong></span> <span class='ocrx_word' id='word_1_403' title='bbox 2209 3341 2272 3395; x_wconf 92' lang='lat' dir='ltr'><strong>et</strong></span> <span class='ocrx_word' id='word_1_404' title='bbox 2319 3331 2497 3413; x_wconf 88' lang='lat' dir='ltr'><strong>prius</strong></span> <span class='ocrx_word' id='word_1_405' title='bbox 2547 3347 2842 3392; x_wconf 90' lang='lat' dir='ltr'><strong>emanare</strong></span> <span class='ocrx_word' id='word_1_406' title='bbox 2889 3345 2928 3388; x_wconf 93' lang='lat' dir='ltr'><strong>a</strong></span> <span class='ocrx_word' id='word_1_407' title='bbox 2975 3326 3264 3388; x_wconf 87' lang='lat' dir='ltr'><strong>Creatore</strong></span> <span class='ocrx_word' id='word_1_408' title='bbox 3311 3343 3504 3407; x_wconf 91' lang='lat' dir='ltr'><strong>quam</strong></span> 
     </span>
     <span class='ocr_line' id='line_1_65' title="bbox 2007 3423 3508 3513; baseline -0.007 -20"><span class='ocrx_word' id='word_1_409' title='bbox 2007 3431 2290 3513; x_wconf 86' lang='lat' dir='ltr'><strong>aliquam</strong></span> <span class='ocrx_word' id='word_1_410' title='bbox 2332 3428 2602 3491; x_wconf 88' lang='lat' dir='ltr'><strong>aliarum</strong></span> <span class='ocrx_word' id='word_1_411' title='bbox 2639 3445 2653 3489; x_wconf 89' lang='lat'>:</span> <span class='ocrx_word' id='word_1_412' title='bbox 2687 3435 2750 3488; x_wconf 91' lang='lat' dir='ltr'><strong>et</strong></span> <span class='ocrx_word' id='word_1_413' title='bbox 2780 3427 2868 3488; x_wconf 93' lang='lat' dir='ltr'><strong>ita</strong></span> <span class='ocrx_word' id='word_1_414' title='bbox 2907 3423 3378 3506; x_wconf 89' lang='lat' dir='ltr'><strong>imperfectum,</strong></span> <span class='ocrx_word' id='word_1_415' title='bbox 3409 3439 3508 3485; x_wconf 91' lang='lat' dir='ltr'><strong>or-</strong></span> 
     </span>
     <span class='ocr_line' id='line_1_66' title="bbox 2006 3521 3508 3609; baseline -0.005 -18"><span class='ocrx_word' id='word_1_416' title='bbox 2006 3530 2154 3591; x_wconf 90' lang='lat' dir='ltr'><strong>dine</strong></span> <span class='ocrx_word' id='word_1_417' title='bbox 2185 3527 2455 3591; x_wconf 89' lang='lat' dir='ltr'><strong>naturali</strong></span> <span class='ocrx_word' id='word_1_418' title='bbox 2489 3525 2667 3609; x_wconf 89' lang='lat' dir='ltr'><strong>prius</strong></span> <span class='ocrx_word' id='word_1_419' title='bbox 2697 3524 2816 3586; x_wconf 86' lang='lat' dir='ltr'><strong>erit</strong></span> <span class='ocrx_word' id='word_1_420' title='bbox 2852 3522 3154 3606; x_wconf 80' lang='lat' dir='ltr'><strong>perfecto.</strong></span> <span class='ocrx_word' id='word_1_421' title='bbox 3177 3557 3256 3566; x_wconf 97' lang='lat'><strong>—</strong></span> <span class='ocrx_word' id='word_1_422' title='bbox 3277 3521 3508 3594; x_wconf 88' lang='lat' dir='ltr'><strong>Quarto</strong></span> 
     </span>
     <span class='ocr_line' id='line_1_67' title="bbox 2007 3618 3506 3694; baseline -0.007 -5"><span class='ocrx_word' id='word_1_423' title='bbox 2007 3634 2221 3689; x_wconf 89' lang='lat' dir='ltr'><strong>errant</strong></span> <span class='ocrx_word' id='word_1_424' title='bbox 2271 3626 2337 3688; x_wconf 90' lang='lat' dir='ltr'><strong>in</strong></span> <span class='ocrx_word' id='word_1_425' title='bbox 2388 3625 2628 3687; x_wconf 89' lang='lat' dir='ltr'><strong>ratione</strong></span> <span class='ocrx_word' id='word_1_426' title='bbox 2673 3620 3064 3694; x_wconf 82' lang='lat' dir='ltr'><strong>substantiae,</strong></span> <span class='ocrx_word' id='word_1_427' title='bbox 3099 3637 3225 3682; x_wconf 90' lang='lat' dir='ltr'><strong>non</strong></span> <span class='ocrx_word' id='word_1_428' title='bbox 3275 3618 3506 3694; x_wconf 79' lang='lat' dir='ltr'><strong>intelli-</strong></span> 
     </span>
     <span class='ocr_line' id='line_1_68' title="bbox 2005 3717 3508 3808; baseline -0.005 -21"><span class='ocrx_word' id='word_1_429' title='bbox 2005 3733 2226 3808; x_wconf 80' lang='lat' dir='ltr'><strong>gentes</strong></span> <span class='ocrx_word' id='word_1_430' title='bbox 2257 3724 2359 3786; x_wconf 87' lang='lat' dir='ltr'><strong>vel</strong></span> <span class='ocrx_word' id='word_1_431' title='bbox 2398 3741 2526 3786; x_wconf 92' lang='lat' dir='ltr'><strong>non</strong></span> <span class='ocrx_word' id='word_1_432' title='bbox 2567 3723 2986 3793; x_wconf 82' lang='lat' dir='ltr'><strong>advertenteS,</strong></span> <span class='ocrx_word' id='word_1_433' title='bbox 3019 3719 3188 3801; x_wconf 92' lang='lat' dir='ltr'><strong>quod</strong></span> <span class='ocrx_word' id='word_1_434' title='bbox 3220 3717 3508 3780; x_wconf 90' lang='lat' dir='ltr'><strong>substan-</strong></span> 
     </span>
     <span class='ocr_line' id='line_1_69' title="bbox 2005 3817 3505 3903; baseline -0.003 -19"><span class='ocrx_word' id='word_1_435' title='bbox 2005 3824 2094 3886; x_wconf 86' lang='lat' dir='ltr'><strong>tia</strong></span> <span class='ocrx_word' id='word_1_436' title='bbox 2123 3830 2221 3886; x_wconf 91' lang='lat' dir='ltr'><strong>est</strong></span> <span class='ocrx_word' id='word_1_437' title='bbox 2251 3842 2364 3885; x_wconf 92' lang='lat' dir='ltr'><strong>ens</strong></span> <span class='ocrx_word' id='word_1_438' title='bbox 2397 3841 2510 3903; x_wconf 90' lang='lat' dir='ltr'><strong>per</strong></span> <span class='ocrx_word' id='word_1_439' title='bbox 2539 3839 2628 3893; x_wconf 92' lang='lat' dir='ltr'><strong>se,</strong></span> <span class='ocrx_word' id='word_1_440' title='bbox 2663 3820 2725 3881; x_wconf 92' lang='lat' dir='ltr'><strong>id</strong></span> <span class='ocrx_word' id='word_1_441' title='bbox 2757 3827 2854 3882; x_wconf 89' lang='lat' dir='ltr'><strong>est</strong></span> <span class='ocrx_word' id='word_1_442' title='bbox 2883 3836 3009 3880; x_wconf 92' lang='lat' dir='ltr'><strong>non</strong></span> <span class='ocrx_word' id='word_1_443' title='bbox 3051 3817 3341 3896; x_wconf 86' lang='lat' dir='ltr'><strong>indigens</strong></span> <span class='ocrx_word' id='word_1_444' title='bbox 3371 3835 3505 3880; x_wconf 91' lang='lat' dir='ltr'><strong>sus-</strong></span> 
     </span>
     <span class='ocr_line' id='line_1_70' title="bbox 2005 3914 3504 3994; baseline -0.007 -9"><span class='ocrx_word' id='word_1_445' title='bbox 2005 3923 2249 3985; x_wconf 89' lang='lat' dir='ltr'><strong>tinente</strong></span> <span class='ocrx_word' id='word_1_446' title='bbox 2280 3929 2388 3983; x_wconf 89' lang='lat' dir='ltr'><strong>aut</strong></span> <span class='ocrx_word' id='word_1_447' title='bbox 2419 3924 2831 3982; x_wconf 86' lang='lat' dir='ltr'><strong>sustentante.</strong></span> <span class='ocrx_word' id='word_1_448' title='bbox 2866 3917 3070 3990; x_wconf 90' lang='lat' dir='ltr'><strong>Quum</strong></span> <span class='ocrx_word' id='word_1_449' title='bbox 3114 3930 3265 3994; x_wconf 88' lang='lat' dir='ltr'><strong>ergo</strong></span> <span class='ocrx_word' id='word_1_450' title='bbox 3294 3914 3504 3976; x_wconf 89' lang='lat' dir='ltr'><strong>omnis</strong></span> 
     </span>
     <span class='ocr_line' id='line_1_71' title="bbox 2006 4010 3507 4084; baseline -0.007 -2"><span class='ocrx_word' id='word_1_451' title='bbox 2006 4019 2214 4082; x_wconf 83' lang='lat' dir='ltr'><strong>forma</strong></span> <span class='ocrx_word' id='word_1_452' title='bbox 2243 4014 2676 4080; x_wconf 88' lang='lat' dir='ltr'><strong>substantialis</strong></span> <span class='ocrx_word' id='word_1_453' title='bbox 2709 4011 3061 4076; x_wconf 88' lang='lat' dir='ltr'><strong>substantia</strong></span> <span class='ocrx_word' id='word_1_454' title='bbox 3089 4010 3194 4084; x_wconf 89' lang='lat' dir='ltr'><strong>sit,</strong></span> <span class='ocrx_word' id='word_1_455' title='bbox 3219 4027 3344 4072; x_wconf 91' lang='lat' dir='ltr'><strong>non</strong></span> <span class='ocrx_word' id='word_1_456' title='bbox 3375 4027 3507 4073; x_wconf 87' lang='lat' dir='ltr'><strong>om-</strong></span> 
     </span>
     <span class='ocr_line' id='line_1_72' title="bbox 2005 4112 3506 4191; baseline -0.005 -12"><span class='ocrx_word' id='word_1_457' title='bbox 2005 4118 2105 4179; x_wconf 90' lang='lat' dir='ltr'><strong>nis</strong></span> <span class='ocrx_word' id='word_1_458' title='bbox 2156 4115 2361 4177; x_wconf 81' lang='lat' dir='ltr'><strong>forma</strong></span> <span class='ocrx_word' id='word_1_459' title='bbox 2410 4120 2618 4176; x_wconf 86' lang='lat' dir='ltr'><strong>creata</strong></span> <span class='ocrx_word' id='word_1_460' title='bbox 2668 4112 2909 4191; x_wconf 86' lang='lat' dir='ltr'><strong>indiget</strong></span> <span class='ocrx_word' id='word_1_461' title='bbox 2957 4115 3350 4171; x_wconf 85' lang='lat' dir='ltr'><strong>sustentante</strong></span> <span class='ocrx_word' id='word_1_462' title='bbox 3396 4117 3506 4171; x_wconf 92' lang='lat' dir='ltr'><strong>aut</strong></span> 
     </span>
    </p>
   </div>
   <div class='ocr_carea' id='block_1_13' title="bbox 402 4206 3506 4295">
    <p class='ocr_par' dir='ltr' id='par_1_13' title="bbox 402 4206 3506 4295">
     <span class='ocr_line' id='line_1_73' title="bbox 402 4206 3506 4295; baseline -0.006 -9"><span class='ocrx_word' id='word_1_463' title='bbox 402 4211 943 4286; x_wconf 79' lang='lat' dir='ltr'><strong>Quemadmodum</strong></span> <span class='ocrx_word' id='word_1_464' title='bbox 990 4227 1179 4272; x_wconf 85' lang='lat' dir='ltr'><strong>omne</strong></span> <span class='ocrx_word' id='word_1_465' title='bbox 1237 4209 1541 4272; x_wconf 76' lang='lat' dir='ltr'><strong>sensibile</strong></span> <span class='ocrx_word' id='word_1_466' title='bbox 1592 4207 1899 4270; x_wconf 82' lang='lat' dir='ltr'><strong>dividitur</strong></span> <span class='ocrx_word' id='word_1_467' title='bbox 1927 4220 1976 4281; x_wconf 88' lang='lat' dir='ltr'>D</span> <span class='ocrx_word' id='word_1_468' title='bbox 2006 4212 2354 4295; x_wconf 80' lang='lat' dir='ltr'><strong>recipiente</strong></span> <span class='ocrx_word' id='word_1_469' title='bbox 2389 4210 2668 4272; x_wconf 81' lang='lat' dir='ltr'><strong>materia.</strong></span> <span class='ocrx_word' id='word_1_470' title='bbox 2703 4209 2830 4271; x_wconf 87' lang='lat' dir='ltr'><strong>Nec</strong></span> <span class='ocrx_word' id='word_1_471' title='bbox 2869 4206 3105 4287; x_wconf 79' lang='lat' dir='ltr'><strong>indiget</strong></span> <span class='ocrx_word' id='word_1_472' title='bbox 3143 4224 3218 4267; x_wconf 85' lang='lat' dir='ltr'><strong>ea</strong></span> <span class='ocrx_word' id='word_1_473' title='bbox 3248 4213 3506 4288; x_wconf 79' lang='lat' dir='ltr'><strong>propter</strong></span> 
     </span>
    </p>
   </div>
   <div class='ocr_carea' id='block_1_14' title="bbox 402 4307 1904 5370">
    <p class='ocr_par' dir='ltr' id='par_1_14' title="bbox 402 4307 1904 5370">
     <span class='ocr_line' id='line_1_74' title="bbox 404 4307 1897 4381; baseline -0.005 -7"><span class='ocrx_word' id='word_1_474' title='bbox 404 4313 465 4374; x_wconf 90' lang='lat' dir='ltr'><strong>in</strong></span> <span class='ocrx_word' id='word_1_475' title='bbox 514 4311 842 4374; x_wconf 88' lang='lat' dir='ltr'><strong>materiam</strong></span> <span class='ocrx_word' id='word_1_476' title='bbox 890 4316 950 4372; x_wconf 89' lang='lat' dir='ltr'><strong>et</strong></span> <span class='ocrx_word' id='word_1_477' title='bbox 995 4308 1288 4381; x_wconf 83' lang='lat' dir='ltr'><strong>formam,</strong></span> <span class='ocrx_word' id='word_1_478' title='bbox 1331 4307 1423 4369; x_wconf 91' lang='lat' dir='ltr'><strong>sic</strong></span> <span class='ocrx_word' id='word_1_479' title='bbox 1469 4307 1897 4369; x_wconf 90' lang='lat' dir='ltr'><strong>intellectuale</strong></span> 
     </span>
     <span class='ocr_line' id='line_1_75' title="bbox 402 4405 1899 4474; baseline -0.005 -1"><span class='ocrx_word' id='word_1_480' title='bbox 402 4412 463 4474; x_wconf 90' lang='lat' dir='ltr'><strong>in</strong></span> <span class='ocrx_word' id='word_1_481' title='bbox 522 4407 883 4473; x_wconf 89' lang='lat' dir='ltr'><strong>consimilia</strong></span> <span class='ocrx_word' id='word_1_482' title='bbox 938 4407 1095 4469; x_wconf 91' lang='lat' dir='ltr'><strong>istis.</strong></span> <span class='ocrx_word' id='word_1_483' title='bbox 1147 4407 1309 4468; x_wconf 87' lang='lat' dir='ltr'><strong>Hinc</strong></span> <span class='ocrx_word' id='word_1_484' title='bbox 1366 4405 1537 4468; x_wconf 91' lang='lat' dir='ltr'><strong>solus</strong></span> <span class='ocrx_word' id='word_1_485' title='bbox 1588 4407 1753 4468; x_wconf 90' lang='lat' dir='ltr'><strong>Deus</strong></span> <span class='ocrx_word' id='word_1_486' title='bbox 1803 4413 1899 4466; x_wconf 89' lang='lat' dir='ltr'><strong>est</strong></span> 
     </span>
     <span class='ocr_line' id='line_1_76' title="bbox 403 4503 1896 4590; baseline -0.005 -19"><span class='ocrx_word' id='word_1_487' title='bbox 403 4527 559 4590; x_wconf 89' lang='lat' dir='ltr'><strong>pura</strong></span> <span class='ocrx_word' id='word_1_488' title='bbox 604 4507 811 4570; x_wconf 82' lang='lat' dir='ltr'><strong>forma</strong></span> <span class='ocrx_word' id='word_1_489' title='bbox 860 4513 923 4567; x_wconf 90' lang='lat' dir='ltr'><strong>et</strong></span> <span class='ocrx_word' id='word_1_490' title='bbox 968 4512 1147 4566; x_wconf 91' lang='lat' dir='ltr'><strong>actus</strong></span> <span class='ocrx_word' id='word_1_491' title='bbox 1196 4523 1416 4585; x_wconf 89' lang='lat' dir='ltr'><strong>purus.</strong></span> <span class='ocrx_word' id='word_1_492' title='bbox 1462 4503 1679 4566; x_wconf 86' lang='lat' dir='ltr'><strong>Cetera</strong></span> <span class='ocrx_word' id='word_1_493' title='bbox 1727 4520 1896 4564; x_wconf 90' lang='lat' dir='ltr'><strong>com-</strong></span> 
     </span>
     <span class='ocr_line' id='line_1_77' title="bbox 402 4601 1897 4689; baseline -0.005 -20"><span class='ocrx_word' id='word_1_494' title='bbox 402 4606 780 4689; x_wconf 88' lang='lat' dir='ltr'><strong>positionem</strong></span> <span class='ocrx_word' id='word_1_495' title='bbox 830 4603 1067 4664; x_wconf 90' lang='lat' dir='ltr'><strong>habent</strong></span> <span class='ocrx_word' id='word_1_496' title='bbox 1108 4622 1185 4664; x_wconf 88' lang='lat' dir='ltr'><strong>ex</strong></span> <span class='ocrx_word' id='word_1_497' title='bbox 1227 4602 1503 4664; x_wconf 91' lang='lat' dir='ltr'><strong>essentia</strong></span> <span class='ocrx_word' id='word_1_498' title='bbox 1544 4609 1608 4663; x_wconf 94' lang='lat' dir='ltr'><strong>et</strong></span> <span class='ocrx_word' id='word_1_499' title='bbox 1646 4601 1897 4683; x_wconf 90' lang='lat' dir='ltr'><strong>quiddi-</strong></span> 
     </span>
     <span class='ocr_line' id='line_1_78' title="bbox 402 4698 1899 4781; baseline -0.004 -15"><span class='ocrx_word' id='word_1_500' title='bbox 402 4713 543 4776; x_wconf 89' lang='lat' dir='ltr'><strong>tate,</strong></span> <span class='ocrx_word' id='word_1_501' title='bbox 576 4723 693 4765; x_wconf 85' lang='lat' dir='ltr'><strong>seu</strong></span> <span class='ocrx_word' id='word_1_502' title='bbox 737 4721 815 4764; x_wconf 85' lang='lat' dir='ltr'><strong>ex</strong></span> <span class='ocrx_word' id='word_1_503' title='bbox 860 4704 1032 4780; x_wconf 81' lang='lat' dir='ltr'><strong>quod</strong></span> <span class='ocrx_word' id='word_1_504' title='bbox 1072 4711 1165 4760; x_wconf 74' lang='lat' dir='ltr'><strong>est</strong></span> <span class='ocrx_word' id='word_1_505' title='bbox 1215 4707 1278 4762; x_wconf 87' lang='lat' dir='ltr'><strong>et</strong></span> <span class='ocrx_word' id='word_1_506' title='bbox 1326 4721 1449 4779; x_wconf 85' lang='lat' dir='ltr'><strong>quo</strong></span> <span class='ocrx_word' id='word_1_507' title='bbox 1492 4709 1584 4760; x_wconf 77' lang='lat' dir='ltr'><strong>est</strong></span> <span class='ocrx_word' id='word_1_508' title='bbox 1623 4721 1646 4762; x_wconf 87' lang='lat'><strong>.·</strong></span> <span class='ocrx_word' id='word_1_509' title='bbox 1684 4698 1899 4781; x_wconf 84' lang='lat' dir='ltr'><strong>appel-</strong></span> 
     </span>
     <span class='ocr_line' id='line_1_79' title="bbox 402 4797 1893 4882; baseline -0.003 -18"><span class='ocrx_word' id='word_1_510' title='bbox 402 4802 585 4864; x_wconf 90' lang='lat' dir='ltr'><strong>lando</strong></span> <span class='ocrx_word' id='word_1_511' title='bbox 622 4799 1068 4882; x_wconf 89' lang='lat' dir='ltr'><strong>quidditatem,</strong></span> <span class='ocrx_word' id='word_1_512' title='bbox 1100 4818 1227 4876; x_wconf 81' lang='lat' dir='ltr'><strong>quo</strong></span> <span class='ocrx_word' id='word_1_513' title='bbox 1263 4807 1394 4866; x_wconf 55' lang='lat' dir='ltr'><strong>esu</strong></span> <span class='ocrx_word' id='word_1_514' title='bbox 1430 4806 1493 4860; x_wconf 92' lang='lat' dir='ltr'><strong>et</strong></span> <span class='ocrx_word' id='word_1_515' title='bbox 1530 4797 1893 4871; x_wconf 91' lang='lat' dir='ltr'><strong>essentiam,</strong></span> 
     </span>
     <span class='ocr_line' id='line_1_80' title="bbox 404 4895 1899 4978; baseline -0.003 -18"><span class='ocrx_word' id='word_1_516' title='bbox 404 4903 571 4978; x_wconf 83' lang='lat' dir='ltr'><strong>quod</strong></span> <span class='ocrx_word' id='word_1_517' title='bbox 618 4907 731 4958; x_wconf 76' lang='lat' dir='ltr'><strong>esc.</strong></span> <span class='ocrx_word' id='word_1_518' title='bbox 784 4896 896 4959; x_wconf 86' lang='lat' dir='ltr'><strong>Vel</strong></span> <span class='ocrx_word' id='word_1_519' title='bbox 946 4896 1157 4977; x_wconf 89' lang='lat' dir='ltr'><strong>ipsum</strong></span> <span class='ocrx_word' id='word_1_520' title='bbox 1212 4896 1615 4978; x_wconf 88' lang='lat' dir='ltr'><strong>suppositum</strong></span> <span class='ocrx_word' id='word_1_521' title='bbox 1664 4895 1899 4959; x_wconf 90' lang='lat' dir='ltr'><strong>dicitur</strong></span> 
     </span>
     <span class='ocr_line' id='line_1_81' title="bbox 406 4993 1901 5076; baseline -0.001 -19"><span class='ocrx_word' id='word_1_522' title='bbox 406 4999 571 5076; x_wconf 81' lang='lat' dir='ltr'><strong>quod</strong></span> <span class='ocrx_word' id='word_1_523' title='bbox 599 5004 713 5056; x_wconf 80' lang='lat' dir='ltr'><strong>est.</strong></span> <span class='ocrx_word' id='word_1_524' title='bbox 740 5030 819 5042; x_wconf 93' lang='lat'>—</span> <span class='ocrx_word' id='word_1_525' title='bbox 846 4994 991 5056; x_wconf 63' lang='lat' dir='ltr'><strong>Haec</strong></span> <span class='ocrx_word' id='word_1_526' title='bbox 1021 4993 1347 5056; x_wconf 89' lang='lat' dir='ltr'><strong>Henricus.</strong></span> <span class='ocrx_word' id='word_1_527' title='bbox 1372 4994 1604 5055; x_wconf 88' lang='lat' dir='ltr'><strong>Tamen</strong></span> <span class='ocrx_word' id='word_1_528' title='bbox 1637 4993 1701 5055; x_wconf 90' lang='lat' dir='ltr'><strong>in</strong></span> <span class='ocrx_word' id='word_1_529' title='bbox 1733 5011 1901 5056; x_wconf 89' lang='lat' dir='ltr'><strong>com-</strong></span> 
     </span>
     <span class='ocr_line' id='line_1_82' title="bbox 408 5091 1901 5173; baseline -0.002 -17"><span class='ocrx_word' id='word_1_530' title='bbox 408 5095 581 5158; x_wconf 91' lang='lat' dir='ltr'><strong>muni</strong></span> <span class='ocrx_word' id='word_1_531' title='bbox 616 5094 805 5157; x_wconf 89' lang='lat' dir='ltr'><strong>modo</strong></span> <span class='ocrx_word' id='word_1_532' title='bbox 837 5092 1161 5173; x_wconf 90' lang='lat' dir='ltr'><strong>loquendi,</strong></span> <span class='ocrx_word' id='word_1_533' title='bbox 1184 5092 1459 5154; x_wconf 89' lang='lat' dir='ltr'><strong>essentia</strong></span> <span class='ocrx_word' id='word_1_534' title='bbox 1489 5099 1551 5153; x_wconf 88' lang='lat' dir='ltr'><strong>ct</strong></span> <span class='ocrx_word' id='word_1_535' title='bbox 1583 5091 1901 5173; x_wconf 89' lang='lat' dir='ltr'><strong>quidditas</strong></span> 
     </span>
     <span class='ocr_line' id='line_1_83' title="bbox 410 5189 1904 5273; baseline -0.001 -21"><span class='ocrx_word' id='word_1_536' title='bbox 410 5211 521 5273; x_wconf 90' lang='lat' dir='ltr'><strong>pro</strong></span> <span class='ocrx_word' id='word_1_537' title='bbox 558 5192 783 5254; x_wconf 82' lang='lat' dir='ltr'><strong>eodem</strong></span> <span class='ocrx_word' id='word_1_538' title='bbox 825 5197 1205 5269; x_wconf 83' lang='lat' dir='ltr'><strong>sumuntur3</strong></span> <span class='ocrx_word' id='word_1_539' title='bbox 1246 5197 1307 5252; x_wconf 90' lang='lat' dir='ltr'><strong>et</strong></span> <span class='ocrx_word' id='word_1_540' title='bbox 1348 5207 1460 5270; x_wconf 88' lang='lat' dir='ltr'><strong>per</strong></span> <span class='ocrx_word' id='word_1_541' title='bbox 1499 5209 1624 5268; x_wconf 81' lang='lat' dir='ltr'><strong>quo</strong></span> <span class='ocrx_word' id='word_1_542' title='bbox 1663 5199 1778 5260; x_wconf 77' lang='lat' dir='ltr'><strong>est,</strong></span> <span class='ocrx_word' id='word_1_543' title='bbox 1812 5189 1904 5251; x_wconf 92' lang='lat' dir='ltr'><strong>in-</strong></span> 
     </span>
     <span class='ocr_line' id='line_1_84' title="bbox 416 5289 917 5370; baseline -0.006 -18"><span class='ocrx_word' id='word_1_544' title='bbox 416 5289 717 5370; x_wconf 78' lang='lat' dir='ltr'><strong>telligitur</strong></span> <span class='ocrx_word' id='word_1_545' title='bbox 758 5305 917 5350; x_wconf 88' lang='lat' dir='ltr'><strong>esse.</strong></span> 
     </span>
    </p>
   </div>
   <div class='ocr_carea' id='block_1_15' title="bbox 2002 4303 3510 5364">
    <p class='ocr_par' dir='ltr' id='par_1_15' title="bbox 2002 4303 3510 5364">
     <span class='ocr_line' id='line_1_85' title="bbox 2006 4303 3504 4393; baseline -0.004 -20"><span class='ocrx_word' id='word_1_546' title='bbox 2006 4309 2562 4393; x_wconf 88' lang='lat' dir='ltr'><strong>receptibilitatem</strong></span> <span class='ocrx_word' id='word_1_547' title='bbox 2597 4304 3084 4386; x_wconf 84' lang='lat' dir='ltr'><strong>congruentium</strong></span> <span class='ocrx_word' id='word_1_548' title='bbox 3119 4304 3241 4366; x_wconf 91' lang='lat' dir='ltr'><strong>sibi</strong></span> <span class='ocrx_word' id='word_1_549' title='bbox 3273 4303 3504 4367; x_wconf 81' lang='lat' dir='ltr'><strong>forma-</strong></span> 
     </span>
     <span class='ocr_line' id='line_1_86' title="bbox 2006 4405 3503 4489; baseline -0.003 -19"><span class='ocrx_word' id='word_1_550' title='bbox 2006 4427 2172 4479; x_wconf 90' lang='lat' dir='ltr'><strong>rum,</strong></span> <span class='ocrx_word' id='word_1_551' title='bbox 2205 4407 2358 4489; x_wconf 91' lang='lat' dir='ltr'><strong>quia</strong></span> <span class='ocrx_word' id='word_1_552' title='bbox 2405 4408 2568 4468; x_wconf 90' lang='lat' dir='ltr'><strong>hanc</strong></span> <span class='ocrx_word' id='word_1_553' title='bbox 2613 4405 2802 4467; x_wconf 89' lang='lat' dir='ltr'><strong>habet</strong></span> <span class='ocrx_word' id='word_1_554' title='bbox 2846 4423 2921 4466; x_wconf 85' lang='lat' dir='ltr'><strong>ex</strong></span> <span class='ocrx_word' id='word_1_555' title='bbox 2967 4422 3084 4465; x_wconf 91' lang='lat' dir='ltr'><strong>sua</strong></span> <span class='ocrx_word' id='word_1_556' title='bbox 3124 4410 3348 4465; x_wconf 87' lang='lat' dir='ltr'><strong>natura</strong></span> <span class='ocrx_word' id='word_1_557' title='bbox 3391 4422 3503 4466; x_wconf 92' lang='lat' dir='ltr'><strong>seu</strong></span> 
     </span>
     <span class='ocr_line' id='line_1_87' title="bbox 2006 4501 3500 4588; baseline -0.004 -20"><span class='ocrx_word' id='word_1_558' title='bbox 2006 4514 2206 4588; x_wconf 90' lang='lat' dir='ltr'><strong>parte,</strong></span> <span class='ocrx_word' id='word_1_559' title='bbox 2241 4505 2392 4586; x_wconf 88' lang='lat' dir='ltr'><strong>quia</strong></span> <span class='ocrx_word' id='word_1_560' title='bbox 2429 4503 2804 4576; x_wconf 88' lang='lat' dir='ltr'><strong>substantia,</strong></span> <span class='ocrx_word' id='word_1_561' title='bbox 2836 4501 3022 4581; x_wconf 89' lang='lat' dir='ltr'><strong>cujus</strong></span> <span class='ocrx_word' id='word_1_562' title='bbox 3061 4509 3158 4564; x_wconf 88' lang='lat' dir='ltr'><strong>est</strong></span> <span class='ocrx_word' id='word_1_563' title='bbox 3194 4501 3500 4564; x_wconf 89' lang='lat' dir='ltr'><strong>substare.</strong></span> 
     </span>
     <span class='ocr_line' id='line_1_88' title="bbox 2002 4599 3504 4684; baseline -0.004 -18"><span class='ocrx_word' id='word_1_564' title='bbox 2002 4640 2083 4650; x_wconf 93' lang='lat'><strong>—-</strong></span> <span class='ocrx_word' id='word_1_565' title='bbox 2112 4603 2271 4666; x_wconf 84' lang='lat' dir='ltr'><strong>Hinc</strong></span> <span class='ocrx_word' id='word_1_566' title='bbox 2304 4603 2530 4684; x_wconf 89' lang='lat' dir='ltr'><strong>quinto</strong></span> <span class='ocrx_word' id='word_1_567' title='bbox 2566 4608 2777 4664; x_wconf 87' lang='lat' dir='ltr'><strong>errant</strong></span> <span class='ocrx_word' id='word_1_568' title='bbox 2819 4600 2883 4662; x_wconf 91' lang='lat' dir='ltr'><strong>in</strong></span> <span class='ocrx_word' id='word_1_569' title='bbox 2921 4599 3180 4662; x_wconf 88' lang='lat' dir='ltr'><strong>nomine</strong></span> <span class='ocrx_word' id='word_1_570' title='bbox 3215 4599 3504 4662; x_wconf 91' lang='lat' dir='ltr'><strong>substan-</strong></span> 
     </span>
     <span class='ocr_line' id='line_1_89' title="bbox 2005 4696 3498 4780; baseline -0.004 -16"><span class='ocrx_word' id='word_1_571' title='bbox 2005 4702 2128 4774; x_wconf 78' lang='lat' dir='ltr'><strong>tiae,</strong></span> <span class='ocrx_word' id='word_1_572' title='bbox 2164 4719 2292 4763; x_wconf 91' lang='lat' dir='ltr'><strong>non</strong></span> <span class='ocrx_word' id='word_1_573' title='bbox 2341 4700 2736 4762; x_wconf 89' lang='lat' dir='ltr'><strong>attendentes</strong></span> <span class='ocrx_word' id='word_1_574' title='bbox 2781 4697 3228 4780; x_wconf 82' lang='lat' dir='ltr'><strong>etymologiam</strong></span> <span class='ocrx_word' id='word_1_575' title='bbox 3277 4696 3498 4778; x_wconf 90' lang='lat' dir='ltr'><strong>ipsius.</strong></span> 
     </span>
     <span class='ocr_line' id='line_1_90' title="bbox 2007 4794 3504 4875; baseline -0.003 -14"><span class='ocrx_word' id='word_1_576' title='bbox 2007 4798 2371 4863; x_wconf 84' lang='lat' dir='ltr'><strong>Substantia</strong></span> <span class='ocrx_word' id='word_1_577' title='bbox 2428 4796 2666 4859; x_wconf 91' lang='lat' dir='ltr'><strong>etenim</strong></span> <span class='ocrx_word' id='word_1_578' title='bbox 2715 4796 2884 4858; x_wconf 88' lang='lat' dir='ltr'><strong>dicta</strong></span> <span class='ocrx_word' id='word_1_579' title='bbox 2938 4803 3034 4857; x_wconf 87' lang='lat' dir='ltr'><strong>est</strong></span> <span class='ocrx_word' id='word_1_580' title='bbox 3080 4794 3160 4856; x_wconf 89' lang='lat' dir='ltr'><strong>ab</strong></span> <span class='ocrx_word' id='word_1_581' title='bbox 3210 4811 3286 4856; x_wconf 91' lang='lat' dir='ltr'><strong>eo</strong></span> <span class='ocrx_word' id='word_1_582' title='bbox 3335 4795 3504 4875; x_wconf 92' lang='lat' dir='ltr'><strong>quod</strong></span> 
     </span>
     <span class='ocr_line' id='line_1_91' title="bbox 2008 4891 3505 4974; baseline -0.003 -15"><span class='ocrx_word' id='word_1_583' title='bbox 2008 4903 2131 4960; x_wconf 88' lang='lat' dir='ltr'><strong>stat</strong></span> <span class='ocrx_word' id='word_1_584' title='bbox 2169 4896 2312 4967; x_wconf 91' lang='lat' dir='ltr'><strong>sub,</strong></span> <span class='ocrx_word' id='word_1_585' title='bbox 2346 4913 2472 4957; x_wconf 89' lang='lat' dir='ltr'><strong>non</strong></span> <span class='ocrx_word' id='word_1_586' title='bbox 2514 4895 2593 4956; x_wconf 90' lang='lat' dir='ltr'><strong>ab</strong></span> <span class='ocrx_word' id='word_1_587' title='bbox 2633 4911 2708 4956; x_wconf 90' lang='lat' dir='ltr'><strong>eo</strong></span> <span class='ocrx_word' id='word_1_588' title='bbox 2746 4893 2913 4974; x_wconf 90' lang='lat' dir='ltr'><strong>quod</strong></span> <span class='ocrx_word' id='word_1_589' title='bbox 2954 4899 3076 4955; x_wconf 91' lang='lat' dir='ltr'><strong>stat</strong></span> <span class='ocrx_word' id='word_1_590' title='bbox 3112 4911 3304 4973; x_wconf 90' lang='lat' dir='ltr'><strong>supra</strong></span> <span class='ocrx_word' id='word_1_591' title='bbox 3337 4909 3351 4953; x_wconf 90' lang='lat'><strong>:</strong></span> <span class='ocrx_word' id='word_1_592' title='bbox 3385 4891 3505 4955; x_wconf 88' lang='lat' dir='ltr'><strong>sic-</strong></span> 
     </span>
     <span class='ocr_line' id='line_1_92' title="bbox 2010 4989 3508 5077; baseline -0.003 -21"><span class='ocrx_word' id='word_1_593' title='bbox 2010 5013 2135 5077; x_wconf 88' lang='lat' dir='ltr'><strong>que</strong></span> <span class='ocrx_word' id='word_1_594' title='bbox 2166 5001 2374 5074; x_wconf 91' lang='lat' dir='ltr'><strong>potest</strong></span> <span class='ocrx_word' id='word_1_595' title='bbox 2405 4991 2689 5072; x_wconf 88' lang='lat' dir='ltr'><strong>recipere</strong></span> <span class='ocrx_word' id='word_1_596' title='bbox 2719 4997 2906 5071; x_wconf 92' lang='lat' dir='ltr'><strong>atque</strong></span> <span class='ocrx_word' id='word_1_597' title='bbox 2937 4990 3243 5052; x_wconf 90' lang='lat' dir='ltr'><strong>substare.</strong></span> <span class='ocrx_word' id='word_1_598' title='bbox 3262 5025 3343 5036; x_wconf 90' lang='lat'><strong>—-</strong></span> <span class='ocrx_word' id='word_1_599' title='bbox 3363 4989 3508 5052; x_wconf 87' lang='lat' dir='ltr'><strong>Sex-</strong></span> 
     </span>
     <span class='ocr_line' id='line_1_93' title="bbox 2011 5087 3508 5170; baseline -0.002 -17"><span class='ocrx_word' id='word_1_600' title='bbox 2011 5099 2077 5155; x_wconf 87' lang='lat' dir='ltr'><strong>to</strong></span> <span class='ocrx_word' id='word_1_601' title='bbox 2106 5097 2318 5153; x_wconf 88' lang='lat' dir='ltr'><strong>errant</strong></span> <span class='ocrx_word' id='word_1_602' title='bbox 2351 5090 2416 5150; x_wconf 91' lang='lat' dir='ltr'><strong>in</strong></span> <span class='ocrx_word' id='word_1_603' title='bbox 2456 5087 2900 5170; x_wconf 81' lang='lat' dir='ltr'><strong>superfluitate</strong></span> <span class='ocrx_word' id='word_1_604' title='bbox 2944 5087 3276 5169; x_wconf 89' lang='lat' dir='ltr'><strong>positionis</strong></span> <span class='ocrx_word' id='word_1_605' title='bbox 3314 5087 3508 5167; x_wconf 88' lang='lat' dir='ltr'><strong>hujus</strong></span> 
     </span>
     <span class='ocr_line' id='line_1_94' title="bbox 2014 5185 3510 5269; baseline -0.003 -18"><span class='ocrx_word' id='word_1_606' title='bbox 2014 5189 2296 5252; x_wconf 79' lang='lat' dir='ltr'><strong>materiae</strong></span> <span class='ocrx_word' id='word_1_607' title='bbox 2331 5205 2344 5249; x_wconf 91' lang='lat'><strong>:</strong></span> <span class='ocrx_word' id='word_1_608' title='bbox 2380 5186 2548 5269; x_wconf 91' lang='lat' dir='ltr'><strong>quod</strong></span> <span class='ocrx_word' id='word_1_609' title='bbox 2593 5185 3003 5247; x_wconf 81' lang='lat' dir='ltr'><strong>manifestum</strong></span> <span class='ocrx_word' id='word_1_610' title='bbox 3046 5191 3144 5247; x_wconf 89' lang='lat' dir='ltr'><strong>est</strong></span> <span class='ocrx_word' id='word_1_611' title='bbox 3183 5203 3262 5247; x_wconf 87' lang='lat' dir='ltr'><strong>ex</strong></span> <span class='ocrx_word' id='word_1_612' title='bbox 3305 5185 3510 5247; x_wconf 90' lang='lat' dir='ltr'><strong>consi-</strong></span> 
     </span>
     <span class='ocr_line' id='line_1_95' title="bbox 2018 5281 3510 5364; baseline -0.003 -14"><span class='ocrx_word' id='word_1_613' title='bbox 2018 5285 2344 5350; x_wconf 86' lang='lat' dir='ltr'><strong>deratione</strong></span> <span class='ocrx_word' id='word_1_614' title='bbox 2375 5283 2722 5347; x_wconf 83' lang='lat' dir='ltr'><strong>formarum</strong></span> <span class='ocrx_word' id='word_1_615' title='bbox 2759 5300 3029 5364; x_wconf 88' lang='lat' dir='ltr'><strong>quarum</strong></span> <span class='ocrx_word' id='word_1_616' title='bbox 3063 5281 3510 5364; x_wconf 89' lang='lat' dir='ltr'><strong>susceptibiles</strong></span> 
     </span>
    </p>
   </div>
  </div>
 </body>
</html>
