4334 6242
788 512 868 576 22
1549 532 1826 578 EPHOMAE
1867 529 2333 577 msTchIomJu
2376 529 2533 576 unm
2576 529 2620 575 11
2664 528 3127 574 SENTENTIARUM

791 699 1041 767 diabole,
1073 717 1108 758 a
1136 703 1250 760 Deo
1281 707 1476 760 autem
1509 702 1676 760 nobis
1701 718 1825 759 esse
1853 705 2082 758 tuntum
2113 704 2286 757 rectae
2311 701 2363 762 A
2393 715 2577 772 oequo,
2610 698 2877 772 quamvis
2924 698 3166 771 aequitas
3212 698 3311 754 illa
3359 714 3465 754 nos
3512 697 3705 755 lateat.
3743 697 3885 753 Hinc

791 789 1037 846 actionis
1087 792 1426 863 potentiam,
1475 791 1626 848 sieut
1672 793 1742 849 de
1786 791 1943 847 mala
1987 790 2284 847 voluntate
2393 805 2499 846 nee
2525 788 2674 844 valet
2703 791 2860 860 quod
2889 788 2948 844 in
2978 787 3307 860 oppositum
3342 787 3455 844 dici
3492 787 3886 860 possetzErgo

791 878 1022 936 dicitur.
1052 882 1163 937 Sed
1193 882 1301 937 hoe
1340 881 1650 955 Scripturis
1687 881 2047 938 contrarium
2076 884 2181 945 est,
2213 897 2284 936 ex
2394 877 2660 950 potestati
2689 877 2921 950 tyranni
2951 877 3039 934 vel
3080 876 3311 934 diabolo
3350 893 3468 933 non
3497 881 3584 933 est
3620 875 3887 932 resisten-

791 967 1003 1040 quibus
1031 973 1258 1026 constat
1290 971 1606 1042 potentiam
1649 987 1905 1032 omnem.
1938 971 2154 1026 nedum
2190 971 2285 1026 be·
2394 970 2557 1032 dum,
2598 983 2665 1024 eo
2712 969 2869 1040 quod
2911 966 3219 1038 Apostolus
3260 967 3419 1030 dicit,
3465 966 3573 1031 Qui
3620 965 3885 1037 potestati

794 1071 866 1111 ne
903 1056 1134 1127 agendi,
1165 1073 1368 1114 verum
1395 1057 1571 1114 etiam
1606 1057 1904 1129 peccandi,
1935 1074 1969 1112 a
1999 1058 2113 1113 Deo
2143 1056 2281 1113 fore.
2393 1057 2627 1120 resistit,
2647 1056 2745 1113 Dei
2776 1055 3131 1113 ordinationi
3160 1055 3393 1112 resistit.
3411 1055 3527 1110 Etsi
3556 1053 3713 1111 enim
3743 1071 3889 1111 sem-

791 1145 918 1200 Non
956 1145 1114 1201 enim
1146 1149 1232 1203 est
1267 1150 1536 1220 potestas,
1567 1149 1892 1204 secundum
1922 1148 2281 1219 Apostolum,
2396 1164 2498 1219 per
2537 1147 2926 1203 obediendum
2977 1145 3052 1200 sit
3092 1163 3127 1202 a
3172 1145 3405 1203 subdito
3447 1145 3557 1217 ipsi
3601 1143 3886 1217 potestati,

793 1233 906 1289 nisi
935 1250 972 1289 a
1001 1235 1131 1290 De0.
1161 1237 1248 1291 Ad
1288 1238 1441 1308 quod
1482 1238 1539 1293 et
1565 1235 1679 1292 alia
1718 1236 1993 1308 pleraque
2025 1236 2286 1308 adstipu-
2396 1252 2511 1292 non
2542 1239 2740 1292 tamen
2768 1235 2977 1293 abusui
3015 1236 3159 1308 eJus‚
3192 1253 3306 1307 quo
3336 1238 3539 1290 contra
3576 1235 3757 1290 Deum
3789 1252 3889 1306 po·

793 1323 1005 1387 lantur,
1024 1327 1090 1380 ut
1116 1323 1175 1378 in
1205 1323 1412 1380 littera.
1435 1326 1632 1398 Neque
1651 1341 1784 1381 vero
1805 1342 1908 1398 per
1925 1327 2033 1382 hoc
2063 1326 2289 1383 malitia
2394 1329 2571 1383 testas
2608 1325 2805 1398 aliqua
2843 1325 3119 1397 praecipit.
3155 1325 3300 1381 Nam
3331 1313 3479 1380 ‘tunc
3523 1322 3888 1396 praecipiente

792 1411 1124 1478 voluntatis,
1146 1415 1248 1469 sed
1280 1416 1529 1485 potestas
1559 1431 1674 1486 qua
1703 1413 1854 1471 male
1883 1430 2061 1487 agens
2087 1415 2289 1472 volens
2396 1417 2747 1486 contempto,
2777 1413 2887 1485 ipsi
2927 1416 3040 1470 Deo
3079 1418 3166 1470 est
3202 1415 3746 1485 obtemperandum.

795 1500 1070 1602 abjlfflurae
1102 1519 1137 1558 Β
1183 1503 1298 1558 ¹30⁰
1344 1519 1468 1559 esse
1515 1503 1745 1560 dieitur·
1776 1504 1892 1559 Nec
1937 1505 2285 1577 cujusquam
2396 1531 2594 1582 Omnis
2624 1534 2686 1582 ut
2712 1534 2922 1581 aet-erno
2950 1529 3102 1580 venit
3130 1544 3201 1580 ex
3228 1531 3457 1581 auctore
3487 1532 3757 1593 potestas,

795 1607 878 1648 rei
932 1593 1184 1664 potestas
1238 1591 1475 1650 aliunde
1521 1609 1644 1650 esse
1696 1595 1882 1666 potest
1933 1593 2046 1649 nisi
2089 1611 2126 1650 a
2173 1595 2287 1651 Deo
2462 1603 2726 1655 Patrandi
2763 1601 2992 1654 sceleris
3023 1601 3105 1652 sio
3134 1600 3287 1652 venit
3315 1600 3433 1667 ipse
3464 1599 3639 1664 vigor.
