4334 6242
1020 532 1165 589 omn
1207 532 1301 579 srr
1344 530 1571 579 coewu
1611 528 1964 589 curvarunt,
2005 531 2081 577 ar
2120 529 2322 587 omna
2365 530 2458 579 sn·
2499 530 2804 579 counrrmt
3341 512 3458 581 153

352 710 781 777 mamentum,
844 722 959 787 per
1015 705 1183 786 quod
1244 703 1479 767 coelum
1537 702 1855 767 sidereum
1887 702 1939 765 A
1968 711 2037 765 ut
2086 712 2259 786 patet
2315 722 2430 787 per
2477 704 2596 767 hoc
2644 703 2814 785 quod
2866 704 3081 767 lumen
3130 704 3456 767 stellarum

136 842 197 869 ω..
218 841 245 877 1,
292 861 305 870 .
351 801 751 884 intelligunt,
786 820 913 865 non
960 803 1023 865 in
1066 803 1385 886 principio
1426 802 1535 864 sed
1582 802 1860 865 secunda

350 902 465 964 die
509 901 744 963 dicitur
780 902 1038 963 factum.
1074 902 1342 964 Basilius
1382 920 1533 964 vero
1570 902 1713 964 ideo
1752 919 1860 984 po-

352 999 457 1061 nit
510 1001 648 1074 hoc,
691 1018 771 1061 ne
821 999 1113 1061 videatur
1159 1001 1325 1063 Deus
1375 1018 1536 1083 opus
1582 1019 1770 1063 suum
1822 1020 1858 1062 a

352 1098 643 1161 tenebris
674 1098 1005 1161 inchoasse
1030 1100 1237 1180 :quod
1268 1100 1591 1163 Manichaei
1625 1099 1761 1161 calu
1773 1118 1860 1161 m-

352 1197 651 1275 niantur3
674 1197 843 1259 unde
874 1204 937 1259 et
968 1198 1159 1259 deum
1188 1197 1421 1260 veteris
1451 1198 1853 1271 Testamenti,

353 1297 553 1357 deum
614 1294 945 1357 nominant
1004 1295 1431 1358 tenebrarum.
1486 1297 1591 1359 Ha}
1643 1303 1855 1359 autem

352 1393 632 1457 rationes
662 1412 789 1456 non
822 1394 1101 1456 multum
1132 1402 1380 1475 cogunt.
1397 1395 1665 1468 Quaestio
1693 1414 1860 1458 nam-

355 1512 487 1575 que-
525 1492 603 1555 de
642 1492 1071 1565 firmamentO,
1105 1494 1275 1575 quod
1314 1494 1593 1556 secunda
1631 1494 1735 1557 die
1766 1494 1859 1556 di-

356 1591 529 1653 citur
567 1591 831 1665 factum,
866 1591 1049 1653 aliter
1088 1590 1357 1654 solvitur
1394 1591 1475 1653 ab
1503 1592 1861 1672 Augustino

356 1708 433 1751 ac
462 1689 607 1750 aliis
638 1690 902 1753 Sanctis
939 1689 1223 1770 Objectio
1252 1707 1404 1752 vero
1435 1690 1512 1752 de
1554 1690 1855 1764 tenebris,

356 1789 713 1851 secundum
762 1788 1189 1870 Augustinum
1249 1788 1518 1852 solvitur
1572 1807 1685 1871 per
1738 1789 1858 1852 hoc

1966 802 2282 876 videmus,
2333 820 2462 865 non
2509 802 2911 865 obstantibus
2965 803 3192 865 mediis
3242 802 3458 882 eoelis3

1968 908 2178 983 potest
2241 901 2426 964 aliter
2481 901 2872 983 responderi,
2932 902 3226 965 videlicet
3293 902 3460 984 quod

1971 1000 2206 1061 coelum
2246 1019 2618 1083 empyreum
2660 999 2851 1063 habet
2891 1000 3098 1063 lucem
3149 1019 3274 1064 non
3316 1019 3462 1063 con-

1968 1098 2319 1172 densatam,
2359 1106 2616 1181 propter
2653 1099 2824 1180 quod
2865 1098 3070 1161 radios
3115 1117 3241 1161 non
3285 1099 3467 1161 emit-

1969 1195 2065 1270 tit,
2120 1197 2231 1260 sed
2291 1196 2642 1275 subtilem3
2701 1196 2802 1259 vel
2862 1196 3052 1259 habet
3111 1196 3464 1260 claritatem

1966 1294 2205 1375 gloriae,
2241 1314 2381 1376 quae
2415 1313 2542 1357 non
2581 1302 2676 1358 est
2707 1296 2977 1357 claritati
3007 1296 3278 1359 naturali
3321 1314 3466 1359 con-

1967 1393 2212 1455 formiS.

2049 1492 2334 1574 Denique
2363 1494 2754 1573 Augustinus
2794 1494 3042 1556 decimo
3081 1494 3158 1556 de
3198 1494 3464 1557 Civitate

1970 1590 2080 1652 Dei
2116 1597 2404 1665 testatur,
2439 1592 2609 1673 quod
2644 1592 3026 1675 Porphyrius
3065 1592 3464 1655 discernebat

1968 1707 2005 1750 a
2034 1688 2432 1751 daemonibus
2467 1690 2741 1771 angelos,
2768 1690 2854 1753 ita
2883 1698 2954 1751 ut
2981 1691 3153 1753 aeria
3182 1691 3318 1754 loca
3347 1692 3467 1755 dae-

1972 1804 2260 1861 monum,
2284 1788 2557 1851 aetherea
2585 1807 2698 1851 seu
2729 1808 3029 1872 empyrea
3059 1809 3199 1852 esse
3228 1790 3467 1853 diceret

360 1887 531 1968 quod
581 1887 961 1961 informita8‚
1003 1907 1144 1970 quae
1192 1907 1307 1969 per
1357 1887 1647 1950 tenebras
1694 1888 1857 1951 desi·
1893 1881 1942 1945 B
1971 1885 2364 1966 angelorum.
2401 1886 2521 1949 Sed
2564 1887 2948 1969 Porphyrius
2989 1894 3289 1969 tanquam
3336 1889 3469 1951 Pla-

356 1992 609 2066 gnatur,
642 2004 769 2049 non
815 1986 1139 2067 praecessit
1178 1986 1622 2049 formationem
1675 1988 1858 2049 dura-

362 2082 533 2146 tione
574 2100 686 2145 seu
728 2089 1037 2164 tempore,
1070 2083 1179 2145 sed
1219 2083 1462 2164 origine
1495 2102 1605 2145 seu
1638 2082 1859 2145 ordine

360 2189 622 2244 naturae.
650 2181 841 2243 Porro
872 2181 1223 2243 secundum
1256 2181 1435 2256 alim,
1458 2200 1659 2263 quum
1693 2189 1861 2244 tene-

361 2278 493 2343 brae
532 2296 655 2341 non
697 2279 827 2341 sint
856 2287 1143 2341 creatura
1178 2279 1414 2361 aliqua,
1448 2281 1556 2342 sed
1592 2280 1863 2362 privatio

364 2377 548 2451 lucis,
579 2377 863 2439 divinam
898 2378 1272 2460 sapientiam
1305 2385 1657 2453 attestatur,
1692 2381 1861 2460 quod

363 2495 437 2538 ea
470 2494 613 2557 quae
652 2476 951 2558 produxit
988 2494 1063 2539 ex
1096 2477 1319 2550 nihilo,
1353 2478 1562 2560 primo
1598 2478 1663 2539 in
1696 2485 1861 2540 statu

366 2573 873 2657 imperfectionis
914 2575 1211 2651 instituit,
1246 2584 1464 2659 postea
1493 2594 1645 2639 vero
1681 2596 1756 2639 ea
1784 2578 1862 2639 ad

368 2672 722 2755 perfectum
771 2674 1053 2735 deduxit.
1088 2710 1169 2719 —
1200 2675 1408 2737 Potest
1455 2682 1667 2738 autem
1718 2694 1866 2737 con-

366 2770 725 2833 venientius
776 2771 936 2834 ratio
983 2773 1152 2834 sumi
1202 2792 1278 2835 ex
1322 2774 1683 2836 conditione
1732 2774 1862 2856 glo-

367 2869 494 2931 riae.
531 2868 947 2951 Exspectatur
975 2871 1275 2952 equidem
1309 2871 1373 2933 in
1409 2871 1624 2933 futura
1658 2891 1865 2935 remu-

364 2968 673 3031 neratione
699 2968 899 3048 gloria
927 2969 1177 3050 duplex,
1190 2969 1485 3031 videlicet
1515 2970 1863 3052 spiritualis

1972 1984 2222 2047 tonicus
2282 1986 2516 2048 coelum
2571 1986 2890 2048 sidereum
2945 1987 3155 2070 posuit
3208 1987 3464 2069 igneum

1970 2102 2108 2145 esse
2172 2102 2186 2145 :
2250 2083 2518 2166 ideoque
2579 2085 2830 2147 vocavit
2893 2104 3266 2168 empyreum
3331 2088 3466 2150 sive

1970 2181 2333 2255 aethereum,
2358 2190 2546 2263 prout
2575 2200 2802 2246 nomen
2833 2183 3084 2246 aetheris
3115 2184 3194 2245 ab
3227 2184 3468 2247 inflam-

1972 2281 2249 2343 matione
2292 2282 2625 2363 accipitur,
2659 2299 2784 2343 non
2831 2288 2900 2343 ut
2943 2282 3310 2345 Aristoteles
3350 2284 3460 2355 ait,

1970 2399 2006 2441 a
2038 2387 2248 2442 motus
2278 2380 2629 2442 velocitate.
2664 2379 2837 2454 Quod
2871 2380 3012 2443 dico
3043 2400 3124 2442 ne
3153 2381 3299 2462 quis
3329 2381 3464 2462 opi-

1971 2484 2159 2539 netur
2187 2477 2613 2557 Augustinum
2653 2477 2942 2559 posuisse
2977 2477 3208 2540 coelum
3252 2497 3466 2561 empy-

1972 2594 2151 2637 reum
2206 2575 2373 2637 sicut
2420 2594 2591 2637 nunc
2634 2576 2894 2657 ponitur
2933 2594 2970 2637 a
3014 2576 3354 2639 modernis.
3384 2611 3466 2623 —-

1972 2674 2115 2736 Haec
2159 2673 2450 2737 ThomaS.

2053 2772 2234 2835 Circa
2281 2772 2412 2835 haec
2461 2771 2773 2835 dubitatio
2815 2772 3018 2835 oritur
3059 2792 3134 2835 ex
3178 2791 3255 2836 eo
3295 2775 3466 2856 quod

1972 2871 2242 2934 Thomas
2271 2870 2549 2933 affirmat
2576 2871 2987 2953 Porphyrium
3018 2880 3313 2953 tanquam
3343 2873 3470 2935 Pla-

1974 2969 2257 3031 tonicum
2291 2970 2633 3032 aestimasse
2672 2970 2903 3032 coelum
2944 2971 3259 3034 sidereum
3294 2971 3468 3051 igne—

366 3075 429 3129 et
474 3067 843 3149 corporaliS,
883 3085 1007 3130 non
1054 3067 1259 3130 solum
1312 3068 1379 3130 in
1426 3068 1861 3149 glorificandis
1899 3062 1944 3127 C
1976 3086 2083 3128 um
2134 3086 2292 3129 esse.
2327 3068 2442 3130 Per
2484 3068 2654 3150 quod
2699 3068 2908 3131 innuit
2950 3069 3218 3132 Thomas
3267 3070 3466 3133 Plato-

371 3165 663 3228 humanis
728 3166 1125 3249 corporibuS,
1188 3167 1299 3230 sed
1356 3167 1548 3230 etiam
1612 3168 1673 3230 in
1734 3175 1863 3231 toto

372 3264 605 3328 mundo
636 3265 1015 3327 innovando.
1051 3265 1348 3327 inchoata
1374 3272 1467 3327 est
1495 3274 1708 3327 autem
1741 3268 1865 3349 spi-

371 3362 613 3427 ritualis
660 3362 863 3445 gloria
903 3382 941 3425 a
984 3363 1207 3425 mundi
1250 3362 1569 3445 principio
1613 3364 1677 3426 in
1723 3364 1866 3428 bea-

110 3478 239 3583 ἕαυι
256 3494 345 3529 m..
368 3460 638 3524 titudine
666 3460 1054 3543 angelorum,
1069 3478 1339 3543 quorum
1368 3461 1689 3542 aequalitas
1720 3463 1866 3525 San-

370 3560 483 3623 ctis
527 3559 941 3643 promittitur.
977 3560 1137 3622 Hinc
1187 3560 1310 3622 fuit
1356 3561 1742 3623 conveniens
1793 3569 1864 3624 ut

367 3660 553 3722 etiam
586 3678 625 3721 a
655 3658 976 3741 principio
1005 3658 1351 3740 corporalis
1380 3658 1583 3739 gloria
1613 3659 1864 3724 inchoa·

366 3766 537 3819 retur
586 3758 652 3820 in
700 3757 917 3839 aliquo
962 3774 1224 3839 corpore
1267 3757 1436 3839 quod
1481 3757 1561 3820 ab
1604 3759 1861 3822 exordio

365 3856 573 3919 saeculi
608 3856 803 3919 fuerit
832 3856 1073 3937 absque
1104 3855 1407 3918 servitute
1440 3857 1859 3938 corruptionis

363 3962 423 4017 et
460 3954 928 4028 mutabilitatis,
970 3960 1161 4035 atque
1203 3954 1479 4016 totaliter
1517 3954 1800 4017 lucidum
1842 3974 1855 4017 :

365 4053 895 4135 quemadmodum
970 4058 1099 4114 tota
1161 4052 1505 4133 corporalis
1574 4061 1860 4115 creatura

366 4157 763 4233 exspectatur
816 4158 961 4232 post
1024 4152 1553 4213 resurrectionem
1622 4152 1853 4215 futura.

1973 3184 2121 3226 nem
2154 3164 2241 3227 ita
2271 3166 2546 3228 sensisse
2583 3184 2596 3228 :
2631 3167 2800 3248 quod
2834 3184 2961 3228 non
2993 3166 3263 3229 videtur.
3298 3168 3468 3230 Dixit

1971 3264 2144 3326 enim
2179 3264 2412 3327 coelum
2455 3265 2612 3327 illud
2651 3284 2926 3347 aqueum
2967 3284 3127 3341 esse,
3161 3274 3223 3329 et
3251 3267 3468 3331 stellas

1971 3381 2049 3423 ex
2084 3363 2252 3443 igne,
2284 3371 2355 3424 ut
2395 3362 2560 3425 infra
2597 3364 2857 3445 patebit.
2891 3400 2972 3409 --
3000 3364 3262 3438 RursuS,
3296 3367 3466 3448 quod

1971 3462 2244 3524 Thomas
2275 3461 2499 3523 scribit
2538 3462 2771 3526 coelum
2811 3482 3184 3545 empyreum
3215 3482 3343 3526 non
3377 3464 3468 3527 in-

1970 3558 2176 3621 veniri
2234 3560 2512 3641 positum
2568 3560 2691 3622 nisi
2749 3561 3232 3624 auctoritatibus
3285 3562 3466 3626 Bedae

1970 3665 2033 3719 et
2072 3658 2280 3720 Strabi
2319 3665 2508 3739 atque
2547 3658 2786 3732 Basilii,
2820 3659 3234 3742 impugnatur
3267 3678 3281 3721 :
3317 3660 3468 3741 quia

1971 3757 2138 3837 quod
2184 3756 2272 3818 ait
2315 3757 2740 3819 Damascenus
2781 3758 2946 3821 libro
2994 3760 3296 3833 secund0,
3331 3760 3466 3823 Coe—

1972 3854 2104 3917 lum
2154 3864 2252 3917 est
2300 3855 2690 3917 continentia
2731 3855 3084 3919 visibilium
3136 3865 3201 3919 et
3251 3858 3468 3920 invisi-

1971 3953 2222 4028 bilium,
2257 3971 2384 4015 non
2415 3953 2785 4016 verificatur
2817 3956 3069 4037 proprie
3100 3974 3217 4018 nec
3249 3975 3468 4018 secun-

1970 4053 2122 4114 dum
2155 4053 2524 4115 Damasceni
2558 4052 2998 4127 intentionem,
3033 4053 3156 4117 nisi
3193 4054 3271 4116 dc
3303 4054 3464 4117 coelo

1968 4167 2287 4231 empyreo,
2323 4150 2582 4231 Propter
2622 4151 2790 4231 quod
2832 4150 2998 4213 libro
3039 4152 3118 4213 de
3158 4151 3466 4233 Coaequae·

366 4250 485 4312 Nec
514 4268 591 4312 ex
623 4250 725 4312 his
756 4248 1043 4332 sequitur
1074 4250 1237 4331 quod
1270 4249 1584 4313 illuminet
1614 4270 1853 4313 aerem:
1888 4250 1937 4311 D
1968 4246 2064 4309 vis
2096 4248 2319 4309 scribit
2351 4246 2645 4311 Albertus
2681 4266 2695 4310 ε
2731 4249 2942 4311 Sancti
2972 4249 3216 4323 dicunt,
3250 4250 3465 4313 Dama-

367 4349 509 4430 quia
538 4355 609 4411 ut
637 4348 703 4410 in
734 4348 1015 4411 secundo
1038 4348 1468 4412 Hexaemeron
1496 4350 1727 4411 fatetur
1749 4351 1860 4412 Ba—

366 4447 561 4520 silius,
595 4446 831 4510 coelum
871 4446 1114 4509 factum
1154 4455 1250 4509 est
1288 4448 1673 4511 rotunditate
1710 4467 1857 4512 con—

366 4544 633 4613 clusum,
677 4543 919 4607 habens
968 4563 1199 4629 corpus
1248 4546 1550 4627 spissum,
1583 4566 1656 4609 ac
1702 4548 1857 4610 adeo

366 4644 641 4705 validum
696 4651 767 4704 ut
818 4644 1019 4725 possit
1070 4664 1145 4706 ea
1193 4664 1335 4726 quae
1387 4645 1701 4707 habentur
1751 4665 1856 4708 ex-

364 4740 695 4815 trinsecus,
719 4741 801 4804 ab
835 4741 1245 4805 interioribus
1277 4762 1589 4825 separare.
1613 4743 1704 4806 Ob
1737 4744 1855 4808 hoc

364 4840 715 4902 necessario
744 4840 1067 4921 regionem
1098 4841 1383 4904 relictam
1418 4850 1561 4924 post
1590 4862 1678 4917 se,
1716 4843 1855 4905 luce

364 4945 677 5000 carentem
720 4937 1071 5011 coustituit,
1108 4945 1327 5021 utpote
1358 4939 1603 5021 fulgore
1635 4960 1854 5022 super-

364 5034 641 5097 radiante
690 5035 837 5099 coeli
880 5036 1163 5118 empyrei
1207 5037 1467 5099 excluso
1513 5058 1550 5100 a
1597 5038 1853 5120 regione

366 5132 665 5195 inferiori.
700 5132 823 5195 Sed
854 5134 1155 5215 quoniam
1200 5152 1431 5216 corpus
1462 5134 1852 5198 firmamenti

364 5229 477 5292 etsi
524 5230 609 5293 sit
662 5230 963 5303 solidum,
1013 5239 1226 5295 tamen
1286 5233 1674 5315 diaphanum
1734 5242 1850 5308 est,

366 5328 527 5409 quod
556 5346 684 5392 non
714 5328 987 5411 impedit
1013 5329 1277 5393 luminis
1306 5330 1851 5414 transparentiam,

1968 4365 2198 4409 scenus
2239 4347 2590 4429 potissime,
2625 4348 2860 4410 coelum
2899 4366 3276 4431 empyreum
3319 4368 3464 4413 con-

1967 4445 2169 4507 tinere
2201 4453 2449 4508 sanctos
2479 4446 2734 4527 angelos
2765 4454 2828 4509 et
2855 4446 3094 4509 Beatos.
3121 4448 3207 4509 De
3237 4448 3459 4511 eodem

1967 4542 2149 4617 coelo,
2185 4542 2538 4606 secundum
2579 4545 3038 4607 Damascenum
3075 4554 3136 4607 et
3165 4547 3460 4628 antiquos

1965 4641 2379 4723 expositoreS,
2414 4641 2571 4704 dixit
2603 4642 2938 4724 Apostolus
2971 4651 3224 4724 raptum
3257 4664 3324 4706 se
3358 4664 3458 4706 us·
3508 4668 3542 4711 ιι
3562 4668 3752 4719 coma,

1966 4758 2091 4821 que
2136 4741 2216 4802 ad
2259 4739 2519 4802 tertium
2573 4740 2828 4803 coelum.
2864 4741 2951 4803 De
2999 4758 3126 4822 quo
3176 4760 3394 4803 rursus
3439 4734 3526 4803 1²·

1964 4838 2238 4913 Scimus,
2287 4840 2516 4921 inquit,
2563 4838 2714 4921 quia
2761 4839 2813 4901 si
2864 4839 3178 4901 terrestris
3229 4841 3456 4904 domus
3503 4864 3606 4907 ιὸεα

1964 4944 2180 4999 nostra
2226 4938 2627 5012 dissolvatur,
2664 4937 2835 5019 quod
2884 4936 3371 5000 aedificationem
3421 4958 3459 5000 a

1965 5038 2091 5099 Deo
2141 5036 2471 5112 habemuS,
2525 5037 2787 5099 domum
2847 5054 2975 5098 non
3031 5035 3457 5099 manufactam

1964 5135 2029 5197 in
2076 5134 2275 5197 coelis.
2311 5134 2646 5215 Gregorius
2685 5152 2940 5216 quoque
2986 5134 3184 5196 multa
3221 5135 3297 5197 de
3337 5135 3456 5198 hoc

1964 5233 2127 5295 coelo
2168 5232 2424 5295 videtur
2465 5232 2701 5294 dixisse
2745 5233 3013 5295 diversis
3059 5232 3124 5293 in
3167 5232 3342 5295 lociS.
3379 5233 3456 5295 Et

1965 5332 2134 5413 quod
2176 5330 2253 5393 ad
2292 5329 2584 5393 Hebraeos
2629 5329 2886 5411 scripsit
2922 5330 3284 5412 ApostoluS,
3317 5331 3452 5395 Non
3481 5352 3660 5397 uem-..x

3609 4868 3736 4914 .v,1.

3665 5356 3747 5406 ‚2⁴-
