4334 6242
655 482 741 527 AN
783 482 938 530 nnus
980 484 1144 530 Acar
1184 485 1452 531 rnorran
1493 486 1702 542 riman,
1744 486 1817 531 Ετ
1857 485 2157 541 onumen
2199 486 2456 532 somus
2499 486 2638 533 mus
2679 486 2773 532 srr
2813 485 3049 531 onmem
3092 484 3251 529 mus
3381 464 3499 531 103

476 652 747 715 Videtur
788 656 957 737 quod
1003 655 1129 717 Deo
1173 673 1298 717 non
1350 662 1667 737 competat
1714 674 1897 736 agere
1928 654 1977 717 A
2089 656 2358 738 Insuper
2404 656 2639 738 duplex
2689 664 2784 718 est
2829 656 3168 737 appetitus.
3202 654 3376 717 Unus
3423 672 3500 717 ex

392 760 664 833 propter
709 753 933 815 finem.
987 754 1215 828 Primo,
1267 754 1569 836 quoniam
1629 755 1899 836 ipsemet

391 858 498 913 est
543 850 829 913 omnium
876 852 1141 915 ultimus
1184 852 1360 927 finis,
1396 861 1582 935 prout
1627 854 1691 915 in
1735 854 1897 936 Apo·

136 960 349 1015 Afrae-us-
394 948 643 1031 calypsi
681 957 947 1011 testatur
980 968 995 1012 ε
1028 950 1159 1032 Ego
1196 971 1339 1013 sum
1379 951 1584 1034 Alpha
1620 959 1681 1013 et
1716 952 1896 1015 Ome-

394 1066 503 1127 ga,
536 1048 929 1129 principium
960 1056 1025 1111 et
1052 1049 1229 1123 finis,
1263 1050 1509 1132 primus
1541 1059 1603 1113 et
1634 1052 1897 1113 novissi-

396 1166 567 1207 mus,
599 1182 682 1192 —-
721 1147 1033 1221 Secundo,
1080 1146 1233 1210 finis
1284 1149 1539 1231 perficit
1586 1168 1733 1212 eum
1784 1152 1894 1232 qui

395 1252 703 1327 operatur
749 1254 1010 1328 propter
1060 1246 1259 1309 finem
1314 1264 1327 1309 :
1380 1248 1547 1309 Deus
1600 1256 1812 1311 autem
1859 1268 1897 1311 a

398 1343 581 1406 nullo
624 1344 978 1425 perficitur.

478 1442 551 1503 In
598 1444 965 1525 oppositum
1016 1450 1133 1517 est,
1180 1444 1348 1526 quod
1399 1444 1608 1507 omnis
1654 1445 1895 1507 intelle-

400 1540 696 1603 ctualiter
722 1560 795 1603 ac
824 1542 1283 1623 sapientialiter
1312 1560 1604 1624 operans,
1632 1542 1761 1623 agit
1801 1543 1892 1605 in-

400 1638 567 1701 tuitu
616 1638 893 1721 alicujus
952 1639 1127 1714 boni,
1178 1641 1346 1722 quod
1406 1648 1501 1702 est
1554 1640 1708 1702 finis
1764 1660 1893 1703 suae

398 1736 687 1800 actionis
720 1738 895 1801 Unde
940 1738 1115 1811 finis,
1150 1746 1219 1800 ut
1258 1738 1513 1813 dicitur,
1555 1747 1766 1801 movet
1806 1739 1895 1800 ef-

2008 755 2244 835 praevia
2293 754 2652 835 cognitione
2702 762 3096 835 conceptus:
3131 761 3194 815 et
3240 752 3326 813 ita
3374 769 3501 814 non

2006 860 2318 935 appetunt
2371 853 2584 915 omnia
2633 853 2876 916 bonum
2929 870 3254 915 summum
3304 869 3378 912 ac
3427 850 3503 911 fi-

2008 970 2178 1025 nem,
2212 951 2514 1033 quoniam
2555 970 2702 1013 eum
2733 969 2859 1014 non
2889 956 3182 1021 noscunt,
3216 967 3290 1012 eo
3330 949 3499 1030 quod

2009 1048 2502 1112 intellectualem
2561 1068 2686 1113 non
2747 1048 3018 1111 habeant
3072 1047 3429 1129 appetitum
3483 1064 3497 1108 ε

2006 1167 2198 1228 quem
2261 1148 2374 1229 qui
2436 1147 2692 1221 habent,
2756 1146 3126 1209 naturaliter
3190 1152 3502 1229 appetunt

2006 1246 2492 1319 beatitudinem,
2526 1247 2878 1308 secundum
2920 1246 3089 1327 quod
3129 1244 3369 1308 bonum
3400 1264 3501 1307 su-

2006 1363 2300 1426 premum
2333 1353 2393 1406 et
2434 1343 2758 1408 beatitudo
2797 1350 2944 1405 sunt
2984 1343 3173 1405 idern.
3208 1342 3501 1405 Secundo

2004 1441 2283 1503 sumitur
2321 1442 2641 1524 appetitus
2682 1460 2797 1525 pro
2830 1442 3100 1504 naturali
3144 1441 3497 1505 inclinatio-

2003 1560 2084 1603 ne
2132 1560 2246 1603 seu
2295 1542 2582 1623 appetitu
2629 1559 2642 1604 :
2684 1548 2748 1602 et
2796 1540 2888 1602 sic
2935 1540 3150 1604 omnia
3190 1547 3500 1621 appetunt

2004 1638 2269 1713 bonum,
2304 1657 2432 1701 non
2462 1639 2584 1701 sub
2621 1639 3041 1701 determinata
3080 1639 3320 1700 ratione
3358 1638 3497 1699 feli-

2004 1738 2236 1812 citatiS‚
2271 1739 2379 1801 sed
2420 1738 2539 1800 sub
2570 1737 2850 1819 generali
2891 1737 3134 1799 ratione
3167 1756 3292 1817 qua
3329 1756 3500 1797 sum-

399 1835 726 1899 fieientem
758 1836 835 1898 ad
876 1837 1287 1918 operandum.
1323 1837 1389 1899 ld
1431 1855 1683 1919 quoque
1723 1839 1892 1919 quod
1925 1840 1972 1901 B
2007 1857 2184 1899 mum
2215 1836 2456 1898 bonum
2490 1837 2785 1898 universa
2820 1842 3150 1897 conservat
3179 1854 3253 1897 ac
3282 1834 3498 1896 termi-

400 1952 525 1996 non
578 1933 653 1995 fit
704 1943 964 2017 propter
1011 1934 1235 2011 finem,
1276 1936 1511 1999 dicitur
1558 1955 1717 1997 vane
1765 1936 1893 1997 fru-

400 2040 651 2114 straque
699 2031 861 2094 fieri.

479 2233 661 2296 Circa
702 2232 835 2295 haec
877 2231 1160 2314 loquitur
1195 2232 1547 2295 Alexander
1580 2250 1595 2293 ε
1628 2232 1763 2294 Una
1798 2241 1894 2295 est

399 2331 689 2394 omnium
721 2349 911 2393 causa
940 2330 1155 2393 finalis
1187 2329 1429 2393 ultima.
1457 2331 1544 2393 De
1574 2349 1698 2413 qua
1729 2329 1893 2393 libro

240 2456 327 2484 ..κη
399 2430 475 2492 de
516 2428 762 2491 Divinis
804 2429 1174 2492 nominibus
1208 2430 1268 2492 S.
1304 2429 1640 2511 Dionysius
1679 2436 1891 2492 conte-

398 2536 600 2590 statur
632 2546 646 2590 :
681 2528 906 2591 Omnia
948 2546 1367 2610 quaecumque
1409 2534 1557 2589 sunt
1593 2535 1654 2589 et
1699 2526 1887 2602 fiunt,

400 2635 657 2708 propter
689 2626 1027 2708 pulchrum
1059 2634 1123 2688 et.
1154 2626 1393 2689 bonum
1430 2632 1579 2687 sunt
1606 2633 1667 2687 et
1698 2626 1886 2700 fiunt,

400 2734 461 2787 et
497 2726 575 2787 ad
622 2725 831 2806 ipsum
878 2732 1109 2787 cuncta
1152 2724 1526 2807 inspiciunt,
1563 2744 1635 2785 ac
1678 2725 1887 2806 ipsum

399 2823 755 2885 desiderant
787 2822 1024 2896 omnia,
1056 2830 1247 2904 atque
1284 2832 1621 2885 moventur
1649 2832 1710 2885 et
1742 2840 1889 2885 con-

402 2920 680 2982 tinentur
723 2920 806 2982 ab
854 2921 1014 3002 ipso,
1048 2921 1168 2984 hoc
1210 2929 1306 2983 est
1346 2940 1383 2983 a
1424 2940 1616 2983 causa
1656 2920 1764 2982 illa
1815 2921 1888 2982 fi-

2004 1942 2128 1996 nat.
2185 1935 2360 1997 Unde
2421 1954 2622 2017 quum
2680 1934 2910 2016 plantae
2965 1941 3029 1994 et
3086 1933 3225 1996 aliae
3284 1951 3497 1995 corru-

2002 2032 2263 2115 ptibiles
2294 2042 2596 2095 creaturae
2627 2039 2924 2114 appetant
2953 2032 3496 2094 continuationem

2004 2131 2104 2193 sui
2147 2150 2286 2193 esse
2331 2140 2394 2193 et
2439 2131 2944 2213 permanentiam
2993 2129 3092 2192 sui
3143 2130 3206 2191 in
3257 2130 3492 2212 specie,

2006 2250 2146 2312 quae
2205 2237 2355 2292 sunt
2411 2230 2504 2292 eis
2563 2249 2600 2292 a
2657 2247 2911 2291 summo
2970 2227 3160 2301 bono,
3220 2235 3496 2309 suntque

2007 2327 2525 2410 participationes
2575 2326 2837 2390 increati
2888 2344 3028 2389 esse
3078 2333 3142 2387 et
3194 2325 3496 2388 bonitatis

2004 2445 2341 2508 supremae,
2397 2431 2641 2487 constat
2689 2425 2857 2506 quod
2907 2424 3027 2486 hoc
3082 2424 3268 2486 modo
3319 2430 3497 2485 natu-

2004 2523 2222 2585 raliter
2274 2531 2583 2605 appetunt
2630 2542 2954 2585 summum
3003 2521 3264 2584 bonum.
3310 2558 3390 2566 —
3430 2522 3493 2584 Si

2001 2630 2212 2684 autem
2243 2621 2776 2704 objiciatur,quod
2807 2628 2945 2703 post
2975 2620 3498 2684 resurrectionem

2003 2740 2412 2785 communem
2462 2722 2800 2784 cessabunt
2842 2722 2974 2785 haec
3027 2721 3244 2795 mixta,
3275 2721 3496 2802 sicque

2002 2821 2309 2883 naturalis
2364 2838 2584 2883 eorum
2643 2820 2963 2901 appetitus
3014 2818 3428 2881 frustraretur
3477 2836 3491 2880 :

2001 2920 2172 3000 quod
2232 2937 2358 2981 non
2409 2918 2662 2980 videtur
2719 2916 3042 2999 possibile.
3096 2916 3497 2998 Responden-

400 3018 559 3097 nali;
610 3038 727 3081 nec
787 3026 884 3081 est
934 3019 1176 3100 aliquid
1226 3018 1669 3081 exsistentium
1720 3021 1887 3101 quod
1928 3015 1971 3080 C
2001 3018 2179 3091 dum,
2231 3018 2401 3099 quod
2451 3016 2712 3099 quidam
2764 3024 2860 3077 est
2905 3014 3060 3078 finis
3109 3014 3495 3096 corruptibi-

396 3134 519 3181 non
551 3116 891 3199 participet
918 3116 1279 3199 aliqualiter
1308 3116 1475 3179 bono
1504 3124 1567 3179 et
1596 3118 1884 3199 pulchro.

472 3214 759 3297 Denique
816 3216 936 3277 hoc
994 3214 1235 3277 bonum
1287 3222 1351 3277 et
1404 3215 1745 3296 pulchrum
1794 3225 1891 3279 est

400 3312 661 3394 ipsemet
707 3314 875 3376 Deus
923 3331 1035 3376 seu
1086 3312 1303 3375 divina
1349 3313 1645 3388 essentia,
1678 3334 1888 3377 essen-

398 3411 645 3485 tialiter,
681 3430 839 3493 pure
881 3418 945 3474 et
982 3411 1765 3493 incircumscriptibiliter‚
1799 3414 1891 3476 in-

398 3508 574 3571 finite
622 3515 687 3571 et
739 3508 1323 3591 incomparabiliter
1371 3508 1536 3572 bona
1574 3528 1589 3571 :
1626 3530 1769 3591 quae
1822 3521 1889 3573 ut

394 3614 618 3689 quarto
658 3606 940 3688 capitulo
969 3608 1046 3670 de
1077 3607 1325 3669 Divinis
1366 3608 1735 3671 nominibus
1767 3629 1891 3672 ma-

396 3724 553 3785 gnus
585 3704 925 3786 Dionysius
965 3705 1250 3786 protulit,
1287 3705 1503 3768 omnia
1541 3707 1619 3769 ad
1650 3726 1717 3769 se
1748 3726 1892 3770 con-

394 3804 579 3866 vertit
628 3810 693 3865 et
742 3802 1011 3877 ordinat,
1044 3812 1108 3865 et
1150 3804 1449 3885 princeps
1492 3812 1587 3867 est
1634 3823 1891 3886 congre-

395 3921 544 3983 gans
593 3902 901 3985 dispersa,
934 3920 1007 3962 ac
1056 3911 1358 3983 tanquam
1404 3902 1777 3985 principalis
1818 3924 1890 3967 ac

398 3999 655 4063 vivifica
690 3999 914 4071 virtus,
947 4000 1245 4061 universa
1276 4000 1521 4063 reducit
1551 4003 1627 4064 ad
1659 4022 1726 4064 se
1759 4010 1890 4065 tan-

399 4118 582 4180 quam
618 4097 799 4179 origo
832 4104 894 4159 et
935 4117 1123 4160 causa
1160 4098 1401 4161 ordinis
1441 4100 1729 4163 omnium
1765 4120 1779 4163 :
1813 4103 1889 4164 ad

2004 3115 2160 3178 lium
2219 3123 2651 3177 creaturarum
2704 3114 3056 3201 secundum
3116 3113 3285 3195 quod
3347 3119 3498 3174 sunt

2003 3221 2263 3295 propter
2310 3213 2674 3290 hominem3
2715 3220 2778 3273 et
2827 3212 2939 3275 illo
2984 3210 3118 3273 fine
3166 3216 3490 3283 evacuato,

2002 3312 2296 3393 congruit
2332 3312 2424 3373 eis
2465 3310 2630 3372 ultra
2669 3328 2795 3372 non
2836 3327 3226 3391 permanere.
3261 3308 3380 3382 Qui
3419 3306 3496 3369 fi-

2002 3410 2101 3473 nis
2139 3418 2236 3472 est
2275 3410 2795 3491 supplementum
2837 3406 3229 3469 necessitatis
3255 3407 3492 3469 huma-

2002 3532 2120 3585 nae,
2153 3517 2378 3592 estque
2425 3508 2588 3571 alius
2631 3529 2668 3571 a
2710 3507 2842 3570 fine
2889 3526 3080 3589 quem
3125 3507 3495 3569 naturaliter

2000 3616 2312 3691 appetunt
2341 3608 2693 3670 secundum
2724 3605 3012 3688 proprias
3043 3624 3189 3667 suas
3222 3612 3490 3677 naturas,

2001 3715 2058 3769 et
2093 3726 2170 3768 ex
2203 3706 2420 3768 divina
2457 3706 2852 3769 ordinatione
2892 3702 3216 3767 cedit‘fini
3258 3704 3350 3765 illi
3388 3722 3493 3765 na—

2002 3805 2210 3867 turali.
2251 3840 2332 3850 —
2371 3804 2511 3866 Haec
2554 3803 2924 3865 Alexander.

2080 3905 2387 3967 Praeterea
2414 3902 2852 3965 Bonaventura
2881 3902 2987 3964 hic
3016 3900 3493 3975 scribitzouum

2003 4004 2314 4066 universae
2373 4007 2676 4063 creaturae
2727 4001 2852 4062 sint
2908 4000 3176 4063 conditae
3235 4006 3496 4081 propter

2002 4100 2111 4162 Dei
2149 4099 2417 4180 gloriam
2458 4105 2520 4159 et
2565 4097 2882 4179 propriam
2929 4096 3293 4171 utilitatem,
3328 4096 3495 4161 sicut

400 4216 583 4279 quam
620 4195 842 4270 tendit,
880 4194 943 4257 in
975 4215 1102 4278 qua
1138 4204 1261 4259 stat
1291 4198 1445 4260 ordo
1479 4206 1667 4281 atque
1708 4202 1889 4262 redu·
1923 4203 1971 4264 D
2000 4198 2088 4259 ait
2130 4196 2456 4278 Magister3
2488 4204 2552 4257 et
2589 4194 2978 4275 Augustinus
3020 4194 3173 4255 dicit
3220 4194 3284 4255 in
3329 4192 3494 4256 libro

402 4294 520 4357 ctio
566 4293 881 4356 omnium.
914 4329 995 4339 -
1035 4294 1341 4377 Denique,
1391 4296 1554 4359 Deus
1604 4304 1699 4359 est
1752 4318 1893 4379 per-

404 4392 818 4455 fectissimum
850 4411 1041 4473 agens
1078 4410 1092 4454 :
1124 4411 1275 4473 ergo
1309 4412 1434 4455 non
1470 4394 1599 4474 agit
1635 4404 1892 4478 propter

404 4490 637 4572 aliquid
664 4497 843 4552 extra
871 4508 972 4569 se;
998 4490 1234 4572 alioqui
1270 4491 1511 4573 aliquid
1538 4492 1596 4554 ei
1628 4493 1889 4568 deesset,

408 4588 697 4651 videlicet
738 4587 979 4651 bonum
1024 4588 1217 4651 finale
1259 4596 1517 4671 propter
1548 4592 1716 4671 quod
1756 4612 1894 4674 age-

411 4693 520 4760 ret,
542 4693 605 4748 et
636 4687 721 4748 ita
751 4703 881 4748 non
910 4693 1078 4747 esset
1107 4686 1645 4767 perfectissimum
1678 4708 1888 4769 agenS.

2002 4295 2079 4356 de
2112 4294 2406 4356 Doctrina
2437 4293 2802 4365 christiana,
2837 4291 3001 4373 quod
3045 4292 3348 4354 Dominus
3377 4310 3494 4355 nos

2002 4393 2151 4455 fecit
2197 4402 2260 4454 et
2305 4392 2508 4472 diligit
2555 4410 2681 4453 non
2728 4398 2984 4474 propter
3032 4410 3212 4452 suam
3264 4391 3496 4454 utilita-

2005 4500 2155 4565 tem,
2189 4491 2296 4553 sed
2338 4497 2599 4571 propter
2629 4488 2977 4551 bonitatem
3019 4508 3200 4551 suam
3232 4498 3294 4551 et
3326 4490 3495 4552 utili-

2004 4598 2198 4653 tatem
2247 4596 2525 4651 nostram
2577 4606 2589 4648 :
2638 4588 2965 4669 quaeritur,
3017 4589 3161 4670 quis
3210 4589 3291 4651 sit
3341 4588 3496 4651 finis

2006 4687 2378 4771 principalis
2423 4686 2806 4749 conditionis
2849 4706 3083 4761 rerum,
3115 4687 3316 4768 gloria
3359 4688 3492 4761 Dei,

176 4798 385 4853 mmm
412 4784 561 4847 Hinc
604 4784 669 4845 in
719 4782 1075 4846 Proverbiis
1123 4784 1431 4864 scriptum
1482 4792 1577 4845 est
1619 4804 1633 4847 :
1671 4785 1893 4850 Omnia
2003 4807 2084 4849 an
2116 4792 2332 4847 nostra
2360 4784 2619 4846 utilitas.
2640 4784 2902 4845 Videtur
2930 4784 3097 4865 quod
3125 4784 3327 4864 gloria
3358 4784 3492 4857 Dei,

155 4864 189 4903 4.

414 4890 663 4963 propter
702 4900 771 4943 se
820 4880 1034 4963 ipsum
1082 4889 1377 4963 operatus
1421 4891 1517 4944 est
1564 4884 1890 4947 Dominus.

414 4980 519 5041 Per
573 4979 795 5042 isaiam
856 4998 1108 5061 quoque
1167 4980 1254 5041 ait
1311 4979 1389 5041 de
1447 4980 1729 5053 homine,
1786 4984 1894 5065 qui

166 5092 389 5140 numa.
414 5077 778 5159 principalis
828 5086 921 5139 est
965 5086 1251 5140 creatura
1287 5096 1300 5140 :
1336 5078 1605 5142 Omnem
1648 5082 1756 5163 qui
1804 5082 1896 5144 in-

417 5184 587 5237 vocat
644 5192 879 5237 nomen
940 5194 1178 5250 meum,
1243 5176 1307 5238 in
1364 5177 1631 5257 gloriam
1693 5199 1897 5242 meam

420 5272 615 5336 creavi
656 5291 827 5334 eum.

2006 4884 2157 4965 quia
2183 4883 2262 4943 ad
2302 4882 2477 4943 illam
2520 4880 2792 4943 refertur
2820 4882 3059 4944 utilitas
3098 4890 3334 4955 nostra,
3366 4900 3495 4945 non

2006 4997 2370 5045 econverso.
2425 4978 2686 5051 Rursu3‚
2735 4978 2935 5059 gloria
2987 4980 3095 5041 Dei
3153 4980 3497 5061 perfectior

2007 5088 2101 5143 est
2137 5097 2151 5141 :
2185 5095 2334 5159 ergo
2365 5077 2523 5139 ratio
2552 5076 2704 5138 finis
2736 5076 2946 5157 potius
2978 5078 3278 5159 competit
3310 5078 3390 5139 ei.
3417 5114 3498 5123 —

2008 5180 2077 5241 ln
2109 5176 2475 5259 oppositum
2505 5181 2622 5247 est,
2656 5175 2824 5255 quod
2855 5174 3079 5237 caritas
3115 5192 3242 5237 non
3272 5175 3499 5256 quaerit
3527 5196 3643 5241 tcm-
3643 5210 3742 5247 ιιιιιι
3747 5198 3788 5239 s.

2012 5296 2152 5359 quae
2194 5293 2307 5337 sua
2347 5280 2514 5335 sunt.
2551 5272 2716 5333 Deus
2757 5289 2909 5334 vero
2950 5273 3371 5335 essentialiter
3405 5293 3500 5335 ca·
3525 5296 3786 5347 mamus.
