4334 6242
565 4314 648 4359 «1οό
675 4328 740 4365 ιι..
762 4316 830 4360 28.

855 472 976 541 386

1537 490 1598 540 m
1641 491 1862 540 mnium
1905 492 1948 538 ιι
1990 486 2472 538 sanrnmmauu.
2518 507 2600 519 --·
2641 487 2792 537 ms'r.
2830 488 2955 553 v113
3000 483 3222 543 QUAEs'r.
3268 484 3287 533 1

854 685 997 748 quae
1045 665 1194 727 fecit
1246 684 1359 748 per
1403 664 1770 728 violentiam
1821 670 1884 725 et
1933 663 2347 735 coactionem,
2379 661 2430 723 A
2462 663 2613 724 dum
2654 659 3053 729 aeternaliter,
3088 667 3300 720 tamen
3339 676 3417 718 ex
3459 650 3957 737 praesumptione

855 772 925 826 ut
966 766 1044 826 de
1083 764 1358 827 obsessis
1397 764 1685 826 exeundo
1725 763 2097 844 corporibus
2134 779 2146 823 :
2182 762 2351 843 quod

853 862 1095 941 agendo
1134 880 1259 925 non
1307 862 1613 944 peccavit,
1648 862 1798 943 quia
1835 879 1961 923 non
2009 860 2160 921 fecit
2204 878 2350 921 cum

860 979 1208 1035 murmure,
1243 962 1352 1023 sed
1395 979 1473 1022 ex
1519 960 1630 1023 Dei
1673 959 2036 1036 coactione3
2069 976 2188 1019 nec
2233 957 2353 1019 fuit

857 1058 977 1120 hoc
1019 1068 1372 1141 peccatum,
1407 1060 1558 1141 quia
1597 1077 1722 1121 non
1767 1066 1900 1119 erat
1940 1076 2016 1119 ex
2062 1055 2353 1118 libertate

855 1157 1122 1219 arbitrii.
1173 1194 1255 1203 -
1301 1158 1444 1220 Haec
1501 1157 2055 1219 Antisiodorensis‚
2110 1156 2226 1228 Qui
2288 1156 2353 1215 in

859 1255 975 1317 hac
1007 1256 1416 1338 responsione
1459 1256 1623 1318 inter
1663 1263 1871 1317 cetera
1909 1254 2063 1315 dicit
2098 1273 2111 1316 z
2146 1254 2353 1325 Quum

859 1354 1144 1416 Christus
1195 1354 1430 1417 dicitur
1475 1353 1690 1416 omnia
1750 1352 2070 1414 meritorie
2124 1351 2351 1431 egisse,

856 1453 1344 1533 intelligendum
1383 1460 1479 1514 est
1508 1452 1586 1514 de
1617 1450 1918 1533 operibus
1962 1449 2145 1511 liberi
2187 1448 2353 1511 arbi-

853 1550 983 1623 trii,
1018 1550 1320 1631 quoniam
1368 1557 1542 1612 motu
1589 1548 2015 1611 sensualitatis
2059 1566 2186 1609 non
2230 1565 2354 1607 me-

855 1648 984 1709 ruit
1023 1648 1329 1722 Christus,
1364 1667 1480 1709 nec
1524 1655 1697 1709 motu
1743 1665 1871 1728 quo
1911 1646 2126 1708 timuit
2164 1646 2350 1718 mori,

855 1745 957 1807 vel
997 1763 1125 1828 quo
1154 1746 1354 1809 voluit
1386 1765 1512 1809 non
1551 1746 1732 1807 mori.
1769 1744 2072 1817 Quocirca
2103 1744 2357 1806 videtur

2462 767 2669 841 sperat
2704 757 3166 820 beatitudinem
3196 755 3578 818 aeternalem.
3613 751 3726 813 Vel
3757 768 3956 832 quan·

2465 866 2598 919 tum
2640 857 2717 919 ad
2757 858 2874 920 hoc
2916 863 3127 937 sperat
3166 854 3625 916 beatitudinem
3656 858 3719 911 et
3750 850 3959 929 impu-

2464 956 2749 1029 nitatem,
2783 955 3085 1037 quoniam
3128 960 3340 1034 sperat
3384 967 3674 1030 magnam
3716 946 3961 1009 dilatio-

2464 1074 2611 1117 nem
2660 1055 2788 1116 diei
2844 1053 3092 1135 judicii,
3148 1051 3517 1131 diutiusque
3574 1064 3837 1128 regnare
3893 1045 3959 1105 in

2466 1153 2686 1235 impiis
2743 1171 2935 1234 quam
2988 1149 3330 1213 obtinebit.
3392 1150 3685 1209 Attamen
3746 1150 3961 1225 posset

2466 1252 2613 1322 dici,
2661 1249 3199 1332 quemadmodum
3248 1246 3445 1327 aliqui
3498 1245 3740 1316 dieunt,
3786 1240 3961 1324 quod

2464 1349 2757 1412 diabolus
2794 1356 2891 1409 est
2934 1355 3121 1410 tantae
3164 1344 3536 1425 arrogantiae
3579 1348 3643 1404 et
3680 1340 3961 1403 obstina-

2464 1448 2677 1522 tioni5‚
2729 1448 2896 1529 quod
2956 1453 3166 1526 sperat
3216 1463 3283 1505 se
3331 1441 3701 1505 habiturum
3746 1458 3784 1500 a
3832 1439 3963 1500 Deo

2468 1546 2667 1607 multa
2724 1546 2909 1617 bona,
2962 1552 3024 1605 et
3073 1544 3327 1604 tandem
3377 1541 3574 1603 vitam
3632 1546 3961 1607 aeternam,

2465 1643 2759 1726 quamvis
2801 1643 3075 1705 maxime
3112 1640 3285 1703 odiat
3324 1641 3525 1702 Deum
3559 1658 3573 1701 ε
3607 1638 3772 1699 sicut
3814 1633 3964 1716 quis

2467 1739 2729 1803 confidit
2772 1760 2839 1803 se
2878 1740 3247 1802 habiturum
3291 1738 3489 1799 multa
3527 1735 3692 1798 bona
3732 1732 3813 1795 ab
3856 1732 3967 1793 bo-

855 1845 1008 1925 quia
1035 1847 1136 1926 (ut
1174 1853 1429 1907 sanctus
1473 1844 1706 1906 fatetur
1743 1844 2191 1924 Hieronymus)
2223 1860 2354 1904 mo·
2387 1841 2435 1905 B
2468 1840 2639 1901 mine
2678 1840 2892 1921 aliquo
2931 1858 3123 1920 quem
3166 1838 3515 1920 plurimum
3550 1835 3701 1897 odit.
3733 1870 3814 1879 —
3842 1834 3964 1895 Ve-

857 1950 959 2005 tus
1003 1951 1065 2004 et
1108 1942 1481 2006 affectiones
1525 1941 1952 2005 sensualitatis
1995 1941 2093 2002 vel
2141 1941 2355 2022 potius

856 2041 1146 2104 sensitivi
1187 2042 1508 2123 appetitus
1551 2042 1615 2102 in
1657 2041 1906 2103 Christo
1944 2039 2205 2102 fuerunt
2244 2057 2353 2121 po-

853 2139 982 2202 tius
1041 2139 1484 2222 propassiones
1541 2158 1733 2220 quam
1793 2140 2139 2221 passione-S,
2199 2156 2352 2220 quo-

853 2239 1026 2300 niam
1057 2257 1131 2300 ex
1167 2238 1404 2320 praevio
1443 2237 1704 2299 rationis
1742 2236 1985 2317 judicio
2026 2244 2217 2317 atque
2247 2253 2351 2298 vo-

855 2337 1116 2399 luntatis
1177 2336 1470 2418 imperi0,
1529 2336 1881 2397 secundum
1941 2335 2230 2397 ordinem
2291 2341 2353 2395 et

852 2435 1206 2517 impulsum
1247 2435 1448 2497 divini
1491 2434 1726 2496 amoris
1770 2452 1882 2496 seu
1922 2434 2224 2507 caritatis,
2256 2433 2354 2494 fu-

851 2539 1040 2594 erunt
1085 2532 1151 2593 in
1195 2532 1384 2613 ipso:
1419 2532 1560 2593 ideo
1606 2530 1915 2593 meritorii
1965 2531 2162 2593 fuisse
2207 2550 2351 2593 cen-

853 2638 1090 2693 sentur.

931 2727 1225 2809 Amplius
1256 2726 1483 2809 quaerit
1512 2724 2071 2801 Antisiodorensis‚
2107 2748 2183 2790 an
2219 2746 2350 2789 cre-

853 2826 1002 2888 dere
1059 2825 1296 2888 diaboli
1356 2825 1439 2887 sit
1495 2833 1849 2906 peccatum.
1914 2826 2269 2906 Respondet
2333 2844 2347 2888 :

854 2924 1120 2987 Credere
1169 2923 1402 2986 diaboli
1461 2923 1802 3004 aliquando
1849 2932 1945 2985 est
1993 2932 2348 3006 peecatum,

2466 1958 2609 2001 rum
2666 1948 2763 2002 est.
2819 1948 3055 2013 autem,
3118 1939 3287 2020 quod
3352 1936 3638 1999 membra
3693 1933 3961 2005 diaboli,

2464 2038 2757 2119 quamvis
2817 2038 3005 2099 modo
3062 2037 3191 2099 sint
3237 2036 3304 2098 in
3355 2034 3625 2107 inferno,
3676 2032 3963 2114 aliquam

2464 2144 2674 2197 tamen
2716 2154 2895 2219 spem
2935 2134 3171 2198 habent
3204 2135 3429 2196 adhuc.
3464 2134 3723 2215 Propter
3763 2132 3962 2213 quod,

2464 2242 2535 2295 ut
2572 2243 2668 2296 est
2711 2235 2881 2316 apud
2925 2234 3307 2307 Mattbaeum,
3344 2233 3407 2295 in
3450 2234 3554 2296 die
3594 2232 3821 2313 judicii
3868 2232 3964 2294 di-

2464 2342 2609 2396 cent
2643 2354 2655 2397 :
2693 2334 2978 2400 Domine,
3013 2352 3223 2396 nonne
3263 2334 3327 2395 in
3370 2334 3628 2395 nomine
3668 2342 3776 2395 tuo
3820 2350 3968 2414 pro-
4007 2348 4239 2395 „statu-m.

2464 2432 2912 2513 phetavimus?
2944 2432 3019 2493 Et
3049 2433 3280 2495 iterum
3316 2449 3329 2493 :
3365 2431 3651 2503 Domine,
3677 2431 3961 2503 domine,
3994 2414 4135 2516 ²125&
4156 2486 4240 2521 m·

2464 2530 2639 2611 aperi
2689 2529 2893 2592 nobiS.
2949 2531 3171 2593 Utrum
3221 2548 3372 2593 vero
3419 2538 3482 2591 et
3528 2528 3819 2592 diabolus
3875 2530 3967 2593 ita
3996 2541 4063 2579 ¹¹·

2464 2636 2695 2709 speret,
2740 2647 2928 2692 nemo
2974 2636 3179 2711 potest
3223 2629 3409 2703 scire,
3452 2648 3649 2711 quum
3699 2646 3829 2691 non
3880 2629 3964 2691 sit

2466 2728 2529 2789 in
2577 2727 2903 2809 Scriptura
2947 2728 3458 2789 determinat-um.
3495 2762 3571 2772 —
3602 2727 3744 2791 Haec
3788 2728 3967 2789 Anti-

2465 2825 2867 2887 siodorensis‚
2904 2826 3101 2906 Cujus
3130 2826 3299 2888 dicta
3328 2826 3654 2888 recitative
3684 2844 3966 2888 comme-

2466 2942 2663 2996 mor0,
2687 2924 2989 3004 quoniam
3032 2925 3319 3005 quaedam
3362 2925 3601 2985 incerta
3634 2925 3966 2987 continen-

856 3023 1172 3086 interdum
1216 3039 1363 3084 non.
1401 3022 1660 3095 Quando
1699 3022 1869 3083 enim
1915 3022 2170 3084 credere
2210 3022 2350 3102 ejus
2388 3022 2432 3087 C
2464 3028 2567 3083 tur
2616 3022 2680 3082 in
2729 3022 2822 3083 eis
2871 3042 2884 3084 :
2934 3022 3063 3083 imo
3110 3021 3296 3083 multi
3348 3021 3719 3084 Sanctorum
3769 3031 3963 3105 atque

855 3120 1141 3202 procedit
1171 3140 1247 3181 ex
1280 3138 1454 3181 mera
1494 3119 1805 3193 libertate,
1839 3127 2172 3202 peccatum
2204 3128 2297 3181 est
2332 3138 2347 3181 ε

854 3219 1156 3301 quoniam
1186 3236 1262 3279 ex
1294 3217 1595 3300 superbia
1633 3218 1854 3292 eredit,
1890 3227 1960 3279 ut
1994 3220 2197 3280 Deum
2238 3218 2353 3280 im-

854 3324 1094 3399 pugnet
1139 3324 1249 3378 aut
1295 3334 1368 3377 ea
1416 3334 1558 3397 quae
1607 3316 1714 3378 Dei
1775 3324 1941 3377 sunt.
1990 3317 2152 3379 lllud
2201 3335 2351 3380 vero

854 3416 1110 3478 credere
1154 3416 1324 3497 quod
1369 3421 1779 3495 extorquetur
1818 3414 1897 3476 ab
1941 3433 2016 3477 eo
2066 3434 2181 3497 per
2225 3434 2353 3497 poe-

855 3533 966 3576 nas
997 3521 1265 3587 tantum,
1288 3513 1389 3575 vel
1429 3531 1544 3593 per
1573 3512 1736 3575 solas
1769 3521 2086 3575 creaturas
2121 3514 2353 3575 immit-

855 3613 1031 3686 titur,
1065 3612 1220 3673 velit
1263 3610 1443 3684 nolit,
1479 3628 1604 3673 non
1651 3618 1742 3672 est
1788 3620 2141 3692 peccatum.
2178 3611 2351 3673 Licet

853 3717 1068 3773 autem
1109 3710 1320 3771 credat
1352 3708 1568 3771 omnia
1606 3709 1938 3781 credenda,
1971 3718 2183 3771 tamen
2225 3727 2352 3771 non

853 3808 1045 3870 habet
1103 3807 1300 3869 fidem
1348 3827 1490 3889 quae
1543 3806 1627 3867 sit
1674 3806 1876 3869 virtus
1936 3807 2206 3869 formata
2252 3808 2351 3869 vel

856 3905 1149 3969 informis
1203 3922 1218 3967 ε
1281 3905 1455 3987 piget
1512 3904 1685 3965 enim
1743 3923 1890 3966 eum
1952 3906 2231 3977 credere,
2292 3914 2357 3967 et

858 4010 1214 4066 murmurat
1253 4002 1319 4065 in
1365 4003 1698 4065 credendo.

938 4102 1212 4166 Ulterius
1259 4101 1485 4182 quaerit
1534 4101 1639 4162 bic
1684 4102 1921 4174 doctor,
1965 4111 2183 4166 utrum
2230 4103 2357 4166 dia-

2463 3119 2986 3182 scholasticorum
3034 3120 3362 3181 doctorum
3406 3119 3755 3196 affirmant,
3790 3124 3963 3203 quod

2464 3220 2778 3281 damnatis
2808 3220 3183 3299 gravissima
3214 3237 3401 3300 poena
3430 3228 3525 3281 est
3550 3220 3719 3301 quod
3749 3221 3965 3282 sciunt

2465 3336 2531 3379 se
2590 3319 2972 3386 aeternaliter
3031 3318 3093 3379 in
3155 3316 3406 3379 inferno
3464 3318 3845 3399 puniendOS,
3898 3328 3962 3381 et

2465 3417 2632 3498 quod
2680 3416 2744 3477 in
2789 3416 2946 3498 ipsis
2989 3422 3085 3477 est
3126 3416 3481 3497 desperatio
3525 3436 3717 3478 mera.

2543 3514 2776 3589 Quaerit
2818 3530 3071 3596 quoque
3115 3515 3220 3576 hic
3263 3514 3503 3589 doctor,
3544 3535 3621 3577 an
3667 3516 3961 3579 diabolus

2463 3613 2617 3675 velit
2657 3632 2723 3675 se
2763 3632 2901 3675 esse
2942 3613 3204 3685 malum,
3238 3621 3302 3675 et
3329 3620 3543 3675 utrum
3574 3614 3730 3676 velit
3757 3615 3957 3677 Deum

2464 3731 2602 3775 esse
2645 3731 2658 3775 ε
2704 3712 2767 3773 in
2818 3730 3092 3793 quorum
3142 3711 3457 3773 solutione
3505 3712 3790 3794 prolixus
3838 3721 3956 3789 est,

2464 3830 2537 3873 ac
2580 3811 2864 3872 inserens
2910 3810 3198 3891 quaedam
3244 3810 3504 3883 incerta,
3540 3810 3777 3883 idcirco
3821 3830 3963 3893 per-

2464 3917 2733 3971 transeo.

2546 4006 2895 4069 Richardus
2953 4007 3141 4069 etiam
3195 4013 3385 4081 tenet,
3438 4007 3607 4088 quod
3666 4006 3959 4070 diabolus

2467 4124 2719 4187 semper
2758 4123 2868 4166 seu
2912 4104 3301 4166 incessanter
3328 4106 3521 4166 estin
3560 4105 3777 4186 aliquo
3814 4114 3959 4167 actu

861 4201 1042 4263 bolus
1075 4200 1299 4263 habeat
1331 4218 1533 4281 spem,
1567 4207 1631 4262 et
1659 4219 1738 4261 an
1771 4208 1990 4281 peccet
2021 4204 2351 4283 sperando.
2387 4208 2436 4270 D
2469 4203 2732 4285 peccati,
2766 4202 2917 4284 quia
2956 4219 3083 4264 non
3123 4202 3312 4263 habet
3342 4219 3574 4284 corpus
3604 4220 3732 4284 quo
3772 4211 3962 4266 retra-

858 4300 1121 4362 Videtur
1158 4299 1326 4380 quod
1371 4298 1485 4372 sic,
1520 4316 1634 4380 per
1677 4298 1833 4360 illud
1879 4299 1944 4361 in
1981 4300 2097 4362 Job
2141 4318 2154 4361 :
2201 4301 2356 4382 Spes

802 4419 815 4432 ·
860 4397 1000 4478 ejus
1040 4394 1452 4457 frustrabitur
1490 4414 1661 4469 eum,
1692 4403 1757 4457 et
1794 4396 2159 4459 videntibus
2203 4417 2355 4460 cun-

859 4496 979 4559 ctis
1018 4492 1540 4577 praecipitabitur.
1577 4493 1795 4556 Glossa
1837 4513 2090 4576 quoque
2130 4496 2356 4577 Grego-

857 4594 937 4657 rii
981 4594 1068 4656 ait
1113 4592 1352 4654 ibidem
1397 4610 1411 4655 :
1455 4590 1753 4654 Diabolus
1798 4593 1875 4655 de
1921 4594 2356 4658 misericordia

858 4694 970 4756 Dei
1036 4691 1268 4753 blanda
1336 4688 1460 4752 sibi
1533 4689 1958 4772 promissione
2025 4693 2349 4756 mentitur.

856 4792 1117 4865 RursuS,
1169 4788 1507 4869 Gregorius
1563 4788 1719 4849 dicit
1776 4788 1889 4862 ibi,
1942 4790 2111 4870 quod
2161 4792 2356 4854 verba

857 4890 967 4952 illa
1010 4888 1456 4969 intelliguntur
1494 4886 1572 4948 de
1613 4886 1920 4949 membris
1967 4888 2222 4951 diaboli.
2259 4890 2358 4952 Vi-

857 4986 1044 5051 detur
1091 5004 1241 5068 ergo
1299 4985 1467 5067 quod
1517 4985 1596 5047 de
1654 4985 1794 5066 ipso
1852 4986 2044 5049 etiam
2103 4987 2357 5052 diabolo

859 5086 1106 5169 possint
1149 5084 1438 5165 intelligi.

942 5186 1033 5248 Ad
1094 5185 1216 5247 boc
1272 5183 1473 5265 aliqui
1532 5182 1775 5257 dicunt,
1837 5185 2006 5265 quod
2064 5186 2357 5267 quamvis

863 5283 1153 5349 diabolus
1201 5282 1471 5346 aestimet
1520 5300 1587 5344 se
1631 5282 2040 5345 vehementer
2090 5285 2359 5366 punien-

2467 4302 2653 4363 batur
2698 4301 2778 4363 ab
2828 4309 2973 4363 actu
3027 4318 3040 4361 :
3091 4307 3154 4361 et
3200 4300 3369 4381 quod
3421 4319 3623 4382 usque
3672 4302 3739 4363 in
3787 4303 3955 4364 diem

2462 4400 2689 4481 judicii
2722 4401 3103 4474 demeretur,
3135 4406 3323 4481 atque
3354 4399 3420 4461 in
3450 4399 3555 4461 die
3585 4400 3695 4463 illo
3725 4420 3762 4462 a
3793 4401 3962 4464 Chri-

2466 4508 2563 4561 sto
2620 4516 2735 4581 pro
2785 4497 3072 4580 quolibet.
3121 4516 3235 4560 suo
3282 4505 3428 4559 actu
3480 4498 3647 4561 malo
3694 4500 3961 4582 recipiet

2465 4615 2740 4680 poenam.

2544 4695 2865 4758 Postremo
2914 4694 3290 4756 Guillelmus
3340 4694 3505 4758 libro
3554 4697 3835 4760 secundo
3881 4698 3959 4762 de

2466 4793 2792 4867 Universo‚
2813 4801 3079 4855 tractatu
3111 4794 3188 4855 de
3220 4793 3617 4857 daemonibus
3640 4812 3653 4857 z
3680 4795 3825 4858 Haec
3864 4805 3961 4860 est

2465 4891 2731 4973 (inquit)
2787 4891 3053 4954 societas
3112 4900 3301 4973 atque
3359 4893 3669 4955 connexio
3722 4893 3961 4959 virium

2467 4990 3077 5072 apprehensivarum
3106 5009 3178 5051 ac
3210 4990 3591 5053 motivarum
3623 4992 3957 5069 nobilium,

2469 5096 2539 5148 ut
2594 5088 2786 5149 simul
2846 5088 3262 5151 meliorentur
3311 5097 3419 5151 aut
3469 5090 3955 5155 deteriorentur.

2470 5184 2871 5248 Manifestum
2904 5204 3055 5248 vero
3087 5187 3219 5267 jam
3254 5194 3349 5249 est
3381 5187 3961 5254 innumerabilibus

2472 5284 2948 5366 experimentiS,
2996 5285 3165 5347 vires
3214 5286 3483 5348 motivas
3533 5288 3959 5369 malignorum
