4334 6242
513 4913 729 4969 Rectam
738 4917 777 4961 5.

806 481 929 554 308
1508 507 1566 556 m
1610 506 1830 556 mamm
1872 506 1916 554 ιι
1958 502 2439 553 sauram-mauu.
2484 522 2565 532 —
2607 501 2759 551 msr.
2802 504 2881 567 v;
2925 501 3148 560 Quinsr.
3194 501 3215 550 1

808 695 1002 758 quam
1032 684 1221 759 queat
1253 678 1501 752 habere,
1522 697 1647 742 non
1682 689 1892 740 tamen
1926 677 2071 760 plus
2102 681 2308 759 potest
2337 676 2390 736 A
2418 675 2728 756 generalis
2782 676 3067 757 quaedam
3123 674 3404 737 conditio
3453 691 3644 736 omne
3693 691 3926 755 pecca-

809 775 973 838 velle
1015 794 1207 856 quam
1255 778 1454 858 possit
1503 777 1816 840 aestimare
1852 794 1866 836 :
1900 776 2051 858 quia
2089 775 2309 836 volun-

808 881 901 934 tas
934 873 1326 935 intellectum
1361 876 1670 956 sequitur,
1704 893 1829 936 non
1862 874 2129 936 excedit..
2154 874 2308 934 1³1·ae-

807 979 998 1045 terea,
1051 972 1114 1033 in
1175 973 1399 1052 angelo
1446 991 1571 1036 non
1631 982 1725 1034 est
1769 973 1980 1054 passio
2039 991 2180 1054 quae
2229 990 2306 1033 ex

805 1069 1095 1151 appetitu
1155 1071 1414 1133 honoris
1475 1071 1621 1152 liget
1678 1071 1993 1151 judicium
2058 1070 2307 1131 intelle-

808 1174 970 1240 ctuS,
1015 1168 1180 1229 sicut
1232 1167 1298 1229 in
1342 1167 1543 1231 nobiS.
1578 1203 1658 1212 —
1696 1168 1855 1229 Hinc
1900 1168 2007 1228 alii
2059 1167 2302 1240 dicunt,

808 1265 977 1346 quod
1021 1265 1132 1327 Dei
1176 1266 1599 1346 aequalitatem
1648 1283 1775 1328 non
1824 1266 2095 1348 appetiit.
2142 1265 2304 1326 dire-

808 1371 929 1436 cte,
972 1363 1081 1425 sed
1132 1363 1440 1426 indirecte
1474 1382 1488 1426 :
1522 1365 1673 1446 quia
1719 1365 1989 1446 appetiit
2036 1364 2302 1445 aliquid,

807 1479 936 1543 quo
993 1461 1232 1533 habito,
1294 1471 1668 1542 sequeretur
1724 1463 1892 1543 quod
1950 1470 2117 1524 esset
2180 1462 2307 1523 Deo

807 1559 1090 1642 aequaliS,
1133 1559 1431 1622 videlicet
1480 1560 1639 1622 nulli
1688 1560 1968 1622 subesse.
2018 1560 2137 1623 Sed
2187 1578 2305 1622 nec

807 1658 927 1720 hoc
965 1658 1351 1720 conveniens
1384 1677 1522 1720 esse
1553 1659 1804 1721 videtur
1838 1677 1852 1720 :
1887 1659 2188 1740 quoniam
2222 1666 2308 1721 to-

806 1763 941 1818 tum
988 1755 1227 1818 bonum
1273 1756 1481 1838 angeli
1524 1757 1815 1820 consistit
1857 1757 1920 1819 in
1968 1758 2085 1819 hoc
2133 1757 2304 1838 quod

2418 782 2552 836 tum
2603 793 2997 855 consequens
3037 794 3114 836 ex
3155 782 3332 855 parte
3368 772 3736 834 aversionis
3771 772 3928 834 Ter-

2420 873 2506 934 tio
2559 872 2860 954 superbia
2909 871 3144 932 dicitur
3191 871 3586 933 inordinatus
3641 869 3927 951 propriae

2414 970 2809 1032 excellentiae
2845 971 3188 1052 appetitus,
3223 970 3573 1051 praesertim
3615 969 3679 1030 in
3721 969 3928 1030 hono·

2418 1089 2486 1132 re
2515 1077 2624 1130 aut
2653 1069 2958 1149 dignitate
2993 1086 3007 1130 ε
3041 1076 3100 1130 et
3133 1069 3224 1130 sic
3255 1075 3349 1130 est
3380 1067 3654 1150 speciale
3693 1085 3926 1148 pecca-

2417 1176 2578 1240 tum,
2630 1174 2693 1228 et
2751 1186 2950 1228 unum
3010 1173 3255 1248 septem
3308 1165 3676 1248 capitalium
3725 1165 3922 1228 vitio-

2416 1285 2580 1328 rum.
2607 1267 2838 1347 Sicque
2869 1267 3150 1348 primum
3185 1273 3514 1347 peccatum
3551 1264 3755 1344 angeli
3785 1263 3922 1326 fuit

2417 1363 2719 1445 superbia
2752 1382 2766 1426 :
2800 1365 2968 1446 quod
3009 1371 3179 1446 patet
3219 1371 3344 1426 tam
3388 1381 3465 1424 ex
3504 1381 3572 1425 re
3601 1362 3922 1424 desidera-

2415 1470 2498 1534 ta,
2542 1464 2840 1544 quoniam
2885 1462 3298 1525 eminentiam
3349 1461 3674 1542 dignitatis
3720 1479 3919 1543 appe-

2415 1561 2564 1639 tiit3
2614 1580 2808 1643 quam
2859 1580 2937 1622 ex
2989 1561 3251 1634 motivo,
3303 1560 3454 1643 quia
3499 1579 3576 1622 ex
3629 1560 3920 1622 conside-

2416 1659 2656 1721 ratione
2701 1659 2973 1740 propriae
3021 1657 3518 1740 pulchritudinis
3561 1657 3798 1719 corruit
3849 1656 3920 1718 in

2417 1766 2770 1838 peccatum.
2806 1793 2886 1802 —
2917 1758 3037 1819 Sed
3085 1757 3278 1837 objici
3331 1764 3534 1839 potest
3573 1774 3588 1818 :
3627 1756 3922 1837 quicum-

806 1854 935 1916 Deo
982 1853 1221 1927 subest,
1272 1856 1810 1935 quemadmodum
1864 1863 1994 1918 tota
2048 1854 2302 1917 claritas
2339 1852 2386 1913 B
2416 1873 2540 1936 que
2589 1855 2760 1917 enim
2809 1873 2932 1917 non
2983 1855 3111 1936 agit
3157 1855 3326 1936 quod
3377 1862 3647 1928 tenetur,
3693 1863 3922 1936 peccat

805 1953 968 2014 aeris
998 1959 1095 2015 est
1136 1952 1201 2013 in
1242 1953 1362 2015 hoc
1400 1954 1569 2035 quod
1610 1955 1952 2034 subjicitur
1983 1953 2176 2017 radiis
2210 1971 2304 2016 so-

807 2050 917 2128 lis;
948 2058 1011 2112 et
1041 2051 1129 2112 ita
1157 2051 1278 2112 hoc
1310 2051 1435 2114 non
1467 2052 1674 2133 potuit
1702 2052 1782 2114 ab
1812 2051 2035 2133 angelo
2063 2051 2298 2133 appeti.

886 2148 1031 2211 Ideo
1073 2148 1257 2211 aliter
1298 2157 1395 2211 est
1437 2149 1803 2223 dicendum,
1838 2150 2007 2231 quod
2057 2149 2304 2211 scilicet

804 2265 933 2309 non
980 2247 1249 2329 appetiit
1288 2247 1714 2330 aequalitatem
1763 2249 1874 2310 Dei
1924 2247 2304 2329 simpliciter

806 2352 1115 2426 quantum
1146 2345 1225 2406 ad
1256 2345 1675 2408 substantiam
1708 2346 2068 2421 desiderati,
2088 2354 2157 2407 ut
2187 2345 2304 2407 sci·

805 2443 954 2506 licet
982 2443 1173 2506 vellet
1212 2451 1449 2507 tantam
1491 2444 1836 2507 bonitatem
1870 2452 1932 2506 et
1972 2444 2304 2527 perfectio-

806 2560 953 2604 nem
984 2541 1217 2604 habere
1247 2549 1548 2624 quantam
1582 2542 1772 2604 habet
1803 2543 2003 2622 Deus3
2033 2543 2303 2624 appetiit

803 2647 1019 2702 tamen
1061 2639 1485 2721 aequalitatem
1524 2641 1876 2702 secundum
1920 2641 2096 2723 quid,
2131 2640 2301 2702 scili-

804 2743 907 2798 cet
944 2744 1255 2818 quantum
1282 2736 1375 2798 'ad
1418 2738 1677 2799 modum
1718 2737 2011 2826 habendi.
2047 2737 2301 2800 Bonitas

805 2833 1044 2915 quippe
1075 2841 1139 2895 et
1176 2833 1502 2897 beatitudo
1532 2835 1598 2896 in
1639 2835 1765 2897 Deo
1804 2842 1898 2897 est
1936 2854 2013 2896 ex
2052 2855 2167 2896 sua
2197 2854 2302 2896 na-

804 2939 946 2992 tura
975 2938 1165 3013 atque
1193 2931 1536 3006 fontaliter,
1562 2933 1645 2994 ita
1677 2933 1845 3014 quod
1874 2934 1954 2995 ab
1990 2933 2127 3015 ipso
2157 2933 2300 2996 aliis

2415 1971 2528 2034 per
2558 1953 3008 2032 omissionem3
3039 1954 3150 2016 sed
3188 1952 3450 2034 angelus
3485 1952 3708 2014 debuit
3746 1951 3920 2014 intra

2412 2071 2479 2114 se
2523 2051 2812 2114 conferre
2854 2059 2916 2114 et
2959 2051 3233 2132 cogitare
3281 2052 3360 2113 de
3401 2051 3618 2114 divina
3663 2051 3919 2113 ordina·

2412 2149 2605 2222 tione,
2639 2169 2718 2211 ne
2759 2169 2896 2213 eam
2935 2151 3267 2212 excederet
3303 2167 3317 2211 ε
3351 2149 3520 2230 quod
3562 2166 3688 2211 non
3730 2149 3911 2211 fecit..

2411 2248 2787 2322 Dicendum,
2839 2248 3008 2329 quod
3065 2247 3326 2310 omissio
3374 2247 3756 2329 quandoque
3811 2253 3918 2308 est

2411 2345 2687 2427 speciale
2717 2353 3072 2428 peccatum,
3094 2346 3348 2427 quando
3377 2345 3674 2408 videlicet
3703 2344 3919 2407 dimit·

2411 2445 2567 2506 titur
2595 2445 2764 2526 quod
2805 2443 2962 2521 fieri,
2986 2443 3195 2516 debet,
3227 2461 3302 2506 eo
3341 2443 3510 2524 quod
3549 2443 3918 2524 specialiter

2408 2542 2661 2622 jussum
2709 2547 2822 2603 est.
2873 2541 3194 2603 Interdum
3247 2549 3341 2602 est
3389 2540 3670 2604 conditio
3716 2557 3916 2603 omne

2413 2647 2744 2722 peccatum
2809 2639 3262 2713 concomitans,
3323 2639 3677 2700 secundum
3738 2639 3915 2720 quod

2410 2745 2503 2800 est
2531 2738 2820 2800 dimissio
2849 2737 3121 2817 alicujus
3151 2737 3644 2800 circumstantia)
3675 2737 3742 2798 iu
3769 2755 3918 2819 ope·

2411 2854 2478 2897 re
2508 2835 2917 2898 observandae
2939 2853 2954 2896 :
2974 2841 3036 2896 et
3065 2834 3158 2896 sic
3191 2834 3252 2896 in
3289 2834 3496 2916 primo
3524 2834 3734 2914 angeli
3767 2853 3918 2916 pec-

2411 2942 2550 2996 cato
2608 2932 2732 2995 fuit
2789 2933 3068 2995 omissio.
3133 2919 3426 2994 Attamen
3485 2932 3613 2995 dici
3677 2938 3913 3014 potest,

806 3030 1335 3093 communicatur.
1374 3031 1608 3094 Videns
1658 3033 1853 3112 igitur
1900 3032 2161 3113 angelus
2212 3032 2301 3094 di·
2337 3031 2381 3096 C
2411 3033 2580 3113 quod
2628 3049 2756 3094 non
2807 3030 3140 3093 tenebatur
3185 3029 3516 3093 actualiter
3565 3036 3718 3091 tunc
3767 3048 3918 3092 con·

803 3128 1106 3209 gnitatem
1140 3148 1270 3192 suae
1301 3136 1561 3204 naturae,
1584 3149 1709 3212 qua
1739 3130 2043 3192 creaturis
2074 3129 2301 3192 ceteris

804 3225 1279 3308 praeeminebat,
1298 3226 1499 3290 voluit
1530 3246 1567 3289 a
1596 3247 1663 3289 se
1694 3227 2041 3290 bonitatem
2075 3234 2138 3288 et
2166 3227 2305 3290 bea-

803 3323 1144 3386 titudinem
1176 3324 1243 3386 in
1274 3325 1491 3387 omnia
1527 3325 1827 3388 inferiora
1857 3325 2166 3404 derivari3
2200 3344 2305 3389 vo-

804 3422 924 3484 luit
951 3441 1205 3504 quoque
1236 3441 1351 3504 per
1379 3423 1690 3486 naturalia
1723 3443 1837 3485 sua
1872 3423 1935 3485 in
1967 3423 2303 3487 beatitudi-

803 3521 906 3583 nis
937 3519 1394 3602 perfectionem
1430 3521 1787 3602 pertingere
1821 3538 1835 3582 :
1869 3522 2012 3584 ideo
2045 3522 2300 3596 dicitur,

807 3618 977 3700 quod
1018 3618 1157 3681 sine
1198 3619 1427 3681 merito
1458 3618 1659 3681 voluit
1696 3619 1982 3683 obtinere
2022 3621 2192 3702 quod
2227 3640 2302 3684 ex

807 3715 1052 3779 meritis
1096 3716 1229 3779 suis
1268 3716 1615 3792 habuisset,
1647 3717 1701 3780 si
1745 3719 2141 3800 perstitisset.
2177 3720 2303 3781 Nec

804 3815 996 3877 etiam
1031 3820 1342 3896 quantum
1370 3816 1449 3877 ad
1481 3816 1741 3878 modum
1778 3816 2073 3891 habendi,
2101 3817 2304 3879 voluit

806 3913 935 3976 Deo
972 3912 1353 3995 simpliciter
1390 3914 1787 3996 aequiparari.
1821 3915 1957 3977 Non
1996 3915 2168 3977 enim
2201 3934 2306 3978 vo-

806 4011 927 4074 luit
964 4029 1002 4074 a
1038 4029 1105 4074 se
1146 4010 1517 4074 felicitatem
1557 4011 1813 4086 habere,
1846 4031 1963 4074 nec
2000 4031 2137 4075 esse
2177 4013 2304 4094 pri-

807 4128 985 4171 mum
1025 4108 1475 4172 transfundens
1506 4109 1572 4171 in
1610 4109 1807 4188 alios3
1838 4111 1948 4172 sed
1988 4129 2024 4171 a
2058 4110 2207 4184 Dec,
2242 4119 2305 4174 et

2410 3129 2598 3203 ferre,
2631 3129 2783 3212 quia
2824 3137 2886 3191 et
2927 3129 3052 3191 alio
3095 3129 3284 3191 modo
3330 3129 3536 3211 potuit
3573 3136 3916 3210 peccatum

2413 3227 2628 3291 vitare.
2675 3227 2818 3290 Haec
2863 3227 3031 3289 idem
3076 3226 3336 3289 ibidem.

2476 3327 2782 3389 Praeterea
2814 3325 2878 3387 in
2909 3326 3120 3407 prima
3147 3333 3324 3407 parte
3351 3324 3643 3398 Summae‚
3663 3325 3916 3406 quaesti-

2411 3443 2530 3488 one
2579 3424 2968 3505 sexagesima
3013 3424 3218 3498 tertia,
3264 3424 3651 3505 respondens
3701 3424 3780 3486 ad
3830 3425 3915 3486 is-

2411 3524 2545 3598 tud,
2581 3522 2767 3605 quale
2801 3523 3041 3584 malum
3080 3522 3285 3604 culpae
3321 3521 3520 3603 possit
3556 3521 3621 3583 in
3663 3522 3912 3603 angelis

2413 3621 2597 3683 malis
2631 3638 2807 3682 esse:
2834 3620 3188 3694 Peccatum,
3211 3620 3441 3701 inquit,
3466 3626 3672 3702 potest
3703 3620 3769 3682 in
3797 3621 3914 3682 ali-

2413 3738 2540 3801 quo
2567 3737 2707 3781 esse
2736 3717 3096 3801 dupliciter.
3132 3718 3362 3792 Prim0,
3391 3719 3743 3780 secundum
3779 3737 3916 3781 rea-

2413 3825 2582 3896 tum3
2615 3817 2916 3890 secund0‚
2951 3816 3304 3878 secundum
3333 3813 3662 3878 affectum.
3696 3816 3914 3880 Primo

2415 3917 2604 3978 modo
2634 3916 2932 3978 universa
2953 3921 3213 3997 peccata
3244 3914 3308 3975 in
3339 3914 3736 3977 daemonibus
3767 3933 3914 3997 pos-

2415 4019 2562 4075 sunt
2609 4031 2769 4086 esse‚
2813 4013 2964 4095 quia
3007 4013 3161 4075 dum
3209 4011 3503 4074 homines
3551 4013 3630 4074 ad
3677 4021 3916 4076 cuncta

2415 4119 2672 4194 peccata
2716 4111 3047 4185 inducunt,
3089 4110 3379 4174 omnium
3427 4109 3729 4172 vitiorum
3777 4129 3916 4174 rea-

806 4194 929 4270 sub
978 4207 1126 4282 Dee,
1174 4208 1527 4271 secundum
1577 4208 1746 4290 quod
1797 4208 1961 4270 Deus
2012 4208 2077 4270 in
2126 4210 2304 4272 omni
2334 4219 2383 4282 D
2414 4219 2550 4272 tum
2595 4210 2947 4271 incurrunt.
2995 4209 3356 4272 Secundum
3407 4207 3712 4271 affectum
3755 4227 3914 4273 vero

804 4313 1101 4388 operatur
1128 4313 1362 4368 natura.
1380 4339 1454 4352 —
1472 4307 1615 4369 Haec
1645 4307 1910 4370 Thomas
1944 4307 2007 4370 in
2037 4307 2299 4390 Scripto.

885 4404 979 4467 Ad
1043 4403 1458 4486 quaestionem
1522 4405 1780 4467 demum
1840 4405 2025 4481 hanc,
2086 4414 2302 4469 utrum

806 4509 1138 4584 peccatum
1168 4502 1468 4565 daemonis
1497 4503 1525 4564 f
1528 4503 1691 4566 uerit
1720 4504 2029 4586 superbia,
2051 4524 2307 4588 respon-

807 4600 1016 4663 dendo
1048 4616 1063 4661 ε
1097 4600 1428 4682 Superbia,
1463 4601 1691 4683 inquit,
1735 4602 2070 4684 tripliciter
2107 4604 2304 4665 sumi-

807 4707 929 4760 tur.
964 4696 1175 4760 Primo
1210 4697 1639 4773 habitualiter,
1673 4719 1789 4782 pro
1819 4700 2304 4764 inclinabilitate

806 4795 885 4858 ad
920 4795 1423 4878 superbiendum
1454 4815 1530 4860 ex
1563 4797 2035 4861 inflexibilitate
2065 4807 2305 4863 naturae

806 4901 918 4958 aut
965 4894 1207 4958 fomitis
1252 4897 1656 4979 corruptione
1692 4916 1705 4959 :
1740 4898 1961 4979 sicque
2005 4898 2306 4980 superbia

806 5001 1070 5058 vocatur
1117 4993 1375 5056 initium
1427 4995 1635 5058 omnis
1693 4996 1959 5079 peccati.
2014 4997 2305 5062 Secundo

805 5091 1159 5166 actualiter,
1194 5098 1382 5174 prout
1420 5093 1566 5174 quis
1596 5094 1786 5156 effert
1822 5114 1891 5158 se
1929 5103 2107 5157 extra
2142 5096 2308 5158 limi-

805 5197 900 5252 tes
935 5189 1269 5271 jussionis,
1302 5198 1372 5253 ut
1412 5192 1808 5273 praecipienti
1849 5211 1978 5256 non
2008 5194 2308 5275 subjicia-

805 5296 911 5352 tur
945 5304 958 5350 :
993 5294 1054 5350 ct
1086 5288 1171 5350 ita
1210 5306 1337 5351 non
1368 5298 1462 5352 est
1494 5291 1767 5372 speciale
1806 5302 2161 5374 peccatum,
2196 5295 2306 5356 scd

2415 4307 2524 4370 illa
2555 4308 2882 4370 dumtaxat
2913 4314 3170 4388 peccata
3207 4307 3271 4368 in
3311 4307 3405 4368 eis
3445 4312 3616 4380 sunt,
3647 4307 3726 4368 ad
3766 4327 3913 4389 quae

2415 4415 2637 4469 natura
2676 4404 3025 4489 spiritualis
3063 4404 3346 4467 afficitur
3380 4423 3393 4466 ε
3429 4424 3570 4486 quae
3601 4423 3729 4468 non
3768 4405 3916 4468 atfi-

2415 4506 2582 4567 citur
2621 4504 2698 4567 ad
2743 4504 2908 4567 bona
2949 4503 3199 4586 corpori
3243 4504 3522 4586 propria,
3562 4502 3673 4565 sed
3715 4504 3792 4566 ad
3833 4523 3918 4567 ea

2415 4623 2556 4686 quai
2605 4603 2669 4666 in
2719 4603 2909 4665 rebus
2957 4601 3400 4684 spiritualibus
3445 4602 3719 4664 inveniri
3765 4621 3914 4685 pos·

2414 4710 2581 4764 sunt.
2627 4701 2728 4764 Nil
2776 4701 2947 4763 enim
2999 4700 3285 4764 afficitur
3324 4700 3451 4762 nisi
3499 4701 3578 4762 ad
3621 4700 3686 4762 id
3735 4702 3914 4783 quod

2415 4821 2545 4864 suae
2587 4807 2826 4862 naturae
2873 4799 3088 4881 aliquo
3131 4799 3318 4862 modo
3359 4807 3456 4862 est
3497 4798 3910 4863 conveniens

2414 4898 2484 4961 In
2515 4897 2954 4981 spiritualibus
2985 4905 3196 4960 autem
3224 4897 3409 4960 bonis
3441 4916 3565 4961 non
3593 4904 3798 4981 potest
3821 4917 3918 4962 es-

2415 5017 2481 5060 se
2527 5005 2856 5079 peccatum
2899 4996 3053 5058 dum
3095 4995 3326 5077 aliquis
3367 4996 3446 5057 ad
3488 5014 3562 5058 ea
3599 4994 3910 5072 afficitur,

2414 5095 2538 5157 nisi
2589 5113 2702 5176 per
2749 5095 2866 5156 hoc
2915 5095 3084 5176 quod
3133 5094 3201 5155 in
3248 5093 3358 5157 tali
3405 5092 3644 5155 affectu
3693 5095 3916 5174 regula

2415 5193 2762 5276 superioris
2794 5210 2918 5254 non
2951 5192 3340 5256 observatur.
3375 5191 3452 5254 Et
3479 5192 3600 5254 hoc
3637 5201 3735 5254 est
3763 5211 3914 5274 pec-

2416 5301 2626 5355 catum
2658 5291 2994 5373 superbire,
3020 5309 3147 5355 non
3175 5291 3363 5354 subdi
3393 5291 3703 5373 superiori
3739 5291 3806 5354 in
3831 5309 3914 5358 eo

4125 3448 4230 3490 .2.
