4334 6242
794 457 916 525 298

1452 477 1518 524 m
1558 476 1779 523 LIBRUM
1820 475 1865 522 11
1906 474 2386 522 SENTENTIARUN.
2433 492 2514 502 —-
2553 473 2707 521 Dlsr.
2754 472 2856 537 1v3
2899 474 3121 530 QUAEST.
3167 471 3230 519 IV

794 649 915 712 hoc
955 649 1234 712 secundo
1274 649 1461 713 modo
1501 648 1778 730 cognitio
1806 647 2167 729 vespertina
2198 647 2290 708 di·
2319 646 2371 710 A
2403 645 2682 708 Verbum
2723 649 2786 707 et
2825 645 2994 726 ipsas
3037 664 3139 708 res
3177 645 3243 707 in
3280 645 3504 708 Verbo.
3541 645 3644 708 Sic
3679 635 3906 707 autem

794 749 853 811 ci
901 749 1131 830 poterit
1174 748 1479 811 naturalis
1515 769 1529 813 ε
1565 749 1693 811 imo
1736 754 1795 809 et
1844 746 2052 828 primo
2103 747 2292 809 modo

792 849 1156 930 vespertina
1185 849 1554 929 angelorum
1595 846 1820 908 notitia
1850 844 2085 907 dicitur
2114 852 2294 907 natu-

792 947 963 1021 raliS,
1000 966 1125 1029 qua
1167 947 1373 1028 angeli
1417 966 1494 1008 ex
1537 965 1651 1007 sua
1688 944 1959 1006 naturali
2000 941 2294 1025 perfecti-

791 1065 911 1110 one
954 1053 1298 1128 potuerunt
1347 1063 1723 1127 cognoscere
1767 1062 1865 1106 res
1918 1043 1980 1104 in
2026 1061 2092 1105 se
2135 1043 2291 1125 ipsis

792 1146 894 1208 vel
939 1146 1004 1207 in
1051 1145 1309 1228 proprio
1350 1162 1599 1226 genere.

872 1245 1081 1306 Tertio
1132 1243 1457 1324 quaeritur,
1505 1261 1585 1304 an
1634 1241 1864 1304 divisio
1912 1242 2031 1303 ista
2081 1239 2292 1320 cogni-

793 1342 983 1404 tionis
1022 1341 1323 1423 angelicae
1364 1341 1427 1402 in
1474 1340 1849 1402 matutinam
1892 1347 1955 1401 et
1989 1337 2292 1420 vesperti-

792 1459 961 1514 nam,
982 1440 1059 1502 sit
1092 1437 1725 1501 sufficienS.Videtur
1755 1437 1921 1518 quod
1956 1454 2079 1499 non
2105 1435 2292 1517 :quia

790 1538 1141 1600 secundum
1204 1536 1655 1619 Augustinum,
1706 1535 1969 1616 angelus
2030 1553 2128 1596 res
2189 1553 2290 1597 co-

788 1637 1035 1718 gnoscit
1078 1637 1143 1698 in
1172 1636 1399 1711 verbe,
1433 1643 1497 1698 et
1538 1636 1599 1697 in
1637 1655 1705 1698 se
1745 1635 1905 1717 ipse,
1938 1642 2000 1696 et
2042 1634 2102 1695 in
2147 1627 2290 1715 pro-

792 1735 931 1817 prio
961 1753 1192 1816 genere
1222 1754 1434 1797 rerum
1472 1752 1486 1796 :
1521 1753 1669 1814 ergo
1700 1734 1820 1796 erit
1852 1751 1976 1794 una
2012 1731 2289 1813 cognitio

2403 762 2529 807 non
2579 753 2674 806 est
2721 745 2942 808 eadem
2993 743 3156 806 visio
3200 763 3325 825 qua
3381 763 3482 806 res
3530 744 3784 806 videtur
3833 743 3914 804 in

2403 843 2668 916 lumine,
2731 851 2794 906 et
2853 862 2979 924 qua
3035 842 3128 904 sol
3187 842 3457 905 videtur.
3519 843 3678 906 Hinc
3735 842 3915 905 visio

2401 941 2591 1004 Verbi
2643 942 2707 1004 in
2761 942 2899 1024 ipso
2947 941 3174 1014 Verb0‚
3225 949 3322 1004 est
3369 941 3646 1022 cognitio
3697 950 3914 1004 matu-

2401 1040 2551 1102 tina.
3163 1114 3168 1119 ε

2483 1139 2670 1202 Sexto
2729 1139 3058 1221 quaeritur‚
3114 1157 3192 1200 an
3250 1138 3570 1202 daemones
3630 1138 3918 1200 habeant

2404 1237 2829 1316 cognitionem
2863 1236 3310 1318 vespertinam.
3331 1235 3706 1310 Dicendum,
3729 1237 3914 1318 quod

2403 1335 2801 1398 extendendo
2861 1353 3093 1398 nomen
3156 1335 3535 1416 vespertinas
3596 1334 3916 1416 cognitio—

2403 1433 2666 1506 niS,dici
2698 1440 2905 1515 potest
2935 1434 3102 1514 quod
3134 1433 3438 1495 naturalis
3470 1433 3747 1514 cognitio
3775 1451 3914 1514 qua

2402 1533 2720 1594 daemones
2759 1531 2823 1593 in
2865 1531 3184 1614 principio
3223 1539 3654 1612 cognoverunt
3691 1549 3792 1594 res
3837 1531 3908 1593 in

2402 1649 2468 1692 se
2509 1639 2572 1693 et
2611 1630 2678 1692 in
2719 1631 2978 1713 proprio
3016 1649 3268 1712 genere,
3303 1631 3513 1693 vocari
3555 1629 3760 1692 valeat
3797 1649 3912 1692 ve-

2401 1729 2683 1810 spertina
2751 1737 3042 1810 respectu
3113 1728 3458 1809 cujuslibet
3519 1727 3906 1809 cognitionis

792 1833 1122 1907 matutina,
1162 1834 1287 1895 alia
1335 1833 1705 1906 meridiana,
1755 1832 1939 1894 tertia
1985 1830 2288 1912 vesperti-
2323 1828 2372 1892 B
2401 1827 2707 1906 gratuitae.
2757 1862 2838 1871 —
2883 1826 3026 1888 Haec
3073 1826 3445 1888 Alexander.
3495 1826 3611 1900 Qui
3671 1826 3734 1888 in
3793 1826 3906 1886 ha-

792 1951 889 1995 na.
932 1967 1013 1977 —
1061 1932 1434 2003 Dicendum,
1490 1930 1657 2012 quod
1716 1929 1994 2010 cognitio
2050 1928 2289 1992 dicitur

791 2031 1173 2112 vespertina,
1217 2049 1343 2114 non
1394 2030 1600 2093 solum
1648 2049 1775 2110 qua
1816 2034 2288 2108 cognoscuntur

791 2149 891 2191 res
938 2129 1001 2190 in
1045 2148 1274 2210 genere
1325 2146 1461 2202 suo,
1506 2129 1616 2190 sed
1663 2129 1814 2190 item
1864 2126 1972 2188 illa
2016 2145 2139 2207 qua
2188 2143 2288 2188 co·

789 2236 1182 2310 gnoscuntur
1244 2227 1309 2289 in
1376 2227 1599 2308 angelo
1666 2225 2002 2308 speciebus
2071 2242 2283 2286 rerum

789 2327 999 2409 pleno,

867 2425 1099 2499 Quarto
1146 2423 1471 2506 quaeritur,
1516 2443 1656 2504 quae
1707 2423 1930 2484 harum
1980 2422 2284 2504 cognitio-

786 2543 943 2586 num
980 2523 1061 2585 sit
1092 2523 1360 2604 dignior.
1394 2521 1950 2603 Respondendum‚
1985 2521 2152 2602 quod
2179 2538 2287 2583 -co-

786 2617 990 2703 gnitio
1021 2623 1329 2684 matutina
1353 2639 1367 2682 :
1392 2621 1543 2702 quia
1574 2638 1687 2702 per
1719 2619 1891 2682 illam
1934 2625 2286 2681 noscuntur

790 2740 889 2783 res
932 2721 995 2782 in
1038 2720 1164 2781 Deo
1194 2738 1307 2801 per
1345 2719 1626 2802 speciem
1668 2718 2009 2779 increatam
2052 2716 2284 2778 clarius

786 2838 861 2882 ac
890 2819 1117 2900 purius
1150 2836 1339 2899 quam
1373 2819 1437 2879 in
1473 2817 1686 2899 aliqua
1714 2836 1781 2879 re
1814 2823 2040 2879 ereata.
2075 2815 2284 2878 Potior

791 2934 1043 2998 quoque
1092 2922 1188 2976 est
1236 2913 1513 2994 cognitio
1559 2913 1922 2995 vespertina
1976 2931 2089 2994 per
2146 2931 2286 2994 spe-

2401 1944 2542 1986 rum
2584 1923 3009 1987 solutionibus
3040 1925 3463 2006 quaestionum
3497 1925 3712 2005 aliqua
3741 1924 3898 1986 scri-

2398 2021 2493 2083 bit
2532 2021 2713 2102 juxta
2756 2022 3134 2105 praehabitas
3181 2043 3326 2085 suas
3369 2023 3723 2104 opinioneS‚
3757 2022 3898 2103 qui-

2398 2120 2518 2183 bus
2558 2121 2852 2202 opinatus
2889 2129 2981 2184 est
3012 2121 3267 2202 angelos
3306 2139 3434 2183 non
3475 2139 3611 2182 esse
3652 2128 3897 2182 creatos

2398 2219 2460 2280 in
2491 2219 2713 2300 gratia,
2747 2228 2810 2282 et
2838 2219 3008 2302 quod
3039 2239 3075 2281 a
3104 2220 3292 2281 rebus
3326 2219 3552 2281 creatis
3583 2219 3897 2301 recipiant

2397 2317 2641 2398 species
2694 2337 2708 2382 :
2762 2335 3034 2399 quorum
3086 2317 3452 2398 oppositum
3509 2335 3703 2398 supra
3749 2335 3896 2398 pro-

2397 2414 2617 2477 batum
2659 2424 2776 2490 est,
2812 2415 3051 2477 idcirco
3095 2422 3477 2498 pertranseo.

2475 2515 2663 2578 Porro
2694 2515 2772 2576 de
2799 2514 2901 2577 his
2930 2515 3200 2577 Thomas
3231 2532 3357 2577 non
3390 2521 3612 2576 tractat
3643 2515 3706 2576 in
3735 2514 3902 2576 Scri-

2395 2621 2525 2694 pt0,
2547 2613 2656 2674 sed
2688 2613 2754 2675 in
2789 2613 2994 2696 prima
3024 2619 3201 2694 parte
3232 2613 3898 2694 Summae‚quaestione

2397 2711 2922 2793 quinquagesima
2969 2719 3190 2774 octava
3237 2729 3250 2773 :
3298 2711 3364 2773 Id
3410 2711 3676 2793 (inquit)
3722 2713 3896 2794 quod

2395 2809 2630 2871 dicitur
2668 2811 2744 2872 de
2785 2809 3146 2890 cognitione
3187 2810 3497 2872 matutina
3537 2817 3600 2871 et
3638 2827 3899 2891 vesper-

2393 2907 2548 2981 tina,
2601 2907 3034 2970 introductum
3082 2914 3181 2968 est
3226 2907 3306 2971 ab
3353 2907 3728 2990 Augustin0‚
3779 2907 3900 2989 qui

788 3015 952 3078 ciem
984 3013 1208 3094 angelo
1238 3018 1657 3084 concreatam,
1690 3010 1987 3073 videlicet
2017 3030 2158 3091 quae
2189 3017 2284 3071 est
2321 3011 2364 3074 C
2396 3025 2504 3068 sex
2556 3005 2692 3067 dies
2756 3006 2820 3068 in
2869 3005 3103 3087 quibus
3162 3006 3395 3086 legitur
3440 3007 3606 3068 Deus
3665 3014 3902 3068 cuncta

788 3113 853 3175 in
900 3111 1125 3193 angelo
1173 3111 1334 3192 ipse,
1377 3129 1568 3191 quam
1619 3108 1895 3189 cognitio
1945 3127 2157 3170 rerum
2218 3108 2284 3170 in

788 3210 1045 3294 proprio
1086 3227 1339 3290 genere,
1371 3216 1434 3271 et
1475 3214 1661 3290 prout
1699 3213 1847 3268 sunt
1891 3207 1955 3268 in
2004 3206 2140 3288 ipsa
2183 3225 2285 3268 ex-

786 3307 1076 3372 sistentia
1117 3306 1368 3370 actuali.

866 3406 1098 3480 Quinto
1129 3405 1453 3486 quaeritur,
1480 3411 1691 3464 utrum
1724 3402 2000 3484 cognitio
2030 3421 2155 3483 qua
2184 3421 2288 3464 an-

788 3505 968 3586 gelus
999 3503 1300 3582 intelligit
1320 3501 1598 3564 Verbum
1630 3510 1953 3572 aeternum,
1977 3500 2065 3561 sit
2093 3509 2288 3562 matu-

792 3603 940 3665 tina.
982 3601 1248 3663 Videtur
1286 3600 1455 3682 quod
1500 3617 1625 3662 non
1671 3619 1685 3662 :
1730 3599 1881 3680 quia
1930 3599 2283 3660 seeundum

788 3699 1232 3782 Augustinum,
1251 3698 1528 3778 cognitio
1557 3697 1791 3759 dicitur
1818 3696 2145 3770 matutina,
2162 3716 2287 3777 qua

791 3817 891 3861 res
941 3804 1164 3860 creatae
1202 3797 1501 3858 videntur
1547 3795 1609 3857 in
1654 3795 1876 3858 Verbo.
1916 3795 2078 3876 Ergo
2121 3795 2288 3857 sicut

790 3897 964 3960 aliud
1002 3905 1097 3959 est
1129 3895 1362 3957 intueri
1404 3895 1619 3956 lumen
1664 3895 1837 3969 solis,
1872 3895 2042 3956 aliud
2080 3913 2180 3956 res
2221 3894 2286 3954 in

794 3996 1073 4073 lumine;
1117 3995 1209 4055 sic
1240 3993 1413 4056 aliud
1454 3993 1703 4074 aliaque
1737 3993 2011 4072 cognitio
2046 3999 2161 4067 est,
2195 3992 2288 4053 vi-

792 4095 941 4156 dere
999 4113 1100 4156 res
1158 4093 1223 4154 in
1271 4091 1499 4164 VerbO,
1548 4098 1610 4153 et
1661 4091 1869 4172 ipsum
1920 4090 2289 4171 conspicere

2395 3101 2645 3176 fecisse,
2679 3103 2939 3184 exponit
2968 3120 3094 3164 non
3127 3103 3205 3165 de
3236 3102 3484 3164 usitatis
3525 3102 3750 3165 diebus
3781 3103 3901 3184 qui

2395 3199 2546 3263 solis
2578 3201 2849 3262 circuitu
2881 3208 3289 3282 peraguntur,
3311 3219 3510 3282 quum
3545 3199 3637 3262 sol
3670 3209 3902 3282 quarto

2396 3298 2498 3361 die
2547 3298 2750 3361 factus
2800 3299 3062 3379 legatur,
3109 3298 3219 3360 sed
3268 3300 3348 3360 de
3398 3316 3526 3360 uno
3574 3299 3697 3373 dic,
3741 3307 3906 3379 puta

2397 3396 2758 3477 cognitione
2799 3396 3086 3478 angelica
3131 3417 3239 3459 sex
3290 3415 3505 3459 rerum
3553 3398 3903 3478 generibus

2397 3502 2789 3576 praesentata.
2832 3494 3377 3567 Quemadmodum
3422 3503 3636 3556 autem
3682 3495 3746 3557 in
3789 3495 3904 3558 die

2397 3599 2720 3666 consueto,
2773 3611 2959 3654 mane
3008 3601 3103 3654 est
3150 3593 3277 3655 diei
3328 3592 3741 3676 principium,
3793 3613 3906 3655 ve-

2398 3708 2582 3772 spere
2627 3691 2939 3753 terminus
2989 3711 3002 3754 :
3056 3691 3142 3753 ita
3190 3691 3468 3772 cognitio
3517 3691 3716 3774 ipsius
3767 3692 3906 3773 pri-

2400 3787 2726 3850 mordialis
2756 3807 2894 3851 esse
2926 3807 3163 3862 rerum,
3196 3789 3433 3850 dicitur
3461 3789 3736 3870 cognitio
3769 3808 3906 3850 ma-

2399 3886 2624 3960 tutina,
2649 3893 2712 3949 et
2743 3887 2874 3949 haec
2905 3894 2998 3949 est
3031 3887 3382 3948 secundum
3416 3888 3585 3970 quod
3617 3906 3715 3949 res
3747 3896 3906 3950 sunt

2400 3985 2464 4047 in
2508 3983 2751 4062 Verb03
2795 3985 3072 4066 cognitio
3115 3992 3327 4047 autem
3375 3985 3576 4067 ipsius
3619 4004 3758 4047 esse
3801 3987 3902 4048 rei

2399 4090 2624 4146 creatae
2663 4083 3014 4144 secundum
3057 4083 3226 4164 quod
3267 4083 3332 4144 in
3373 4083 3630 4164 propria
3671 4090 3906 4146 natura

791 4191 1091 4254 Verbum.
1126 4227 1206 4235 —
1234 4189 1765 4271 Respondendum
1806 4207 1883 4251 ex
1917 4186 2131 4250 verbis
2169 4188 2291 4249 Au·
2320 4186 2368 4248 D
2400 4181 2710 4254 consistit,
2745 4181 2977 4242 dicitur
3014 4181 3392 4262 vespertina.
3428 4181 3586 4243 Nam
3625 4200 3764 4243 esse
3802 4200 3906 4244 re-

794 4288 1055 4370 gustini,
1089 4287 1167 4349 ad
1197 4287 1485 4350 Orosium
1521 4286 1611 4348 sic
1643 4285 1912 4347 dicentis
1948 4304 1961 4347 :
1995 4284 2124 4346 Hoc
2157 4303 2290 4366 pos-

797 4406 863 4449 se
914 4385 1181 4466 intelligi
1240 4384 1532 4456 arbitror,
1584 4384 1753 4464 quod
1815 4383 1980 4445 Deus
2038 4401 2165 4444 non
2224 4383 2288 4444 in

799 4485 937 4566 ipso
984 4484 1087 4546 die
1136 4483 1410 4565 septimo
1460 4481 1795 4564 requievit,
1851 4489 2148 4562 tanquam
2202 4481 2293 4542 in—

796 4584 1017 4664 digens
1060 4583 1163 4644 die
1214 4582 1326 4644 illo
1373 4589 1445 4643 ut
1493 4581 1557 4643 in
1610 4580 1750 4662 ipso
1796 4587 1963 4642 esset
2009 4579 2289 4657 beatior3

795 4682 905 4744 sed
935 4681 1147 4762 ipsum
1179 4679 1347 4742 diem
1382 4679 1749 4760 septimum,
1779 4679 1841 4739 id
1873 4686 1966 4740 est
1998 4685 2289 4740 naturam

796 4779 1171 4861 angelicam,
1215 4777 1587 4860 perduxisse
1630 4777 1705 4838 ad
1752 4776 2037 4856 requiem
2082 4796 2288 4850 suam,

799 4885 867 4940 ut
910 4877 1200 4940 viderent
1248 4876 1313 4936 in
1362 4876 1490 4937 Deo
1539 4875 1704 4937 sicut
1746 4893 1999 4936 omnem
2053 4882 2295 4936 creatu-

798 4996 932 5039 ram
979 4974 1400 5047 formandam,
1435 4975 1521 5035 ita
1562 4980 1624 5034 et
1666 4973 1847 5034 illum
1892 4973 2000 5054 qui
2046 4973 2290 5036 nullam

798 5083 1151 5137 creaturam
1194 5090 1309 5154 pro
1342 5070 1690 5152 indigentia
1729 5090 1861 5142 sua,
1896 5070 2005 5132 sed
2042 5089 2117 5131 ex
2160 5070 2294 5133 sola

801 5192 915 5235 sua
947 5171 1182 5234 fecerat
1212 5169 1511 5232 bonitate.
1549 5169 1637 5230 Ex
1670 5187 1796 5250 quo
1826 5168 2097 5241 videtur,
2123 5170 2292 5250 quod

801 5272 1021 5334 eadem
1053 5270 1134 5332 sit
1166 5269 1328 5332 visio
1357 5267 1655 5331 beatifica
1684 5287 1809 5350 qua
1838 5267 2045 5350 angeli
2075 5267 2295 5330 vident

2399 4299 2542 4341 rum
2584 4277 2729 4341 fluit
2759 4299 2795 4341 a
2822 4278 3030 4341 Verbo
3069 4287 3305 4341 aeterno
3343 4280 3508 4340 sicut
3545 4299 3582 4342 a
3620 4281 3901 4361 quodam

2400 4377 2792 4460 primordiali
2827 4377 3181 4459 principi03
3222 4384 3286 4438 et
3316 4378 3433 4439 iste
3463 4376 3743 4440 effluxus
3775 4387 3904 4441 ter-

2403 4475 2680 4537 minatur
2729 4475 2806 4537 ad
2854 4493 2992 4537 esse
3041 4494 3254 4536 rerum
3305 4477 3474 4557 quod
3525 4477 3588 4538 in
3639 4477 3905 4559 propria

2400 4573 2636 4636 habent
2665 4574 3084 4636 natura.——Si
3116 4581 3328 4636 autem
3360 4574 3720 4655 objiciatur,
3746 4577 3906 4657 quia

2401 4675 2567 4737 inter
2606 4693 2868 4758 vespere
2911 4684 2974 4737 et
3014 4694 3198 4738 mane
3242 4675 3409 4737 cadit
3453 4693 3597 4749 nox,
3631 4685 3692 4737 et
3733 4676 3906 4739 inter

2403 4792 2588 4835 mane
2633 4782 2692 4836 et
2741 4792 3002 4855 vespere
3047 4773 3215 4836 cadit
3259 4773 3557 4836 meridies
3595 4793 3610 4838 :
3647 4793 3798 4855 ergo
3841 4776 3902 4838 si

2403 4873 2467 4934 in
2508 4872 2748 4953 angelis
2793 4879 2887 4934 est
2930 4872 3221 4953 ponenda
3265 4872 3541 4952 cognitio
3586 4873 3902 4936 matutina

2401 4978 2466 5034 et
2512 4971 2894 5052 vespertina,
2937 4971 3073 5052 pari
3122 4972 3364 5033 ratione
3411 4970 3760 5033 meridiana
3806 4980 3903 5034 at—

2402 5088 2526 5151 que
2574 5077 2900 5131 nocturna.
2949 5070 3322 5143 Dicendum,
3367 5069 3538 5150 quod
3587 5071 3904 5134 matutina

2402 5175 2464 5230 et
2493 5168 2856 5249 vespertina
2893 5169 3170 5248 cognitio
3209 5175 3452 5249 spectat
3483 5168 3562 5229 ad
3601 5169 3798 5242 diem,
3833 5169 3900 5232 id

2404 5273 2499 5330 est
2532 5266 2608 5328 ad
2649 5266 2904 5348 angelos
2947 5265 3358 5340 illuminatOS‚
3393 5266 3503 5350 qui
3542 5285 3579 5328 a
3613 5267 3900 5331 tenebris

3973 2053 4034 2092 p-
4073 2043 4170 2082 282
4185 2040 4238 2082 B'
4255 2056 4268 2092 ;

3937 2104 4045 2144 2⁵⁵
4059 2102 4142 2145 A’-

3933 2401 3969 2440 2
3981 2368 4049 2441 π’
4059 2399 4136 2444 c·.

4013 3025 4154 3067 Gen.
4179 3038 4214 3067 ι-

3937 3221 4086 3264 Ῑὸἰᾰ.
4103 3227 4174 3266 u-
4189 3226 4262 3265 ¹2¹.
