4334 6242
514 2149 585 2205 Cs.
599 2148 774 2205 patric.

532 2346 697 2389 Summ.
710 2346 775 2389 th.

508 2412 709 2465 2·part.q.
718 2413 775 2452 18.

796 465 917 534 300

1460 481 1525 530 IN
1564 482 1785 529 Limum
1826 480 1871 528 11
1912 478 2394 528 SENTENTIARUR.
2440 495 2519 508 --
2559 478 2712 524 DIST.
2760 478 2862 540 1v3
2905 477 3129 535 QUAEST.
3177 477 3239 523 lv

800 665 861 719 te
894 655 1067 718 illam
1110 654 1537 736 cognitionem
1577 655 1656 716 ad
1695 651 2120 734 cognitionem
2162 650 2296 711 lau·
2324 645 2376 709 A
2405 648 2630 730 probat
2677 655 2740 711 et
2781 648 3087 730 sequitur.
3131 648 3322 710 Libro
3367 665 3622 730 quoque
3669 647 3746 709 de
3791 645 3920 709 Co-

802 756 1076 836 demque
1108 754 1435 818 Creatoris.
1472 753 1573 814 Sic
1604 770 1859 834 quoque
1893 749 2102 831 angeli
2142 747 2291 810 mali

799 853 1224 935 cognitionem
1278 851 1654 913 matutinam
1712 868 2041 931 nunquam
2090 847 2297 910 sortiti

800 959 966 1014 sunt.
1002 951 1212 1014 Tertio
1242 949 1520 1030 cognitio
1554 947 1867 1010 matutina
1899 945 2296 1029 impropriis-

796 1051 959 1113 sime
990 1050 1245 1123 dicitur,
1280 1048 1448 1110 clara
1490 1047 1779 1128 quaedam
1817 1045 2095 1128 cognitio
2126 1063 2296 1106 crea-

794 1157 953 1211 turae
992 1148 1059 1209 in
1100 1167 1167 1209 se
1209 1148 1347 1229 ipsa
1388 1165 1502 1229 per
1547 1145 1828 1228 speciem
1871 1151 2293 1216 concreatam,

795 1247 930 1310 sive
960 1246 1271 1309 referatur
1302 1245 1627 1308 voluntate
1658 1243 2003 1306 deliberata
2043 1243 2109 1303 in
2140 1241 2296 1303 dile-

796 1345 1071 1408 ctionem
1114 1344 1494 1424 laudemque
1534 1342 1669 1414 Dei,
1704 1342 1838 1404 sive
1882 1359 2028 1403 non.
2064 1340 2296 1422 Sicque

795 1443 1004 1524 angeli
1050 1442 1200 1504 mali
1242 1441 1368 1504 dici
1412 1447 1677 1523 possunt
1716 1447 1861 1501 ante
1903 1439 2154 1520 lapsum
2198 1457 2298 1498 su-

796 1560 907 1604 um
960 1541 1159 1622 magis
1218 1539 1517 1602 habuisse
1566 1539 1993 1620 cognitionem
2043 1536 2296 1598 matuti-

798 1659 945 1702 nam
979 1658 1170 1721 quam
1212 1645 1451 1720 postea,
1485 1636 1788 1720 quoniam
1819 1655 1932 1718 per
1963 1641 2297 1717 peccatum

799 1738 863 1800 in
906 1737 997 1800 eis
1038 1744 1133 1799 est
1162 1736 1515 1799 obscurata.
1549 1771 1630 1781 —
1658 1734 1878 1815 Angeli
1920 1742 2133 1796 autem
2174 1733 2296 1795 ele-

2405 749 2700 830 oe-quaevis
2743 747 2886 829 plus
2931 748 3154 810 scribit
3199 748 3277 811 de
3318 747 3420 810 his
3461 765 3476 808 ε
3519 766 3661 830 quae
3699 764 3916 829 quum

2407 846 2866 908 sententialiter
2909 847 3036 908 sint
3080 846 3358 921 inducta,
3393 855 3778 928 pertranseo.

2487 946 2753 1027 Insuper
2789 944 3118 1008 Udalricus
3160 945 3227 1006 in
3268 945 3530 1008 Summa
3572 964 3708 1018 sua,
3740 943 3922 1006 libro

2407 1051 2654 1126 quarto,
2707 1063 2899 1126 super
2947 1045 3047 1106 his
3097 1051 3486 1107 contestatur
3531 1062 3544 1106 ε
3589 1043 3922 1106 Naturalis

2407 1143 2857 1225 perspicacitas
2902 1143 3263 1205 intellectus
3304 1143 3371 1205 in
3409 1144 3649 1225 angelis
3690 1143 3754 1204 in
3798 1144 3928 1205 du-

2409 1240 2560 1323 plici
2611 1241 2902 1304 consistit
2948 1240 3328 1322 cognitione,
3377 1243 3733 1304 secundum
3781 1242 3922 1303 Au-

2405 1339 2733 1420 gustinum
2787 1340 2853 1401 in
2905 1347 3130 1420 quarto
3185 1359 3379 1422 super
3425 1340 3741 1413 Genesim,
3789 1339 3924 1402 sci-

2407 1437 2556 1500 licet
2607 1457 2621 1501 :
2677 1438 2742 1500 in
2801 1437 3130 1512 matutina,
3182 1459 3324 1520 quae
3381 1447 3476 1501 est
3535 1439 3600 1500 in
3659 1438 3921 1501 lumine

2405 1536 2629 1615 Verbi3
2669 1544 2732 1598 et
2777 1532 2842 1598 i‘n
2887 1537 3271 1618 vespertina,
3303 1557 3445 1620 quae
3487 1545 3584 1600 est
3631 1537 3920 1618 cognitio

2406 1652 2619 1696 rerum
2652 1635 2716 1696 in
2751 1634 2976 1698 umbra
3013 1642 3382 1697 naturarum
3424 1654 3704 1697 suarum.
3741 1635 3924 1697 Dicit

2407 1733 2646 1794 etenim
2702 1733 3115 1814 Augustinus,
3178 1734 3348 1814 quod
3409 1735 3600 1816 primi
3660 1741 3919 1816 septem

801 1837 885 1898 cti
934 1836 1141 1897 adhuc
1191 1844 1333 1917 post
1381 1853 1562 1897 suam
1609 1832 2141 1915 glorificationem
2197 1831 2299 1893 ha·
2334 1834 2381 1894 B
2410 1829 2544 1892 dies
2595 1831 3058 1912 intelliguntur,
3108 1831 3210 1894 vel
3260 1833 3613 1895 secundum
3665 1852 3928 1896 succes-

802 1934 955 1996 bent
984 1934 1413 2016 vespertinam
1446 1933 1873 2014 cognitionem
1906 1931 2075 1996 :imo
2106 1929 2299 1992 simul

804 2032 1041 2095 habent
1098 2033 1524 2114 cognitionem
1586 2031 1964 2094 matutinam
2016 2038 2078 2092 et
2128 2029 2301 2090 diur-

804 2151 951 2192 nam
994 2150 1068 2192 ac
1114 2131 1567 2212 vespertinam,
1602 2129 1768 2192 sicut
1810 2135 2139 2192 ostensum
2184 2135 2300 2189 est.

802 2230 946 2293 Haec
987 2229 1357 2293 Richardus.

882 2328 1181 2391 Albertus
1213 2328 1473 2390 demum
1500 2347 1513 2391 :
1540 2326 1604 2390 Si
1636 2327 1780 2408 quis
1810 2325 2076 2407 (inquit)
2104 2330 2305 2386 atten-

803 2428 909 2490 dat
957 2426 1153 2490 verba
1198 2426 1535 2508 Augustini
1586 2444 1779 2507 super
1828 2423 2147 2497 Genesim,
2200 2441 2306 2484 an-

800 2526 981 2608 gelus
1024 2524 1227 2588 malus
1268 2544 1594 2606 nunquam
1642 2524 1847 2585 factus
1887 2522 2013 2584 fuit
2052 2521 2187 2583 dies
2229 2539 2304 2581 ex
2343 2583 2348 2592 ,

804 2624 1224 2687 illustratione
1258 2623 1523 2686 luminis
1553 2622 1778 2696 divini,
1804 2622 1945 2683 ideo
1977 2638 2302 2700 nunquam

804 2723 928 2784 fuit
979 2724 1043 2784 in
1093 2721 1337 2785 visione
1398 2721 1706 2783 matutina
1762 2727 1872 2781 aut
1918 2717 2302 2800 vespertina,

803 2840 947 2902 quae
990 2819 1268 2882 visiones
1314 2820 1483 2881 diem
1535 2819 1718 2881 illum
1764 2817 2184 2898 distinguunt.
2229 2815 2306 2876 Et

804 2920 855 2981 si
898 2918 1194 2999 cognovit
1224 2937 1323 2980 res
1367 2919 1431 2979 in
1473 2937 1541 2980 se
1580 2917 1739 2998 ipsis
1778 2915 2050 2978 naturali
2091 2914 2304 2995 cogni-

2409 1929 2653 1992 sionem
2713 1937 3076 2012 temporum
3129 1949 3204 1993 ex
3265 1931 3688 1994 illustratione
3745 1931 3924 1994 lueis

2410 2029 2787 2109 corporalis3
2819 2028 2920 2091 vel
2952 2027 3216 2091 diffusio
3248 2029 3512 2092 luminis
3544 2027 3921 2091 intellectus

2410 2126 2602 2208 primi
2663 2127 2728 2188 in
2788 2144 2926 2189 esse
2984 2126 3238 2189 formali
3297 2135 3541 2210 septem
3599 2145 3918 2208 generum

2409 2241 2672 2306 operum
2705 2241 2726 2290 ,t
2761 2224 2847 2287 ita
2886 2224 3054 2306 quod
3095 2244 3278 2286 mane
3319 2225 3402 2287 sit
3431 2224 3741 2307 perfectio
3781 2245 3925 2292 cre-

2410 2328 2606 2385 aturae
2654 2342 2731 2385 ex
2782 2323 3266 2404 participatione
3317 2323 3478 2384 lucis
3528 2323 3795 2403 divinae3
3849 2332 3920 2386 et

2411 2440 2676 2502 vespere
2733 2421 2817 2483 sit
2874 2420 3281 2484 obumbratio
3339 2422 3501 2484 lucis
3563 2422 3734 2484 illius
3791 2443 3919 2504 per

2413 2518 2964 2601 imperfectionem
3014 2526 3077 2581 et
3123 2519 3542 2601 privationem
3595 2539 3751 2603 quas
3799 2521 3918 2582 ha-

2412 2618 2520 2680 bet
2558 2619 2765 2680 omnis
2813 2625 3099 2680 creatura
3139 2637 3216 2680 ex
3260 2637 3346 2680 se.
3381 2618 3491 2680 Vel
3533 2619 3738 2692 tertio,
3769 2620 3918 2682 dies

2412 2716 2789 2797 intelligitur
2838 2716 3042 2778 forma
3099 2716 3331 2798 operis,
3383 2736 3648 2799 vespera
3692 2718 3918 2780 termi-

2411 2834 2555 2888 nuS‚
2619 2833 2804 2876 mane
2867 2814 3124 2875 initium
3183 2813 3444 2876 alterius
3503 2815 3735 2897 operis·
3795 2815 3918 2878 Vel

2413 2917 2659 2994 quarto,
2694 2911 2828 2973 dies
2870 2910 2961 2972 illi
3003 2917 3154 2972 sunt
3182 2910 3446 2973 diffusio
3486 2911 3648 2974 lucis
3686 2921 3922 2976 creatae

802 3017 998 3091 tione,
1045 3035 1173 3080 non
1221 3023 1432 3078 tamen
1480 3015 1885 3078 attollebatur
1934 3015 1998 3076 in
2051 3014 2302 3076 laudem
2340 3006 2383 3071 C
2415 3008 2884 3080 intellectualiS,
2928 3008 2990 3070 id
3033 3017 3130 3070 est
3171 3008 3492 3090 angelicae,
3536 3028 3650 3092 per
3692 3027 3922 3091 opera-

803 3115 1137 3188 Creatori8‚
1171 3121 1241 3176 ut
1270 3114 1433 3176 visio
1474 3113 1784 3175 matutina
1822 3111 2202 3174 formaretur
2239 3111 2303 3172 in

803 3213 964 3296 ipsc,
998 3213 1108 3276 sed
1153 3213 1363 3294 potius
1406 3210 1826 3274 delectatione
1876 3209 2151 3292 propriae
2201 3226 2307 3290 po-

801 3311 1045 3376 testatis
1084 3319 1146 3374 et
1182 3311 1283 3372 sui
1327 3328 1542 3373 amore
1587 3327 1932 3372 conversus
1970 3316 2067 3370 est
2109 3307 2175 3369 in
2215 3315 2304 3368 te-

804 3409 1031 3471 nebras
1075 3409 1299 3473 noctiS.
1333 3408 1479 3470 Ideo
1530 3407 1808 3488 cognitio
1856 3407 1963 3469 illa
2012 3425 2137 3470 non
2185 3415 2305 3467 ter-

805 3506 1167 3570 minabatur
1204 3505 1281 3568 ad
1329 3525 1511 3568 mane
1554 3522 1567 3565 :
1613 3505 1782 3586 quod
1832 3505 2164 3586 proprium
2210 3511 2305 3568 est

806 3605 1045 3667 notitiae
1076 3603 1832 3685 vespertinae‚secundum
1861 3602 2302 3683 Augustinum,

805 3710 877 3764 ut
917 3702 1162 3764 scilicet
1206 3701 1283 3763 ad
1332 3701 1711 3762 matutinam
1755 3700 1965 3762 lucem
2012 3700 2307 3762 termine-

806 3809 930 3874 tur,
972 3819 1100 3863 non
1150 3799 1522 3880 interposita
1572 3806 1775 3861 nocte.
1819 3798 1979 3860 Hinc
2030 3797 2307 3878 cognitio

804 3898 1168 3980 vespertina
1209 3915 1345 3960 non.
1380 3895 1739 3977 appellat-ur
1781 3896 2055 3976 simplex
2096 3895 2308 3976 cogni-

804 3998 894 4060 tio
938 4017 1151 4062 rerum
1197 3997 1262 4058 in
1308 4015 1374 4058 se
1419 3995 1598 4076 ipsis,
1632 3996 1741 4057 sed
1789 3995 1999 4076 potius
2042 4015 2119 4056 ex
2163 3995 2305 4056 luce

805 4096 1023 4158 divina
1071 4095 1239 4177 ipsas
1290 4113 1389 4156 res
1437 4093 1815 4166 illustrante,
1858 4101 2048 4175 atque
2092 4111 2168 4154 ex
2212 4113 2306 4154 as-

2413 3108 2653 3170 tionem
2693 3107 3152 3188 cognitionum,
3186 3114 3379 3189 su'per
3417 3108 3639 3170 eadem
3679 3127 3922 3188 genera

2414 3224 2701 3287 operum.
2753 3205 2930 3267 Mane
2987 3212 3200 3267 autem
3258 3212 3322 3267 et
3367 3224 3630 3288 vespere
3689 3205 3921 3268 distin·

2413 3311 2696 3386 guuntur
2740 3303 2926 3366 modo
2970 3303 3291 3385 praedicto.

2496 3403 2639 3464 Tria
2679 3402 2886 3484 prima
2929 3402 3193 3464 istorum
3235 3420 3362 3464 non
3404 3410 3751 3465 consonant
3787 3403 3920 3465 Au-

2413 3499 2688 3582 gustino.
2725 3499 2849 3562 Nec
2896 3506 2990 3562 est
3033 3499 3302 3562 intentio
3343 3500 3701 3580 Augustini,
3743 3503 3920 3582 quod

2415 3598 2694 3680 cognitio
2734 3597 2854 3660 ista
2895 3617 3108 3659 rerum
3149 3597 3214 3658 in
3255 3597 3482 3671 Verbo,
3515 3598 3598 3660 sit
3639 3599 3925 3680 cognitio

2415 3695 2898 3778 Beatorum‚qui
2929 3696 3128 3758 Deum
3161 3695 3328 3758 clare
3359 3697 3677 3760 cernendo
3703 3698 3926 3760 omnia

2416 3794 2834 3877 perhibentur
2881 3794 3097 3856 videre
3147 3794 3212 3856 in
3263 3793 3421 3875 ips0.
3466 3794 3640 3867 Quod
3693 3795 3926 3877 probat

2416 3893 2806 3973 Augustinus
2856 3912 2968 3975 per
3018 3893 3160 3964 hoc,
3209 3892 3378 3973 quod
3423 3892 3619 3954 etiam
3669 3893 3924 3974 primus

2415 3992 2629 4064 homo,
2672 3990 2782 4072 qui
2831 4009 2958 4052 non
3003 3990 3163 4052 vidit
3206 3991 3406 4052 Deum
3453 4009 3566 4072 per
3607 3991 3919 4072 speciem,

2416 4088 2640 4151 habuit
2670 4089 3094 4170 cognitionem
3129 4089 3292 4150 hanc
3322 4089 3666 4170 duplicem.
3691 4089 3924 4163 Quem-

807 4193 1198 4256 surrectione
1243 4192 1307 4253 in
1354 4193 1743 4273 praeconium
1788 4191 2116 4254 creatoris,
2164 4191 2306 4254 Haec
2337 4189 2385 4251 D
2416 4187 2759 4248 admodum
2807 4187 2980 4247 enim
3042 4185 3108 4247 in
3159 4186 3480 4248 creatione
3525 4186 3733 4267 angeli
3786 4188 3922 4250 duo

805 4291 1122 4355 AlbertuS.

890 4388 1085 4469 Cujus
1144 4387 1311 4450 dicta
1370 4387 1662 4468 quamvis
1710 4405 1747 4448 a
1798 4385 2167 4468 praehabitis
2216 4387 2307 4448 vi-

809 4488 1077 4548 deantur
1123 4485 1482 4568 aliqualiter
1530 4484 1887 4556 dissentire,
1941 4483 2145 4546 nihilo
2198 4485 2311 4546 mi-

810 4605 931 4660 nus
990 4603 1102 4667 per
1150 4583 1589 4647 distinctiones
1648 4590 1977 4665 praetactas
2038 4582 2312 4644 faciliter

811 4685 1293 4748 concordantur.
1337 4683 1811 4754 Verumtamen,
1857 4681 2028 4763 quod
2070 4681 2158 4741 ait
2203 4699 2310 4742 an-

810 4781 1024 4863 gelum
1094 4780 1335 4843 malum
1406 4798 1733 4861 nunquam
1804 4778 2045 4840 factum
2110 4777 2312 4840 fuisse

811 4880 982 4942 diem
1018 4899 1093 4942 ex
1128 4879 1547 4941 illustratione
1581 4877 1741 4939 lucis
1771 4876 2027 4948 divinae,
2062 4876 2314 4938 videtur

814 4977 1184 5042 contrariari
1242 4975 1726 5040 auctoritatibus
1776 4973 2112 5055 Augustini
2160 4994 2314 5056 prae-

814 5077 1120 5158 allegatiS,
1158 5077 1217 5138 in
1251 5074 1486 5158 quibus
1528 5072 1760 5135 fatetur
1796 5073 2053 5154 angelos
2093 5091 2315 5136 omnes

819 5177 884 5238 in
933 5175 1136 5256 gratia
1190 5182 1440 5255 gratum
1492 5172 1766 5234 faciente
1813 5191 1951 5234 esse
2002 5179 2245 5233 creatos
2299 5188 2312 5231 :

820 5274 989 5360 quod
1030 5281 1088 5335 et
1123 5274 1257 5358 ipse
1290 5273 1582 5337 Albertus
1623 5271 1785 5334 libro
1822 5271 1901 5334 de
1932 5269 2313 5354 Coaequaevis

2416 4286 2736 4358 dicuntur,
2777 4283 3096 4357 videlicet,
3140 4284 3312 4346 Dixit
3356 4286 3544 4360 DeuS,
3587 4285 3724 4347 Fiat
3764 4285 3915 4364 lux;
3985 4311 4190 4365 aad,
4216 4319 4262 4356 3.

2417 4391 2500 4456 et,
2534 4384 2718 4445 Facta
2749 4390 2842 4445 est
2875 4382 2981 4444 lux
3015 4399 3029 4443 ε
3063 4382 3155 4444 sic
3186 4381 3253 4443 in
3285 4382 3605 4444 creatione
3634 4382 3918 4445 hominis

2417 4482 2586 4544 dicta
2643 4489 2792 4542 sunt
2840 4481 2986 4554 duo,
3039 4488 3280 4562 utpote,
3332 4480 3663 4542 Faciamus
3711 4482 3920 4543 homi·
3951 4499 4090 4546 ιῡῑα
4117 4507 4278 4553 εωτ,

2419 4599 2590 4652 nem,
2633 4587 2793 4656 etc.;
2833 4585 2916 4651 et,
2951 4579 3124 4657 Fecit
3166 4579 3330 4640 Deus
3376 4578 3722 4641 hominem.
3754 4579 3914 4642 Nam

2421 4686 2481 4739 et
2533 4677 2650 4739 ista
2697 4685 2985 4739 creatura
3031 4675 3356 4739 rationalis
3401 4684 3498 4739 est
3537 4677 3731 4740 etiam
3784 4677 3917 4751 lux,

2421 4776 2586 4837 sicut
2627 4784 2689 4837 et
2728 4774 2854 4837 illa.
2889 4811 2969 4819 —
2998 4775 3156 4836 Hinc
3203 4774 3310 4835 illa
3353 4774 3631 4855 cognitio
3673 4783 3771 4837 est
3809 4794 3922 4837 na-

2422 4875 2643 4936 turalis
2675 4874 2952 4955 cognitio
2983 4873 3343 4935 intellectus
3377 4872 3724 4954 possibiliS,
3759 4874 3926 4936 mul-

2423 4980 2488 5035 to
2519 4972 2796 5034 fortioris
2828 4973 2890 5033 in
2923 4971 3165 5052 angelis
3197 4990 3388 5052 quam
3433 4971 3497 5032 in
3540 4970 3726 5032 nobis
3761 4991 3775 5035 :
3810 4971 3923 5052 qui

2425 5077 2814 5151 cognoscunt
2843 5070 3123 5132 Verbum
3163 5088 3289 5131 non
3332 5069 3537 5131 solum
3583 5069 3646 5131 in
3689 5089 3779 5142 se,
3813 5071 3924 5132 sed

2425 5170 2614 5231 etiam
2680 5177 2750 5229 ut
2797 5175 2892 5229 est.
2941 5167 3232 5231 omnium
3290 5167 3430 5229 idea
3488 5167 3782 5240 causaliS,
3836 5169 3930 5230 ita

2429 5267 2675 5330 cunct-is
2723 5265 3083 5330 communis
3127 5285 3240 5349 per
3279 5265 3379 5328 sui
3425 5265 3489 5328 in
3529 5283 3597 5329 se
3639 5265 3930 5330 identita-
