<?xml version="1.0" encoding="UTF-8"?>
<!DOCTYPE html PUBLIC "-//W3C//DTD XHTML 1.0 Transitional//EN"
    "http://www.w3.org/TR/xhtml1/DTD/xhtml1-transitional.dtd">
<html xmlns="http://www.w3.org/1999/xhtml" xml:lang="en" lang="en">
 <head>
  <title>
</title>
<meta http-equiv="Content-Type" content="text/html;charset=utf-8" />
  <meta name='ocr-system' content='tesseract 3.04.00' />
  <meta name='ocr-capabilities' content='ocr_page ocr_carea ocr_par ocr_line ocrx_word'/>
</head>
<body>
  <div class='ocr_page' id='page_1' title='image "./doctorisecstati01denigoog_0573.png"; bbox 0 0 4334 6242; ppageno 0'>
   <div class='ocr_carea' id='block_1_1' title="bbox 161 3832 366 3887">
    <p class='ocr_par' dir='ltr' id='par_1_1' title="bbox 161 3832 366 3887">
     <span class='ocr_line' id='line_1_1' title="bbox 161 3832 366 3887; baseline 0.005 -11"><span class='ocrx_word' id='word_1_1' title='bbox 161 3832 302 3879; x_wconf 74' lang='lat' dir='ltr'>Jacob.</span> <span class='ocrx_word' id='word_1_2' title='bbox 325 3849 366 3887; x_wconf 77' lang='lat' dir='ltr'>v,</span> 
     </span>
    </p>
   </div>
   <div class='ocr_carea' id='block_1_2' title="bbox 127 4029 369 4084">
    <p class='ocr_par' dir='ltr' id='par_1_2' title="bbox 127 4029 369 4084">
     <span class='ocr_line' id='line_1_2' title="bbox 127 4029 369 4084; baseline 0.012 -10"><span class='ocrx_word' id='word_1_3' title='bbox 127 4029 318 4084; x_wconf 58' lang='lat' dir='ltr'>Romani</span> <span class='ocrx_word' id='word_1_4' title='bbox 329 4035 369 4077; x_wconf 68' lang='grc'>4.</span> 
     </span>
    </p>
   </div>
   <div class='ocr_carea' id='block_1_3' title="bbox 1083 485 2840 547">
    <p class='ocr_par' dir='ltr' id='par_1_3' title="bbox 1083 485 2840 547">
     <span class='ocr_line' id='line_1_3' title="bbox 1083 485 2840 547; baseline -0.001 -9"><span class='ocrx_word' id='word_1_5' title='bbox 1083 485 1308 546; x_wconf 76' lang='lat' dir='ltr'><strong>QUAEST.</strong></span> <span class='ocrx_word' id='word_1_6' title='bbox 1353 491 1398 538; x_wconf 86' lang='lat'>11</span> <span class='ocrx_word' id='word_1_7' title='bbox 1441 491 1456 536; x_wconf 74' lang='grc' dir='ltr'>ἰ</span> <span class='ocrx_word' id='word_1_8' title='bbox 1503 489 1706 538; x_wconf 74' lang='lat' dir='ltr'>[mum</span> <span class='ocrx_word' id='word_1_9' title='bbox 1747 487 2022 536; x_wconf 72' lang='lat' dir='ltr'>ANGBLUS</span> <span class='ocrx_word' id='word_1_10' title='bbox 2065 490 2223 537; x_wconf 71' lang='lat' dir='ltr'>Imus</span> <span class='ocrx_word' id='word_1_11' title='bbox 2265 486 2581 547; x_wconf 67' lang='lat' dir='ltr'>monum</span> <span class='ocrx_word' id='word_1_12' title='bbox 2622 485 2840 536; x_wconf 65' lang='lat' dir='ltr'>Aurum</span> 
     </span>
    </p>
   </div>
   <div class='ocr_carea' id='block_1_4' title="bbox 3388 463 3505 534">
    <p class='ocr_par' dir='ltr' id='par_1_4' title="bbox 3388 463 3505 534">
     <span class='ocr_line' id='line_1_4' title="bbox 3388 463 3505 534; baseline -0.034 0"><span class='ocrx_word' id='word_1_13' title='bbox 3388 463 3505 534; x_wconf 72' lang='lat'>531</span> 
     </span>
    </p>
   </div>
   <div class='ocr_carea' id='block_1_5' title="bbox 403 657 3516 742">
    <p class='ocr_par' dir='ltr' id='par_1_5' title="bbox 403 657 3516 742">
     <span class='ocr_line' id='line_1_5' title="bbox 403 657 3516 742; baseline 0.001 -25"><span class='ocrx_word' id='word_1_14' title='bbox 403 663 498 718; x_wconf 89' lang='lat' dir='ltr'>est</span> <span class='ocrx_word' id='word_1_15' title='bbox 555 657 624 719; x_wconf 90' lang='lat' dir='ltr'>in</span> <span class='ocrx_word' id='word_1_16' title='bbox 683 657 1008 722; x_wconf 88' lang='lat' dir='ltr'>intellectu</span> <span class='ocrx_word' id='word_1_17' title='bbox 1072 679 1454 741; x_wconf 79' lang='lat' dir='ltr'>cognoscere</span> <span class='ocrx_word' id='word_1_18' title='bbox 1513 661 1832 742; x_wconf 87' lang='lat' dir='ltr'>singulare</span> <span class='ocrx_word' id='word_1_19' title='bbox 1889 659 1988 722; x_wconf 82' lang='lat' dir='ltr'>:A</span> <span class='ocrx_word' id='word_1_20' title='bbox 2097 661 2333 724; x_wconf 87' lang='lat' dir='ltr'>Verum</span> <span class='ocrx_word' id='word_1_21' title='bbox 2366 669 2437 724; x_wconf 91' lang='lat' dir='ltr'>ut</span> <span class='ocrx_word' id='word_1_22' title='bbox 2464 661 2585 724; x_wconf 87' lang='lat' dir='ltr'>ista</span> <span class='ocrx_word' id='word_1_23' title='bbox 2621 659 2887 724; x_wconf 85' lang='lat' dir='ltr'>materia</span> <span class='ocrx_word' id='word_1_24' title='bbox 2915 659 2991 721; x_wconf 92' lang='lat' dir='ltr'>de</span> <span class='ocrx_word' id='word_1_25' title='bbox 3026 658 3395 740; x_wconf 86' lang='lat' dir='ltr'>angelorum</span> <span class='ocrx_word' id='word_1_26' title='bbox 3424 657 3516 720; x_wconf 95' lang='lat' dir='ltr'>lo—</span> 
     </span>
    </p>
   </div>
   <div class='ocr_carea' id='block_1_6' title="bbox 397 755 1908 1824">
    <p class='ocr_par' dir='ltr' id='par_1_6' title="bbox 397 755 1908 1824">
     <span class='ocr_line' id='line_1_6' title="bbox 399 755 1907 840; baseline 0.004 -26"><span class='ocrx_word' id='word_1_27' title='bbox 399 755 569 834; x_wconf 89' lang='lat' dir='ltr'>quod</span> <span class='ocrx_word' id='word_1_28' title='bbox 613 763 711 817; x_wconf 89' lang='lat' dir='ltr'>est</span> <span class='ocrx_word' id='word_1_29' title='bbox 752 755 1008 832; x_wconf 84' lang='lat' dir='ltr'>falsum,</span> <span class='ocrx_word' id='word_1_30' title='bbox 1053 759 1204 840; x_wconf 90' lang='lat' dir='ltr'>quia</span> <span class='ocrx_word' id='word_1_31' title='bbox 1245 759 1600 821; x_wconf 90' lang='lat' dir='ltr'>secundum</span> <span class='ocrx_word' id='word_1_32' title='bbox 1643 759 1764 821; x_wconf 91' lang='lat' dir='ltr'>hoc</span> <span class='ocrx_word' id='word_1_33' title='bbox 1812 758 1907 820; x_wconf 90' lang='lat' dir='ltr'>in-</span> 
     </span>
     <span class='ocr_line' id='line_1_7' title="bbox 397 851 1906 939; baseline 0.004 -27"><span class='ocrx_word' id='word_1_34' title='bbox 397 851 691 914; x_wconf 85' lang='lat' dir='ltr'>tellectus</span> <span class='ocrx_word' id='word_1_35' title='bbox 736 855 994 918; x_wconf 88' lang='lat' dir='ltr'>divinus</span> <span class='ocrx_word' id='word_1_36' title='bbox 1036 875 1164 919; x_wconf 91' lang='lat' dir='ltr'>non</span> <span class='ocrx_word' id='word_1_37' title='bbox 1208 857 1594 939; x_wconf 79' lang='lat' dir='ltr'>intelligeret</span> <span class='ocrx_word' id='word_1_38' title='bbox 1633 857 1906 938; x_wconf 88' lang='lat' dir='ltr'>singula-</span> 
     </span>
     <span class='ocr_line' id='line_1_8' title="bbox 399 949 1906 1029; baseline 0.004 -18"><span class='ocrx_word' id='word_1_39' title='bbox 399 949 509 1011; x_wconf 86' lang='lat' dir='ltr'>ria.</span> <span class='ocrx_word' id='word_1_40' title='bbox 543 951 692 1014; x_wconf 90' lang='lat' dir='ltr'>ldeo</span> <span class='ocrx_word' id='word_1_41' title='bbox 722 953 1047 1017; x_wconf 83' lang='lat' dir='ltr'><strong>conclusio</strong></span> <span class='ocrx_word' id='word_1_42' title='bbox 1075 954 1158 1016; x_wconf 88' lang='lat' dir='ltr'>ab</span> <span class='ocrx_word' id='word_1_43' title='bbox 1200 955 1311 1017; x_wconf 94' lang='lat' dir='ltr'>illo</span> <span class='ocrx_word' id='word_1_44' title='bbox 1343 954 1607 1029; x_wconf 87' lang='lat' dir='ltr'>intenta,</span> <span class='ocrx_word' id='word_1_45' title='bbox 1643 973 1767 1017; x_wconf 90' lang='lat' dir='ltr'>non</span> <span class='ocrx_word' id='word_1_46' title='bbox 1809 962 1906 1017; x_wconf 85' lang='lat' dir='ltr'>est</span> 
     </span>
     <span class='ocr_line' id='line_1_9' title="bbox 401 1051 1904 1136; baseline 0.003 -26"><span class='ocrx_word' id='word_1_47' title='bbox 401 1051 805 1112; x_wconf 88' lang='lat' dir='ltr'>concedenda</span> <span class='ocrx_word' id='word_1_48' title='bbox 837 1067 850 1112; x_wconf 91' lang='lat'>:</span> <span class='ocrx_word' id='word_1_49' title='bbox 884 1053 1037 1133; x_wconf 85' lang='lat' dir='ltr'>quia</span> <span class='ocrx_word' id='word_1_50' title='bbox 1065 1053 1398 1136; x_wconf 85' lang='lat' dir='ltr'>probabile</span> <span class='ocrx_word' id='word_1_51' title='bbox 1433 1061 1549 1126; x_wconf 88' lang='lat' dir='ltr'>est,</span> <span class='ocrx_word' id='word_1_52' title='bbox 1584 1053 1754 1135; x_wconf 92' lang='lat' dir='ltr'>quod</span> <span class='ocrx_word' id='word_1_53' title='bbox 1785 1053 1904 1115; x_wconf 90' lang='lat' dir='ltr'>sic-</span> 
     </span>
     <span class='ocr_line' id='line_1_10' title="bbox 399 1149 1904 1234; baseline 0.005 -27"><span class='ocrx_word' id='word_1_54' title='bbox 399 1152 471 1207; x_wconf 91' lang='lat' dir='ltr'>ut</span> <span class='ocrx_word' id='word_1_55' title='bbox 497 1165 724 1210; x_wconf 88' lang='lat' dir='ltr'>sensus</span> <span class='ocrx_word' id='word_1_56' title='bbox 752 1149 986 1232; x_wconf 87' lang='lat' dir='ltr'>aliquis</span> <span class='ocrx_word' id='word_1_57' title='bbox 1027 1151 1390 1215; x_wconf 91' lang='lat' dir='ltr'>communis</span> <span class='ocrx_word' id='word_1_58' title='bbox 1431 1158 1641 1234; x_wconf 90' lang='lat' dir='ltr'>potest</span> <span class='ocrx_word' id='word_1_59' title='bbox 1669 1151 1904 1214; x_wconf 89' lang='lat' dir='ltr'>sentire</span> 
     </span>
     <span class='ocr_line' id='line_1_11' title="bbox 399 1248 1908 1334; baseline 0.003 -26"><span class='ocrx_word' id='word_1_60' title='bbox 399 1263 590 1309; x_wconf 90' lang='lat' dir='ltr'>omne</span> <span class='ocrx_word' id='word_1_61' title='bbox 619 1248 947 1323; x_wconf 88' lang='lat' dir='ltr'>sensibile,</span> <span class='ocrx_word' id='word_1_62' title='bbox 981 1250 1074 1313; x_wconf 91' lang='lat' dir='ltr'>sic</span> <span class='ocrx_word' id='word_1_63' title='bbox 1111 1251 1343 1334; x_wconf 86' lang='lat' dir='ltr'>aliquis</span> <span class='ocrx_word' id='word_1_64' title='bbox 1374 1250 1736 1314; x_wconf 90' lang='lat' dir='ltr'>intellectus</span> <span class='ocrx_word' id='word_1_65' title='bbox 1776 1269 1908 1313; x_wconf 90' lang='lat' dir='ltr'>cre-</span> 
     </span>
     <span class='ocr_line' id='line_1_12' title="bbox 398 1344 1906 1430; baseline 0.003 -27"><span class='ocrx_word' id='word_1_66' title='bbox 398 1350 540 1406; x_wconf 89' lang='lat' dir='ltr'>atus</span> <span class='ocrx_word' id='word_1_67' title='bbox 569 1351 778 1426; x_wconf 88' lang='lat' dir='ltr'>potest</span> <span class='ocrx_word' id='word_1_68' title='bbox 808 1344 1162 1427; x_wconf 88' lang='lat' dir='ltr'>intelligere</span> <span class='ocrx_word' id='word_1_69' title='bbox 1200 1365 1390 1411; x_wconf 92' lang='lat' dir='ltr'>omne</span> <span class='ocrx_word' id='word_1_70' title='bbox 1430 1365 1546 1430; x_wconf 88' lang='lat' dir='ltr'>per</span> <span class='ocrx_word' id='word_1_71' title='bbox 1575 1366 1644 1409; x_wconf 91' lang='lat' dir='ltr'>se</span> <span class='ocrx_word' id='word_1_72' title='bbox 1675 1347 1906 1409; x_wconf 89' lang='lat' dir='ltr'>intelli-</span> 
     </span>
     <span class='ocr_line' id='line_1_13' title="bbox 397 1441 1906 1528; baseline 0.004 -26"><span class='ocrx_word' id='word_1_73' title='bbox 397 1441 614 1521; x_wconf 88' lang='lat' dir='ltr'>gibile.</span> <span class='ocrx_word' id='word_1_74' title='bbox 657 1477 740 1490; x_wconf 90' lang='lat'>—-</span> <span class='ocrx_word' id='word_1_75' title='bbox 776 1444 1043 1527; x_wconf 84' lang='lat' dir='ltr'>Insuper</span> <span class='ocrx_word' id='word_1_76' title='bbox 1087 1465 1214 1509; x_wconf 90' lang='lat' dir='ltr'>non</span> <span class='ocrx_word' id='word_1_77' title='bbox 1257 1446 1512 1508; x_wconf 87' lang='lat' dir='ltr'>videtur</span> <span class='ocrx_word' id='word_1_78' title='bbox 1561 1447 1732 1528; x_wconf 92' lang='lat' dir='ltr'>quod</span> <span class='ocrx_word' id='word_1_79' title='bbox 1781 1446 1906 1508; x_wconf 91' lang='lat' dir='ltr'>dis-</span> 
     </span>
     <span class='ocr_line' id='line_1_14' title="bbox 397 1539 1900 1626; baseline 0.003 -24"><span class='ocrx_word' id='word_1_80' title='bbox 397 1539 632 1622; x_wconf 89' lang='lat' dir='ltr'>positio</span> <span class='ocrx_word' id='word_1_81' title='bbox 671 1542 749 1603; x_wconf 88' lang='lat' dir='ltr'>ad</span> <span class='ocrx_word' id='word_1_82' title='bbox 789 1541 1062 1606; x_wconf 84' lang='lat' dir='ltr'>formam</span> <span class='ocrx_word' id='word_1_83' title='bbox 1108 1563 1281 1607; x_wconf 90' lang='lat' dir='ltr'>mere</span> <span class='ocrx_word' id='word_1_84' title='bbox 1327 1545 1900 1626; x_wconf 79' lang='lat' dir='ltr'>supernaturalem,</span> 
     </span>
     <span class='ocr_line' id='line_1_15' title="bbox 397 1639 1904 1726; baseline 0.002 -25"><span class='ocrx_word' id='word_1_85' title='bbox 397 1639 602 1722; x_wconf 90' lang='lat' dir='ltr'>possit</span> <span class='ocrx_word' id='word_1_86' title='bbox 649 1642 894 1704; x_wconf 88' lang='lat' dir='ltr'>causari</span> <span class='ocrx_word' id='word_1_87' title='bbox 939 1643 1019 1705; x_wconf 87' lang='lat' dir='ltr'>ab</span> <span class='ocrx_word' id='word_1_88' title='bbox 1075 1644 1299 1725; x_wconf 87' lang='lat' dir='ltr'>angelo</span> <span class='ocrx_word' id='word_1_89' title='bbox 1353 1661 1368 1706; x_wconf 78' lang='lat' dir='ltr'>t</span> <span class='ocrx_word' id='word_1_90' title='bbox 1421 1644 1572 1726; x_wconf 86' lang='lat' dir='ltr'>quia</span> <span class='ocrx_word' id='word_1_91' title='bbox 1627 1643 1777 1705; x_wconf 90' lang='lat' dir='ltr'>licet</span> <span class='ocrx_word' id='word_1_92' title='bbox 1826 1643 1904 1705; x_wconf 91' lang='lat' dir='ltr'>ad</span> 
     </span>
     <span class='ocr_line' id='line_1_16' title="bbox 399 1738 1900 1824; baseline 0.002 -24"><span class='ocrx_word' id='word_1_93' title='bbox 399 1738 672 1802; x_wconf 86' lang='lat' dir='ltr'>formam</span> <span class='ocrx_word' id='word_1_94' title='bbox 727 1740 1097 1804; x_wconf 82' lang='lat' dir='ltr'>immediate</span> <span class='ocrx_word' id='word_1_95' title='bbox 1143 1763 1180 1804; x_wconf 90' lang='lat' dir='ltr'>a</span> <span class='ocrx_word' id='word_1_96' title='bbox 1226 1743 1355 1805; x_wconf 89' lang='lat' dir='ltr'>Deo</span> <span class='ocrx_word' id='word_1_97' title='bbox 1407 1741 1900 1824; x_wconf 90' lang='lat' dir='ltr'>producibilem,</span> 
     </span>
    </p>
   </div>
   <div class='ocr_carea' id='block_1_7' title="bbox 2015 756 3517 937">
    <p class='ocr_par' dir='ltr' id='par_1_7' title="bbox 2015 756 3517 937">
     <span class='ocr_line' id='line_1_17' title="bbox 2018 756 3517 839; baseline -0.002 -19"><span class='ocrx_word' id='word_1_98' title='bbox 2018 759 2274 822; x_wconf 88' lang='lat' dir='ltr'>cutione</span> <span class='ocrx_word' id='word_1_99' title='bbox 2306 760 2538 822; x_wconf 89' lang='lat' dir='ltr'>clarius</span> <span class='ocrx_word' id='word_1_100' title='bbox 2568 759 2979 839; x_wconf 82' lang='lat' dir='ltr'>intelligatur,</span> <span class='ocrx_word' id='word_1_101' title='bbox 3003 756 3338 819; x_wconf 89' lang='lat' dir='ltr'>scribenda</span> <span class='ocrx_word' id='word_1_102' title='bbox 3365 763 3517 818; x_wconf 91' lang='lat' dir='ltr'>sunt</span> 
     </span>
     <span class='ocr_line' id='line_1_18' title="bbox 2015 857 3227 937; baseline -0.001 -19"><span class='ocrx_word' id='word_1_103' title='bbox 2015 857 2122 920; x_wconf 89' lang='lat' dir='ltr'>hic</span> <span class='ocrx_word' id='word_1_104' title='bbox 2164 859 2497 921; x_wconf 89' lang='lat' dir='ltr'>doctorum</span> <span class='ocrx_word' id='word_1_105' title='bbox 2539 858 2863 920; x_wconf 88' lang='lat' dir='ltr'>seniorum</span> <span class='ocrx_word' id='word_1_106' title='bbox 2907 873 3227 937; x_wconf 89' lang='lat' dir='ltr'>responsa.</span> 
     </span>
    </p>
   </div>
   <div class='ocr_carea' id='block_1_8' title="bbox 2456 1181 3079 1256">
    <p class='ocr_par' dir='ltr' id='par_1_8' title="bbox 2456 1181 3079 1256">
     <span class='ocr_line' id='line_1_19' title="bbox 2456 1181 3079 1256; baseline 0 -10"><span class='ocrx_word' id='word_1_107' title='bbox 2456 1181 2929 1256; x_wconf 86' lang='lat' dir='ltr'>QUAESTIO</span> <span class='ocrx_word' id='word_1_108' title='bbox 2998 1181 3079 1246; x_wconf 93' lang='lat' dir='ltr'>II</span> 
     </span>
    </p>
   </div>
   <div class='ocr_carea' id='block_1_9' title="bbox 2022 1442 3536 1726">
    <p class='ocr_par' dir='ltr' id='par_1_9' title="bbox 2022 1442 3536 1726">
     <span class='ocr_line' id='line_1_20' title="bbox 2022 1442 3536 1704; baseline 0.005 -195"><span class='ocrx_word' id='word_1_109' title='bbox 2022 1442 2429 1704; x_wconf 65' lang='lat' dir='ltr'>QUaeritur</span> <span class='ocrx_word' id='word_1_110' title='bbox 2452 1463 2601 1528; x_wconf 88' lang='lat' dir='ltr'>ergo</span> <span class='ocrx_word' id='word_1_111' title='bbox 2631 1448 2737 1509; x_wconf 92' lang='lat' dir='ltr'>hic</span> <span class='ocrx_word' id='word_1_112' title='bbox 2766 1447 3061 1522; x_wconf 91' lang='lat' dir='ltr'>secundo,</span> <span class='ocrx_word' id='word_1_113' title='bbox 3076 1447 3365 1516; x_wconf 79' lang='lat' dir='ltr'>Utrum</span> <span class='ocrx_word' id='word_1_114' title='bbox 3396 1461 3536 1548; x_wconf 31' lang='lat' dir='ltr'>an·-</span> 
     </span>
     <span class='ocr_line' id='line_1_21' title="bbox 2188 1545 3390 1627; baseline 0.002 -15"><span class='ocrx_word' id='word_1_115' title='bbox 2188 1545 2418 1624; x_wconf 80' lang='lat' dir='ltr'>gelus</span> <span class='ocrx_word' id='word_1_116' title='bbox 2460 1561 2665 1612; x_wconf 87' lang='lat' dir='ltr'>unus</span> <span class='ocrx_word' id='word_1_117' title='bbox 2707 1547 3081 1627; x_wconf 85' lang='lat' dir='ltr'>loquatur</span> <span class='ocrx_word' id='word_1_118' title='bbox 3122 1546 3390 1615; x_wconf 81' lang='lat' dir='ltr'>alteri.</span> 
     </span>
     <span class='ocr_line' id='line_1_22' title="bbox 2163 1643 3523 1726; baseline 0.002 -23"><span class='ocrx_word' id='word_1_119' title='bbox 2163 1643 2373 1704; x_wconf 88' lang='lat' dir='ltr'>idetur</span> <span class='ocrx_word' id='word_1_120' title='bbox 2404 1643 2573 1724; x_wconf 92' lang='lat' dir='ltr'>quod</span> <span class='ocrx_word' id='word_1_121' title='bbox 2610 1661 2760 1718; x_wconf 90' lang='lat' dir='ltr'>non,</span> <span class='ocrx_word' id='word_1_122' title='bbox 2796 1644 2948 1726; x_wconf 89' lang='lat' dir='ltr'>quia</span> <span class='ocrx_word' id='word_1_123' title='bbox 2985 1645 3340 1707; x_wconf 92' lang='lat' dir='ltr'>secundum</span> <span class='ocrx_word' id='word_1_124' title='bbox 3377 1644 3523 1708; x_wconf 88' lang='lat' dir='ltr'>Gre-</span> 
     </span>
    </p>
   </div>
   <div class='ocr_carea' id='block_1_10' title="bbox 2013 1740 3524 1824">
    <p class='ocr_par' dir='ltr' id='par_1_10' title="bbox 2013 1740 3524 1824">
     <span class='ocr_line' id='line_1_23' title="bbox 2013 1740 3524 1824; baseline 0.002 -22"><span class='ocrx_word' id='word_1_125' title='bbox 2013 1741 2267 1821; x_wconf 89' lang='lat' dir='ltr'>gorium</span> <span class='ocrx_word' id='word_1_126' title='bbox 2314 1740 2382 1802; x_wconf 89' lang='lat' dir='ltr'>in</span> <span class='ocrx_word' id='word_1_127' title='bbox 2427 1741 2769 1804; x_wconf 87' lang='lat' dir='ltr'>Moralibus</span> <span class='ocrx_word' id='word_1_128' title='bbox 2814 1761 3007 1824; x_wconf 90' lang='lat' dir='ltr'>super</span> <span class='ocrx_word' id='word_1_129' title='bbox 3042 1743 3181 1817; x_wconf 84' lang='lat' dir='ltr'>Job,</span> <span class='ocrx_word' id='word_1_130' title='bbox 3215 1750 3279 1806; x_wconf 90' lang='lat' dir='ltr'>et</span> <span class='ocrx_word' id='word_1_131' title='bbox 3315 1743 3524 1824; x_wconf 85' lang='lat' dir='ltr'>Augu·</span> 
     </span>
    </p>
   </div>
   <div class='ocr_carea' id='block_1_11' title="bbox 399 1838 3523 1923">
    <p class='ocr_par' dir='ltr' id='par_1_11' title="bbox 399 1838 3523 1923">
     <span class='ocr_line' id='line_1_24' title="bbox 399 1838 3523 1923; baseline 0.001 -23"><span class='ocrx_word' id='word_1_132' title='bbox 399 1847 778 1920; x_wconf 84' lang='lat' dir='ltr'>cooperante</span> <span class='ocrx_word' id='word_1_133' title='bbox 813 1843 1141 1904; x_wconf 90' lang='lat' dir='ltr'>communi</span> <span class='ocrx_word' id='word_1_134' title='bbox 1178 1860 1372 1904; x_wconf 91' lang='lat' dir='ltr'>cursu</span> <span class='ocrx_word' id='word_1_135' title='bbox 1404 1848 1666 1915; x_wconf 84' lang='lat' dir='ltr'>naturae,</span> <span class='ocrx_word' id='word_1_136' title='bbox 1700 1841 1906 1923; x_wconf 91' lang='lat' dir='ltr'>possit</span> <span class='ocrx_word' id='word_1_137' title='bbox 1939 1849 1986 1911; x_wconf 84' lang='grc' dir='ltr'>Β</span> <span class='ocrx_word' id='word_1_138' title='bbox 2016 1839 2257 1901; x_wconf 89' lang='lat' dir='ltr'>stinum</span> <span class='ocrx_word' id='word_1_139' title='bbox 2303 1838 2469 1901; x_wconf 91' lang='lat' dir='ltr'>libro</span> <span class='ocrx_word' id='word_1_140' title='bbox 2512 1839 2589 1901; x_wconf 91' lang='lat' dir='ltr'>de</span> <span class='ocrx_word' id='word_1_141' title='bbox 2630 1839 2920 1915; x_wconf 89' lang='lat' dir='ltr'>Civitate,</span> <span class='ocrx_word' id='word_1_142' title='bbox 2951 1840 3289 1904; x_wconf 88' lang='lat' dir='ltr'>Beatorum</span> <span class='ocrx_word' id='word_1_143' title='bbox 3334 1842 3523 1904; x_wconf 88' lang='lat' dir='ltr'>corda</span> 
     </span>
    </p>
   </div>
   <div class='ocr_carea' id='block_1_12' title="bbox 395 1936 1905 3006">
    <p class='ocr_par' dir='ltr' id='par_1_12' title="bbox 395 1936 1904 2592">
     <span class='ocr_line' id='line_1_25' title="bbox 396 1936 1902 2022; baseline 0.001 -24"><span class='ocrx_word' id='word_1_144' title='bbox 396 1936 611 2019; x_wconf 87' lang='lat' dir='ltr'>aliqua</span> <span class='ocrx_word' id='word_1_145' title='bbox 650 1956 840 2002; x_wconf 88' lang='lat' dir='ltr'>causa</span> <span class='ocrx_word' id='word_1_146' title='bbox 882 1941 1189 2003; x_wconf 87' lang='lat' dir='ltr'>naturalis</span> <span class='ocrx_word' id='word_1_147' title='bbox 1227 1941 1586 2022; x_wconf 85' lang='lat' dir='ltr'>disponere,</span> <span class='ocrx_word' id='word_1_148' title='bbox 1621 1946 1692 2000; x_wconf 91' lang='lat' dir='ltr'>ut</span> <span class='ocrx_word' id='word_1_149' title='bbox 1734 1945 1902 2021; x_wconf 85' lang='lat' dir='ltr'>patet</span> 
     </span>
     <span class='ocr_line' id='line_1_26' title="bbox 396 2036 1904 2121; baseline 0.001 -24"><span class='ocrx_word' id='word_1_150' title='bbox 396 2036 476 2098; x_wconf 91' lang='lat' dir='ltr'>de</span> <span class='ocrx_word' id='word_1_151' title='bbox 515 2055 782 2120; x_wconf 88' lang='lat' dir='ltr'>corpore</span> <span class='ocrx_word' id='word_1_152' title='bbox 822 2040 1183 2120; x_wconf 84' lang='lat' dir='ltr'>organizato</span> <span class='ocrx_word' id='word_1_153' title='bbox 1222 2045 1516 2121; x_wconf 84' lang='lat' dir='ltr'>respectu</span> <span class='ocrx_word' id='word_1_154' title='bbox 1550 2038 1780 2102; x_wconf 83' lang='lat' dir='ltr'>animae</span> <span class='ocrx_word' id='word_1_155' title='bbox 1811 2037 1904 2098; x_wconf 85' lang='lat' dir='ltr'>in-</span> 
     </span>
     <span class='ocr_line' id='line_1_27' title="bbox 397 2136 1904 2217; baseline 0 -20"><span class='ocrx_word' id='word_1_156' title='bbox 397 2136 768 2217; x_wconf 79' lang='lat' dir='ltr'>tellectivae;</span> <span class='ocrx_word' id='word_1_157' title='bbox 797 2140 876 2200; x_wconf 89' lang='lat' dir='ltr'>ad</span> <span class='ocrx_word' id='word_1_158' title='bbox 922 2137 1194 2200; x_wconf 83' lang='lat' dir='ltr'>formam</span> <span class='ocrx_word' id='word_1_159' title='bbox 1241 2145 1456 2200; x_wconf 84' lang='lat' dir='ltr'>tamen</span> <span class='ocrx_word' id='word_1_160' title='bbox 1497 2136 1761 2199; x_wconf 89' lang='lat' dir='ltr'>omnino</span> <span class='ocrx_word' id='word_1_161' title='bbox 1803 2155 1904 2197; x_wconf 91' lang='lat' dir='ltr'>su-</span> 
     </span>
     <span class='ocr_line' id='line_1_28' title="bbox 397 2235 1900 2318; baseline -0.001 -20"><span class='ocrx_word' id='word_1_162' title='bbox 397 2237 890 2318; x_wconf 85' lang='lat' dir='ltr'>pernaturalem,</span> <span class='ocrx_word' id='word_1_163' title='bbox 946 2255 1075 2299; x_wconf 90' lang='lat' dir='ltr'>non</span> <span class='ocrx_word' id='word_1_164' title='bbox 1135 2243 1512 2318; x_wconf 88' lang='lat' dir='ltr'>cooperante</span> <span class='ocrx_word' id='word_1_165' title='bbox 1573 2235 1900 2298; x_wconf 90' lang='lat' dir='ltr'>communi</span> 
     </span>
     <span class='ocr_line' id='line_1_29' title="bbox 397 2334 1902 2418; baseline -0.001 -22"><span class='ocrx_word' id='word_1_166' title='bbox 397 2354 586 2397; x_wconf 89' lang='lat' dir='ltr'>cursu</span> <span class='ocrx_word' id='word_1_167' title='bbox 634 2343 897 2410; x_wconf 84' lang='lat' dir='ltr'>naturae,</span> <span class='ocrx_word' id='word_1_168' title='bbox 931 2336 1417 2418; x_wconf 87' lang='lat' dir='ltr'>dispositionem</span> <span class='ocrx_word' id='word_1_169' title='bbox 1460 2334 1902 2397; x_wconf 85' lang='lat' dir='ltr'>immediatam</span> 
     </span>
     <span class='ocr_line' id='line_1_30' title="bbox 395 2432 1902 2514; baseline -0.001 -19"><span class='ocrx_word' id='word_1_170' title='bbox 395 2452 580 2514; x_wconf 86' lang='lat' dir='ltr'>agere</span> <span class='ocrx_word' id='word_1_171' title='bbox 630 2452 822 2514; x_wconf 86' lang='lat' dir='ltr'>agens</span> <span class='ocrx_word' id='word_1_172' title='bbox 873 2434 1181 2509; x_wconf 88' lang='lat' dir='ltr'>naturale,</span> <span class='ocrx_word' id='word_1_173' title='bbox 1227 2434 1480 2496; x_wconf 85' lang='lat' dir='ltr'>videtur</span> <span class='ocrx_word' id='word_1_174' title='bbox 1530 2432 1902 2496; x_wconf 89' lang='lat' dir='ltr'>inconveni-</span> 
     </span>
     <span class='ocr_line' id='line_1_31' title="bbox 395 2547 713 2592; baseline -0.003 0"><span class='ocrx_word' id='word_1_175' title='bbox 395 2549 510 2592; x_wconf 91' lang='lat' dir='ltr'>ens</span> <span class='ocrx_word' id='word_1_176' title='bbox 553 2547 713 2592; x_wconf 89' lang='lat' dir='ltr'>esse.</span> 
     </span>
    </p>

    <p class='ocr_par' dir='ltr' id='par_1_13' title="bbox 395 2629 1905 3006">
     <span class='ocr_line' id='line_1_32' title="bbox 473 2629 1902 2693; baseline 0.001 -3"><span class='ocrx_word' id='word_1_177' title='bbox 473 2629 621 2691; x_wconf 79' lang='lat' dir='ltr'>Haec</span> <span class='ocrx_word' id='word_1_178' title='bbox 651 2635 716 2690; x_wconf 89' lang='lat' dir='ltr'>et</span> <span class='ocrx_word' id='word_1_179' title='bbox 755 2629 958 2690; x_wconf 89' lang='lat' dir='ltr'>multa</span> <span class='ocrx_word' id='word_1_180' title='bbox 997 2629 1360 2692; x_wconf 88' lang='lat' dir='ltr'>consimilia</span> <span class='ocrx_word' id='word_1_181' title='bbox 1398 2630 1644 2692; x_wconf 90' lang='lat' dir='ltr'>inducit</span> <span class='ocrx_word' id='word_1_182' title='bbox 1678 2630 1902 2693; x_wconf 89' lang='lat' dir='ltr'>Scotus</span> 
     </span>
     <span class='ocr_line' id='line_1_33' title="bbox 396 2727 1901 2809; baseline 0.002 -22"><span class='ocrx_word' id='word_1_183' title='bbox 396 2734 617 2789; x_wconf 88' lang='lat' dir='ltr'>contra</span> <span class='ocrx_word' id='word_1_184' title='bbox 656 2727 1002 2789; x_wconf 87' lang='lat' dir='ltr'>Henricum</span> <span class='ocrx_word' id='word_1_185' title='bbox 1047 2745 1060 2789; x_wconf 92' lang='lat'>:</span> <span class='ocrx_word' id='word_1_186' title='bbox 1109 2744 1383 2809; x_wconf 88' lang='lat' dir='ltr'>quorum</span> <span class='ocrx_word' id='word_1_187' title='bbox 1435 2728 1724 2809; x_wconf 83' lang='lat' dir='ltr'>quaedam</span> <span class='ocrx_word' id='word_1_188' title='bbox 1774 2746 1901 2790; x_wconf 90' lang='lat' dir='ltr'>non</span> 
     </span>
     <span class='ocr_line' id='line_1_34' title="bbox 395 2825 1903 2907; baseline 0.001 -20"><span class='ocrx_word' id='word_1_189' title='bbox 395 2826 678 2888; x_wconf 91' lang='lat' dir='ltr'>militant</span> <span class='ocrx_word' id='word_1_190' title='bbox 716 2833 936 2888; x_wconf 88' lang='lat' dir='ltr'>contra</span> <span class='ocrx_word' id='word_1_191' title='bbox 975 2844 1143 2888; x_wconf 91' lang='lat' dir='ltr'>eum.</span> <span class='ocrx_word' id='word_1_192' title='bbox 1178 2825 1316 2888; x_wconf 89' lang='lat' dir='ltr'>Non</span> <span class='ocrx_word' id='word_1_193' title='bbox 1357 2827 1530 2888; x_wconf 91' lang='lat' dir='ltr'>enim</span> <span class='ocrx_word' id='word_1_194' title='bbox 1573 2835 1758 2907; x_wconf 86' lang='lat' dir='ltr'>negat</span> <span class='ocrx_word' id='word_1_195' title='bbox 1793 2846 1903 2888; x_wconf 88' lang='lat' dir='ltr'>an-</span> 
     </span>
     <span class='ocr_line' id='line_1_35' title="bbox 395 2924 1905 3006; baseline 0 -20"><span class='ocrx_word' id='word_1_196' title='bbox 395 2925 612 3005; x_wconf 88' lang='lat' dir='ltr'>gelum</span> <span class='ocrx_word' id='word_1_197' title='bbox 645 2924 993 3006; x_wconf 86' lang='lat' dir='ltr'>singularia</span> <span class='ocrx_word' id='word_1_198' title='bbox 1024 2925 1144 2987; x_wconf 87' lang='lat' dir='ltr'>ista</span> <span class='ocrx_word' id='word_1_199' title='bbox 1174 2942 1576 3005; x_wconf 87' lang='lat' dir='ltr'>cognoscere,</span> <span class='ocrx_word' id='word_1_200' title='bbox 1603 2926 1768 2986; x_wconf 91' lang='lat' dir='ltr'>sicut</span> <span class='ocrx_word' id='word_1_201' title='bbox 1797 2924 1905 2986; x_wconf 91' lang='lat' dir='ltr'>ob-</span> 
     </span>
    </p>
   </div>
   <div class='ocr_carea' id='block_1_13' title="bbox 2013 1936 3523 2415">
    <p class='ocr_par' dir='ltr' id='par_1_14' title="bbox 2013 1936 3523 2415">
     <span class='ocr_line' id='line_1_36' title="bbox 2015 1936 3523 2022; baseline 0.001 -22"><span class='ocrx_word' id='word_1_202' title='bbox 2015 1945 2079 2000; x_wconf 93' lang='lat' dir='ltr'>et</span> <span class='ocrx_word' id='word_1_203' title='bbox 2127 1936 2539 2018; x_wconf 89' lang='lat' dir='ltr'>cogitationes</span> <span class='ocrx_word' id='word_1_204' title='bbox 2584 1937 2863 2002; x_wconf 89' lang='lat' dir='ltr'>invicem</span> <span class='ocrx_word' id='word_1_205' title='bbox 2906 1939 3032 2001; x_wconf 93' lang='lat' dir='ltr'>sibi</span> <span class='ocrx_word' id='word_1_206' title='bbox 3074 1947 3413 2022; x_wconf 89' lang='lat' dir='ltr'>patescunt</span> <span class='ocrx_word' id='word_1_207' title='bbox 3459 1948 3523 2002; x_wconf 90' lang='lat' dir='ltr'>et</span> 
     </span>
     <span class='ocr_line' id='line_1_37' title="bbox 2015 2037 3520 2120; baseline 0.002 -23"><span class='ocrx_word' id='word_1_208' title='bbox 2015 2043 2166 2098; x_wconf 87' lang='lat' dir='ltr'>nota</span> <span class='ocrx_word' id='word_1_209' title='bbox 2205 2043 2355 2097; x_wconf 93' lang='lat' dir='ltr'>sunt</span> <span class='ocrx_word' id='word_1_210' title='bbox 2386 2053 2401 2098; x_wconf 89' lang='lat'>:</span> <span class='ocrx_word' id='word_1_211' title='bbox 2435 2054 2585 2117; x_wconf 89' lang='lat' dir='ltr'>ergo</span> <span class='ocrx_word' id='word_1_212' title='bbox 2626 2055 2755 2099; x_wconf 90' lang='lat' dir='ltr'>non</span> <span class='ocrx_word' id='word_1_213' title='bbox 2800 2037 3089 2120; x_wconf 88' lang='lat' dir='ltr'>indigent</span> <span class='ocrx_word' id='word_1_214' title='bbox 3132 2046 3355 2102; x_wconf 91' lang='lat' dir='ltr'>mutuo</span> <span class='ocrx_word' id='word_1_215' title='bbox 3394 2038 3520 2101; x_wconf 91' lang='lat' dir='ltr'>sibi</span> 
     </span>
     <span class='ocr_line' id='line_1_38' title="bbox 2013 2134 3523 2220; baseline 0.002 -24"><span class='ocrx_word' id='word_1_216' title='bbox 2013 2153 2088 2196; x_wconf 87' lang='lat' dir='ltr'>ea</span> <span class='ocrx_word' id='word_1_217' title='bbox 2120 2134 2543 2197; x_wconf 86' lang='lat' dir='ltr'>manifestare.</span> <span class='ocrx_word' id='word_1_218' title='bbox 2580 2135 2817 2199; x_wconf 91' lang='lat' dir='ltr'>Deinde</span> <span class='ocrx_word' id='word_1_219' title='bbox 2848 2137 2899 2199; x_wconf 92' lang='lat' dir='ltr'>si</span> <span class='ocrx_word' id='word_1_220' title='bbox 2942 2137 3295 2220; x_wconf 87' lang='lat' dir='ltr'>loquuntur</span> <span class='ocrx_word' id='word_1_221' title='bbox 3321 2137 3399 2200; x_wconf 89' lang='lat' dir='ltr'>ad</span> <span class='ocrx_word' id='word_1_222' title='bbox 3431 2137 3523 2199; x_wconf 91' lang='lat' dir='ltr'>in-</span> 
     </span>
     <span class='ocr_line' id='line_1_39' title="bbox 2014 2234 3520 2315; baseline 0.002 -21"><span class='ocrx_word' id='word_1_223' title='bbox 2014 2234 2244 2307; x_wconf 89' lang='lat' dir='ltr'>vicem,</span> <span class='ocrx_word' id='word_1_224' title='bbox 2279 2234 2586 2315; x_wconf 86' lang='lat' dir='ltr'>quaeritur</span> <span class='ocrx_word' id='word_1_225' title='bbox 2615 2235 2693 2296; x_wconf 92' lang='lat' dir='ltr'>de</span> <span class='ocrx_word' id='word_1_226' title='bbox 2725 2236 2935 2298; x_wconf 91' lang='lat' dir='ltr'>medio</span> <span class='ocrx_word' id='word_1_227' title='bbox 2967 2235 3313 2310; x_wconf 84' lang='lat' dir='ltr'>deferente,</span> <span class='ocrx_word' id='word_1_228' title='bbox 3347 2242 3411 2297; x_wconf 88' lang='lat' dir='ltr'>et</span> <span class='ocrx_word' id='word_1_229' title='bbox 3442 2236 3520 2297; x_wconf 87' lang='lat' dir='ltr'>dc</span> 
     </span>
     <span class='ocr_line' id='line_1_40' title="bbox 2014 2331 2824 2415; baseline 0.002 -23"><span class='ocrx_word' id='word_1_230' title='bbox 2014 2331 2459 2394; x_wconf 87' lang='lat' dir='ltr'>instrumentis</span> <span class='ocrx_word' id='word_1_231' title='bbox 2503 2331 2824 2415; x_wconf 90' lang='lat' dir='ltr'>loquendi.</span> 
     </span>
    </p>
   </div>
   <div class='ocr_carea' id='block_1_14' title="bbox 2014 2528 3524 2989">
    <p class='ocr_par' dir='ltr' id='par_1_15' title="bbox 2014 2528 3524 2989">
     <span class='ocr_line' id='line_1_41' title="bbox 2081 2528 3519 2612; baseline 0.003 -21"><span class='ocrx_word' id='word_1_232' title='bbox 2081 2528 2261 2591; x_wconf 88' lang='lat' dir='ltr'>Circa</span> <span class='ocrx_word' id='word_1_233' title='bbox 2285 2528 2421 2591; x_wconf 82' lang='lat' dir='ltr'>haec</span> <span class='ocrx_word' id='word_1_234' title='bbox 2446 2529 2649 2610; x_wconf 90' lang='lat' dir='ltr'>primo</span> <span class='ocrx_word' id='word_1_235' title='bbox 2675 2529 2904 2612; x_wconf 81' lang='lat' dir='ltr'>quaerit</span> <span class='ocrx_word' id='word_1_236' title='bbox 2922 2529 3292 2606; x_wconf 87' lang='lat' dir='ltr'>Alexander,</span> <span class='ocrx_word' id='word_1_237' title='bbox 3306 2539 3519 2595; x_wconf 86' lang='lat' dir='ltr'>utrum</span> 
     </span>
     <span class='ocr_line' id='line_1_42' title="bbox 2016 2627 3523 2712; baseline 0.003 -24"><span class='ocrx_word' id='word_1_238' title='bbox 2016 2627 2191 2708; x_wconf 90' lang='lat' dir='ltr'>loqui</span> <span class='ocrx_word' id='word_1_239' title='bbox 2242 2627 2577 2690; x_wconf 88' lang='lat' dir='ltr'>conveniat</span> <span class='ocrx_word' id='word_1_240' title='bbox 2624 2629 2887 2709; x_wconf 80' lang='lat' dir='ltr'>angelis,</span> <span class='ocrx_word' id='word_1_241' title='bbox 2940 2630 3301 2712; x_wconf 89' lang='lat' dir='ltr'>Respondet</span> <span class='ocrx_word' id='word_1_242' title='bbox 3344 2648 3359 2693; x_wconf 90' lang='lat'>:</span> <span class='ocrx_word' id='word_1_243' title='bbox 3402 2632 3523 2693; x_wconf 89' lang='lat' dir='ltr'>Du-</span> 
     </span>
     <span class='ocr_line' id='line_1_43' title="bbox 2015 2726 3524 2809; baseline 0.003 -22"><span class='ocrx_word' id='word_1_244' title='bbox 2015 2726 2162 2808; x_wconf 92' lang='lat' dir='ltr'>plex</span> <span class='ocrx_word' id='word_1_245' title='bbox 2194 2732 2289 2787; x_wconf 90' lang='lat' dir='ltr'>est</span> <span class='ocrx_word' id='word_1_246' title='bbox 2320 2726 2671 2808; x_wconf 90' lang='lat' dir='ltr'>spiritualis</span> <span class='ocrx_word' id='word_1_247' title='bbox 2702 2727 2942 2790; x_wconf 90' lang='lat' dir='ltr'>locutio</span> <span class='ocrx_word' id='word_1_248' title='bbox 2971 2729 3363 2809; x_wconf 87' lang='lat' dir='ltr'>angelorum.</span> <span class='ocrx_word' id='word_1_249' title='bbox 3390 2730 3524 2793; x_wconf 89' lang='lat' dir='ltr'>Una</span> 
     </span>
     <span class='ocr_line' id='line_1_44' title="bbox 2014 2823 3523 2909; baseline 0.002 -23"><span class='ocrx_word' id='word_1_250' title='bbox 2014 2843 2142 2906; x_wconf 88' lang='lat' dir='ltr'>qua</span> <span class='ocrx_word' id='word_1_251' title='bbox 2185 2823 2311 2887; x_wconf 91' lang='lat' dir='ltr'>Deo</span> <span class='ocrx_word' id='word_1_252' title='bbox 2357 2824 2723 2905; x_wconf 88' lang='lat' dir='ltr'>loquuntur.</span> <span class='ocrx_word' id='word_1_253' title='bbox 2758 2825 2843 2888; x_wconf 92' lang='lat' dir='ltr'>De</span> <span class='ocrx_word' id='word_1_254' title='bbox 2884 2846 3010 2908; x_wconf 90' lang='lat' dir='ltr'>qua</span> <span class='ocrx_word' id='word_1_255' title='bbox 3047 2828 3275 2890; x_wconf 89' lang='lat' dir='ltr'>asserit</span> <span class='ocrx_word' id='word_1_256' title='bbox 3311 2828 3523 2909; x_wconf 85' lang='lat' dir='ltr'>Augu·</span> 
     </span>
     <span class='ocr_line' id='line_1_45' title="bbox 2016 2921 3523 2989; baseline 0.003 -6"><span class='ocrx_word' id='word_1_257' title='bbox 2016 2923 2223 2984; x_wconf 89' lang='lat' dir='ltr'>stinus</span> <span class='ocrx_word' id='word_1_258' title='bbox 2254 2921 2419 2984; x_wconf 90' lang='lat' dir='ltr'>libro</span> <span class='ocrx_word' id='word_1_259' title='bbox 2459 2922 2536 2984; x_wconf 93' lang='lat' dir='ltr'>de</span> <span class='ocrx_word' id='word_1_260' title='bbox 2569 2921 2874 2986; x_wconf 86' lang='lat' dir='ltr'>Trinitate</span> <span class='ocrx_word' id='word_1_261' title='bbox 2906 2943 2920 2986; x_wconf 92' lang='lat'>:</span> <span class='ocrx_word' id='word_1_262' title='bbox 2948 2924 3149 2987; x_wconf 89' lang='lat' dir='ltr'>Habet</span> <span class='ocrx_word' id='word_1_263' title='bbox 3178 2926 3343 2989; x_wconf 92' lang='lat' dir='ltr'>Deus</span> <span class='ocrx_word' id='word_1_264' title='bbox 3375 2945 3523 2989; x_wconf 91' lang='lat' dir='ltr'>suos</span> 
     </span>
    </p>
   </div>
   <div class='ocr_carea' id='block_1_15' title="bbox 391 3020 3527 3105">
    <p class='ocr_par' dir='ltr' id='par_1_16' title="bbox 391 3020 3527 3105">
     <span class='ocr_line' id='line_1_46' title="bbox 391 3020 3527 3105; baseline 0 -20"><span class='ocrx_word' id='word_1_265' title='bbox 391 3023 590 3103; x_wconf 86' lang='lat' dir='ltr'>jectio</span> <span class='ocrx_word' id='word_1_266' title='bbox 639 3023 749 3084; x_wconf 88' lang='lat' dir='ltr'>illa</span> <span class='ocrx_word' id='word_1_267' title='bbox 799 3023 968 3085; x_wconf 91' lang='lat' dir='ltr'>Scoti</span> <span class='ocrx_word' id='word_1_268' title='bbox 1016 3023 1270 3086; x_wconf 89' lang='lat' dir='ltr'>videtur</span> <span class='ocrx_word' id='word_1_269' title='bbox 1319 3023 1727 3105; x_wconf 86' lang='lat' dir='ltr'>praetendere.</span> <span class='ocrx_word' id='word_1_270' title='bbox 1774 3022 1902 3084; x_wconf 89' lang='lat' dir='ltr'>Nec</span> <span class='ocrx_word' id='word_1_271' title='bbox 1941 3031 1984 3094; x_wconf 83' lang='lat' dir='ltr'>G</span> <span class='ocrx_word' id='word_1_272' title='bbox 2016 3021 2298 3095; x_wconf 81' lang='lat' dir='ltr'>nuntiOS,</span> <span class='ocrx_word' id='word_1_273' title='bbox 2343 3020 2406 3081; x_wconf 91' lang='lat' dir='ltr'>id</span> <span class='ocrx_word' id='word_1_274' title='bbox 2456 3027 2551 3082; x_wconf 89' lang='lat' dir='ltr'>est</span> <span class='ocrx_word' id='word_1_275' title='bbox 2596 3023 2875 3103; x_wconf 87' lang='lat' dir='ltr'>angelos,</span> <span class='ocrx_word' id='word_1_276' title='bbox 2916 3041 3044 3086; x_wconf 91' lang='lat' dir='ltr'>non</span> <span class='ocrx_word' id='word_1_277' title='bbox 3089 3024 3259 3105; x_wconf 91' lang='lat' dir='ltr'>quod</span> <span class='ocrx_word' id='word_1_278' title='bbox 3310 3024 3368 3086; x_wconf 88' lang='lat' dir='ltr'>ei</span> <span class='ocrx_word' id='word_1_279' title='bbox 3416 3025 3527 3086; x_wconf 88' lang='lat' dir='ltr'>ali-</span> 
     </span>
    </p>
   </div>
   <div class='ocr_carea' id='block_1_16' title="bbox 395 3121 1908 4189">
    <p class='ocr_par' dir='ltr' id='par_1_17' title="bbox 395 3121 1908 4189">
     <span class='ocr_line' id='line_1_47' title="bbox 395 3121 1901 3203; baseline -0.001 -20"><span class='ocrx_word' id='word_1_280' title='bbox 395 3130 492 3184; x_wconf 87' lang='lat' dir='ltr'>est</span> <span class='ocrx_word' id='word_1_281' title='bbox 521 3121 1003 3196; x_wconf 84' lang='lat' dir='ltr'>inconvenienS,</span> <span class='ocrx_word' id='word_1_282' title='bbox 1027 3121 1324 3203; x_wconf 88' lang='lat' dir='ltr'>angelum</span> <span class='ocrx_word' id='word_1_283' title='bbox 1357 3121 1730 3202; x_wconf 90' lang='lat' dir='ltr'>dispositive</span> <span class='ocrx_word' id='word_1_284' title='bbox 1761 3139 1901 3202; x_wconf 90' lang='lat' dir='ltr'>age-</span> 
     </span>
     <span class='ocr_line' id='line_1_48' title="bbox 395 3205 1903 3301; baseline 0.001 -20"><span class='ocrx_word' id='word_1_285' title='bbox 395 3240 463 3283; x_wconf 90' lang='lat' dir='ltr'>re</span> <span class='ocrx_word' id='word_1_286' title='bbox 511 3220 591 3282; x_wconf 91' lang='lat' dir='ltr'>ad</span> <span class='ocrx_word' id='word_1_287' title='bbox 645 3205 1034 3282; x_wconf 85' lang='lat' dir='ltr'>infusionem</span> <span class='ocrx_word' id='word_1_288' title='bbox 1084 3219 1582 3301; x_wconf 88' lang='lat' dir='ltr'>supernaturalis</span> <span class='ocrx_word' id='word_1_289' title='bbox 1630 3218 1903 3282; x_wconf 83' lang='lat' dir='ltr'>effectus</span> 
     </span>
     <span class='ocr_line' id='line_1_49' title="bbox 395 3316 1907 3401; baseline 0 -21"><span class='ocrx_word' id='word_1_290' title='bbox 395 3338 509 3380; x_wconf 93' lang='lat' dir='ltr'>seu</span> <span class='ocrx_word' id='word_1_291' title='bbox 555 3319 799 3393; x_wconf 82' lang='lat' dir='ltr'>formae,</span> <span class='ocrx_word' id='word_1_292' title='bbox 833 3325 1052 3401; x_wconf 89' lang='lat' dir='ltr'>utpote</span> <span class='ocrx_word' id='word_1_293' title='bbox 1100 3316 1360 3379; x_wconf 91' lang='lat' dir='ltr'>luminis</span> <span class='ocrx_word' id='word_1_294' title='bbox 1409 3318 1626 3399; x_wconf 82' lang='lat' dir='ltr'>gratiae</span> <span class='ocrx_word' id='word_1_295' title='bbox 1671 3326 1735 3380; x_wconf 94' lang='lat' dir='ltr'>et</span> <span class='ocrx_word' id='word_1_296' title='bbox 1779 3319 1907 3400; x_wconf 89' lang='lat' dir='ltr'>glo-</span> 
     </span>
     <span class='ocr_line' id='line_1_50' title="bbox 395 3416 1904 3491; baseline 0 -12"><span class='ocrx_word' id='word_1_297' title='bbox 395 3418 529 3491; x_wconf 82' lang='lat' dir='ltr'>riae,</span> <span class='ocrx_word' id='word_1_298' title='bbox 580 3425 644 3479; x_wconf 92' lang='lat' dir='ltr'>et</span> <span class='ocrx_word' id='word_1_299' title='bbox 691 3417 965 3479; x_wconf 90' lang='lat' dir='ltr'>aliorum</span> <span class='ocrx_word' id='word_1_300' title='bbox 1024 3416 1388 3478; x_wconf 89' lang='lat' dir='ltr'>divinorum</span> <span class='ocrx_word' id='word_1_301' title='bbox 1446 3416 1904 3479; x_wconf 88' lang='lat' dir='ltr'>charismatum</span> 
     </span>
     <span class='ocr_line' id='line_1_51' title="bbox 395 3512 1905 3597; baseline 0 -21"><span class='ocrx_word' id='word_1_302' title='bbox 395 3514 616 3597; x_wconf 83' lang='lat' dir='ltr'>gratiae</span> <span class='ocrx_word' id='word_1_303' title='bbox 664 3521 916 3595; x_wconf 88' lang='lat' dir='ltr'>gratum</span> <span class='ocrx_word' id='word_1_304' title='bbox 973 3512 1289 3588; x_wconf 82' lang='lat' dir='ltr'>facientiS,</span> <span class='ocrx_word' id='word_1_305' title='bbox 1341 3533 1540 3595; x_wconf 87' lang='lat' dir='ltr'>quum</span> <span class='ocrx_word' id='word_1_306' title='bbox 1593 3521 1657 3576; x_wconf 92' lang='lat' dir='ltr'>et</span> <span class='ocrx_word' id='word_1_307' title='bbox 1713 3514 1905 3577; x_wconf 91' lang='lat' dir='ltr'>homo</span> 
     </span>
     <span class='ocr_line' id='line_1_52' title="bbox 396 3612 1904 3696; baseline 0 -20"><span class='ocrx_word' id='word_1_308' title='bbox 396 3613 519 3677; x_wconf 91' lang='lat' dir='ltr'>hoc</span> <span class='ocrx_word' id='word_1_309' title='bbox 568 3613 790 3696; x_wconf 89' lang='lat' dir='ltr'>possit,</span> <span class='ocrx_word' id='word_1_310' title='bbox 832 3621 902 3674; x_wconf 89' lang='lat' dir='ltr'>ut</span> <span class='ocrx_word' id='word_1_311' title='bbox 948 3612 1070 3675; x_wconf 89' lang='lat' dir='ltr'>viri</span> <span class='ocrx_word' id='word_1_312' title='bbox 1122 3612 1416 3675; x_wconf 89' lang='lat' dir='ltr'>catholici</span> <span class='ocrx_word' id='word_1_313' title='bbox 1465 3619 1904 3694; x_wconf 84' lang='lat' dir='ltr'>cooperatores</span> 
     </span>
     <span class='ocr_line' id='line_1_53' title="bbox 397 3711 1906 3776; baseline -0.001 -1"><span class='ocrx_word' id='word_1_314' title='bbox 397 3713 511 3776; x_wconf 90' lang='lat' dir='ltr'>Dei</span> <span class='ocrx_word' id='word_1_315' title='bbox 558 3711 624 3775; x_wconf 92' lang='lat' dir='ltr'>in</span> <span class='ocrx_word' id='word_1_316' title='bbox 675 3711 1088 3775; x_wconf 86' lang='lat' dir='ltr'>conversione</span> <span class='ocrx_word' id='word_1_317' title='bbox 1138 3718 1203 3772; x_wconf 90' lang='lat' dir='ltr'>et</span> <span class='ocrx_word' id='word_1_318' title='bbox 1250 3711 1596 3774; x_wconf 88' lang='lat' dir='ltr'>salvatione</span> <span class='ocrx_word' id='word_1_319' title='bbox 1642 3713 1906 3774; x_wconf 87' lang='lat' dir='ltr'>erranti-</span> 
     </span>
     <span class='ocr_line' id='line_1_54' title="bbox 399 3807 1908 3889; baseline -0.001 -17"><span class='ocrx_word' id='word_1_320' title='bbox 399 3829 534 3884; x_wconf 93' lang='lat' dir='ltr'>um,</span> <span class='ocrx_word' id='word_1_321' title='bbox 569 3809 736 3872; x_wconf 92' lang='lat' dir='ltr'>sicut</span> <span class='ocrx_word' id='word_1_322' title='bbox 772 3809 863 3871; x_wconf 89' lang='lat' dir='ltr'>ait</span> <span class='ocrx_word' id='word_1_323' title='bbox 887 3807 1158 3870; x_wconf 74' lang='lat' dir='ltr'>Iacobus</span> <span class='ocrx_word' id='word_1_324' title='bbox 1197 3808 1521 3889; x_wconf 88' lang='lat' dir='ltr'>apostolus</span> <span class='ocrx_word' id='word_1_325' title='bbox 1557 3826 1570 3870; x_wconf 93' lang='lat'><strong>:</strong></span> <span class='ocrx_word' id='word_1_326' title='bbox 1605 3809 1723 3882; x_wconf 88' lang='lat' dir='ltr'>Qui</span> <span class='ocrx_word' id='word_1_327' title='bbox 1763 3827 1908 3872; x_wconf 91' lang='lat' dir='ltr'>con-</span> 
     </span>
     <span class='ocr_line' id='line_1_55' title="bbox 401 3906 1908 3990; baseline 0.001 -19"><span class='ocrx_word' id='word_1_328' title='bbox 401 3909 564 3972; x_wconf 84' lang='lat' dir='ltr'>verti</span> <span class='ocrx_word' id='word_1_329' title='bbox 623 3907 850 3970; x_wconf 89' lang='lat' dir='ltr'>fecerit</span> <span class='ocrx_word' id='word_1_330' title='bbox 909 3914 1308 3990; x_wconf 87' lang='lat' dir='ltr'>peccatorem</span> <span class='ocrx_word' id='word_1_331' title='bbox 1372 3906 1450 3970; x_wconf 89' lang='lat' dir='ltr'>ab</span> <span class='ocrx_word' id='word_1_332' title='bbox 1519 3925 1732 3970; x_wconf 89' lang='lat' dir='ltr'>errore</span> <span class='ocrx_word' id='word_1_333' title='bbox 1789 3907 1908 3972; x_wconf 82' lang='lat' dir='ltr'>viae</span> 
     </span>
     <span class='ocr_line' id='line_1_56' title="bbox 401 4005 1906 4088; baseline -0.001 -18"><span class='ocrx_word' id='word_1_334' title='bbox 401 4027 551 4070; x_wconf 84' lang='lat' dir='ltr'>suae.</span> <span class='ocrx_word' id='word_1_335' title='bbox 589 4007 666 4069; x_wconf 90' lang='lat' dir='ltr'>Et</span> <span class='ocrx_word' id='word_1_336' title='bbox 702 4006 931 4068; x_wconf 88' lang='lat' dir='ltr'>Paulus</span> <span class='ocrx_word' id='word_1_337' title='bbox 967 4023 980 4068; x_wconf 90' lang='lat'>:</span> <span class='ocrx_word' id='word_1_338' title='bbox 1013 4006 1090 4068; x_wconf 87' lang='lat' dir='ltr'>Ut</span> <span class='ocrx_word' id='word_1_339' title='bbox 1129 4007 1336 4069; x_wconf 89' lang='lat' dir='ltr'>salvos</span> <span class='ocrx_word' id='word_1_340' title='bbox 1374 4006 1643 4088; x_wconf 89' lang='lat' dir='ltr'>(inquit)</span> <span class='ocrx_word' id='word_1_341' title='bbox 1676 4005 1906 4069; x_wconf 83' lang='lat' dir='ltr'>faciam</span> 
     </span>
     <span class='ocr_line' id='line_1_57' title="bbox 402 4105 990 4189; baseline -0.007 -19"><span class='ocrx_word' id='word_1_342' title='bbox 402 4107 713 4189; x_wconf 87' lang='lat' dir='ltr'>quosdam</span> <span class='ocrx_word' id='word_1_343' title='bbox 757 4123 836 4167; x_wconf 84' lang='lat' dir='ltr'>ex</span> <span class='ocrx_word' id='word_1_344' title='bbox 877 4105 990 4167; x_wconf 90' lang='lat' dir='ltr'>eis.</span> 
     </span>
    </p>
   </div>
   <div class='ocr_carea' id='block_1_17' title="bbox 2015 3119 3526 4178">
    <p class='ocr_par' dir='ltr' id='par_1_18' title="bbox 2015 3119 3523 3477">
     <span class='ocr_line' id='line_1_58' title="bbox 2016 3119 3523 3201; baseline 0.003 -21"><span class='ocrx_word' id='word_1_345' title='bbox 2016 3119 2172 3201; x_wconf 88' lang='lat' dir='ltr'>quid</span> <span class='ocrx_word' id='word_1_346' title='bbox 2218 3119 2388 3201; x_wconf 91' lang='lat' dir='ltr'>quod</span> <span class='ocrx_word' id='word_1_347' title='bbox 2437 3120 2641 3181; x_wconf 88' lang='lat' dir='ltr'>nescit</span> <span class='ocrx_word' id='word_1_348' title='bbox 2687 3122 3091 3196; x_wconf 88' lang='lat' dir='ltr'>annuntient,</span> <span class='ocrx_word' id='word_1_349' title='bbox 3125 3122 3236 3184; x_wconf 92' lang='lat' dir='ltr'>sed</span> <span class='ocrx_word' id='word_1_350' title='bbox 3281 3121 3523 3184; x_wconf 90' lang='lat' dir='ltr'>bonum</span> 
     </span>
     <span class='ocr_line' id='line_1_59' title="bbox 2015 3217 3523 3301; baseline 0.001 -21"><span class='ocrx_word' id='word_1_351' title='bbox 2015 3236 2238 3280; x_wconf 91' lang='lat' dir='ltr'>eorum</span> <span class='ocrx_word' id='word_1_352' title='bbox 2270 3225 2386 3292; x_wconf 89' lang='lat' dir='ltr'>est,</span> <span class='ocrx_word' id='word_1_353' title='bbox 2411 3217 2488 3279; x_wconf 92' lang='lat' dir='ltr'>de</span> <span class='ocrx_word' id='word_1_354' title='bbox 2521 3218 2653 3280; x_wconf 90' lang='lat' dir='ltr'>suis</span> <span class='ocrx_word' id='word_1_355' title='bbox 2684 3219 2989 3301; x_wconf 89' lang='lat' dir='ltr'>operibus</span> <span class='ocrx_word' id='word_1_356' title='bbox 3019 3219 3160 3300; x_wconf 87' lang='lat' dir='ltr'>ejus</span> <span class='ocrx_word' id='word_1_357' title='bbox 3192 3219 3523 3282; x_wconf 87' lang='lat' dir='ltr'>consulere</span> 
     </span>
     <span class='ocr_line' id='line_1_60' title="bbox 2016 3316 3521 3400; baseline 0.001 -21"><span class='ocrx_word' id='word_1_358' title='bbox 2016 3316 2410 3379; x_wconf 84' lang='lat' dir='ltr'>voluntatem</span> <span class='ocrx_word' id='word_1_359' title='bbox 2460 3336 2573 3378; x_wconf 91' lang='lat' dir='ltr'>seu</span> <span class='ocrx_word' id='word_1_360' title='bbox 2620 3317 2973 3379; x_wconf 84' lang='lat' dir='ltr'>veritatem.</span> <span class='ocrx_word' id='word_1_361' title='bbox 3021 3318 3163 3381; x_wconf 87' lang='lat' dir='ltr'>Alia</span> <span class='ocrx_word' id='word_1_362' title='bbox 3209 3326 3307 3380; x_wconf 88' lang='lat' dir='ltr'>est</span> <span class='ocrx_word' id='word_1_363' title='bbox 3355 3319 3521 3400; x_wconf 92' lang='lat' dir='ltr'>ipso-</span> 
     </span>
     <span class='ocr_line' id='line_1_61' title="bbox 2017 3413 2906 3477; baseline 0.001 -1"><span class='ocrx_word' id='word_1_364' title='bbox 2017 3434 2161 3476; x_wconf 90' lang='lat' dir='ltr'>rum</span> <span class='ocrx_word' id='word_1_365' title='bbox 2206 3413 2284 3475; x_wconf 89' lang='lat' dir='ltr'>ad</span> <span class='ocrx_word' id='word_1_366' title='bbox 2329 3414 2606 3477; x_wconf 89' lang='lat' dir='ltr'>invicem</span> <span class='ocrx_word' id='word_1_367' title='bbox 2651 3415 2906 3477; x_wconf 90' lang='lat' dir='ltr'>locuti0.</span> 
     </span>
    </p>

    <p class='ocr_par' dir='ltr' id='par_1_19' title="bbox 2018 3512 3526 4178">
     <span class='ocr_line' id='line_1_62' title="bbox 2098 3512 3524 3596; baseline 0.002 -23"><span class='ocrx_word' id='word_1_368' title='bbox 2098 3512 2162 3574; x_wconf 91' lang='lat' dir='ltr'>Si</span> <span class='ocrx_word' id='word_1_369' title='bbox 2208 3519 2423 3574; x_wconf 89' lang='lat' dir='ltr'>autem</span> <span class='ocrx_word' id='word_1_370' title='bbox 2463 3512 2825 3593; x_wconf 89' lang='lat' dir='ltr'>objiciatur,</span> <span class='ocrx_word' id='word_1_371' title='bbox 2861 3514 3012 3596; x_wconf 87' lang='lat' dir='ltr'>quia</span> <span class='ocrx_word' id='word_1_372' title='bbox 3052 3513 3524 3578; x_wconf 75' lang='lat' dir='ltr'>commentator</span> 
     </span>
     <span class='ocr_line' id='line_1_63' title="bbox 2018 3610 3519 3694; baseline 0.002 -21"><span class='ocrx_word' id='word_1_373' title='bbox 2018 3629 2213 3693; x_wconf 90' lang='lat' dir='ltr'>super</span> <span class='ocrx_word' id='word_1_374' title='bbox 2257 3610 2627 3692; x_wconf 87' lang='lat' dir='ltr'>Angelicam</span> <span class='ocrx_word' id='word_1_375' title='bbox 2687 3611 2969 3694; x_wconf 91' lang='lat' dir='ltr'>loquitur</span> <span class='ocrx_word' id='word_1_376' title='bbox 3026 3612 3452 3676; x_wconf 85' lang='lat' dir='ltr'>hierarchiam</span> <span class='ocrx_word' id='word_1_377' title='bbox 3503 3630 3519 3676; x_wconf 89' lang='lat'>:</span> 
     </span>
     <span class='ocr_line' id='line_1_64' title="bbox 2018 3709 3525 3794; baseline 0.002 -21"><span class='ocrx_word' id='word_1_378' title='bbox 2018 3709 2240 3790; x_wconf 88' lang='lat' dir='ltr'>Angeli</span> <span class='ocrx_word' id='word_1_379' title='bbox 2294 3728 2422 3773; x_wconf 89' lang='lat' dir='ltr'>non</span> <span class='ocrx_word' id='word_1_380' title='bbox 2480 3710 2768 3792; x_wconf 88' lang='lat' dir='ltr'>indigent</span> <span class='ocrx_word' id='word_1_381' title='bbox 2823 3710 3164 3786; x_wconf 90' lang='lat' dir='ltr'>locutione,</span> <span class='ocrx_word' id='word_1_382' title='bbox 3219 3712 3525 3794; x_wconf 89' lang='lat' dir='ltr'>quoniam</span> 
     </span>
     <span class='ocr_line' id='line_1_65' title="bbox 2020 3808 3526 3894; baseline 0.002 -23"><span class='ocrx_word' id='word_1_383' title='bbox 2020 3808 2442 3872; x_wconf 89' lang='lat' dir='ltr'>conscientias</span> <span class='ocrx_word' id='word_1_384' title='bbox 2474 3828 2619 3871; x_wconf 90' lang='lat' dir='ltr'>suas</span> <span class='ocrx_word' id='word_1_385' title='bbox 2659 3809 2737 3871; x_wconf 88' lang='lat' dir='ltr'>ad</span> <span class='ocrx_word' id='word_1_386' title='bbox 2779 3810 3057 3873; x_wconf 89' lang='lat' dir='ltr'>invicem</span> <span class='ocrx_word' id='word_1_387' title='bbox 3093 3811 3526 3894; x_wconf 88' lang='lat' dir='ltr'>contemplan-</span> 
     </span>
     <span class='ocr_line' id='line_1_66' title="bbox 2019 3907 3525 3990; baseline 0.003 -22"><span class='ocrx_word' id='word_1_388' title='bbox 2019 3914 2141 3969; x_wconf 85' lang='lat' dir='ltr'>tur.</span> <span class='ocrx_word' id='word_1_389' title='bbox 2188 3907 2564 3982; x_wconf 90' lang='lat' dir='ltr'>Dicendum,</span> <span class='ocrx_word' id='word_1_390' title='bbox 2605 3909 2775 3990; x_wconf 92' lang='lat' dir='ltr'>quod</span> <span class='ocrx_word' id='word_1_391' title='bbox 2823 3927 2901 3970; x_wconf 87' lang='lat' dir='ltr'>ex</span> <span class='ocrx_word' id='word_1_392' title='bbox 2949 3910 3083 3972; x_wconf 86' lang='lat' dir='ltr'>fine</span> <span class='ocrx_word' id='word_1_393' title='bbox 3131 3909 3525 3972; x_wconf 81' lang='lat' dir='ltr'>auctoritatis</span> 
     </span>
     <span class='ocr_line' id='line_1_67' title="bbox 2020 4004 3525 4091; baseline 0.003 -25"><span class='ocrx_word' id='word_1_394' title='bbox 2020 4004 2195 4067; x_wconf 89' lang='lat' dir='ltr'>illius</span> <span class='ocrx_word' id='word_1_395' title='bbox 2244 4012 2415 4087; x_wconf 89' lang='lat' dir='ltr'>patet</span> <span class='ocrx_word' id='word_1_396' title='bbox 2458 4005 2598 4087; x_wconf 85' lang='lat' dir='ltr'>ejus</span> <span class='ocrx_word' id='word_1_397' title='bbox 2642 4005 2893 4069; x_wconf 89' lang='lat' dir='ltr'>solutio.</span> <span class='ocrx_word' id='word_1_398' title='bbox 2933 4007 3036 4069; x_wconf 91' lang='lat' dir='ltr'>Sic</span> <span class='ocrx_word' id='word_1_399' title='bbox 3085 4007 3326 4091; x_wconf 90' lang='lat' dir='ltr'>quippe</span> <span class='ocrx_word' id='word_1_400' title='bbox 3375 4007 3525 4070; x_wconf 82' lang='lat' dir='ltr'>fini-</span> 
     </span>
     <span class='ocr_line' id='line_1_68' title="bbox 2020 4103 3524 4178; baseline 0.003 -13"><span class='ocrx_word' id='word_1_401' title='bbox 2020 4103 2477 4178; x_wconf 72' lang='lat' dir='ltr'>turzssuoniam</span> <span class='ocrx_word' id='word_1_402' title='bbox 2510 4103 2930 4167; x_wconf 90' lang='lat' dir='ltr'>conscientias</span> <span class='ocrx_word' id='word_1_403' title='bbox 2961 4124 3107 4168; x_wconf 91' lang='lat' dir='ltr'>suas</span> <span class='ocrx_word' id='word_1_404' title='bbox 3136 4106 3214 4167; x_wconf 89' lang='lat' dir='ltr'>ad</span> <span class='ocrx_word' id='word_1_405' title='bbox 3247 4105 3524 4170; x_wconf 89' lang='lat' dir='ltr'>invicem</span> 
     </span>
    </p>
   </div>
   <div class='ocr_carea' id='block_1_18' title="bbox 481 4202 3522 4287">
    <p class='ocr_par' dir='ltr' id='par_1_20' title="bbox 481 4202 3522 4287">
     <span class='ocr_line' id='line_1_69' title="bbox 481 4202 3522 4287; baseline -0 -19"><span class='ocrx_word' id='word_1_406' title='bbox 481 4205 750 4287; x_wconf 90' lang='lat' dir='ltr'>Insuper</span> <span class='ocrx_word' id='word_1_407' title='bbox 806 4204 1029 4267; x_wconf 88' lang='lat' dir='ltr'>Scotus</span> <span class='ocrx_word' id='word_1_408' title='bbox 1084 4221 1098 4266; x_wconf 89' lang='lat'>:</span> <span class='ocrx_word' id='word_1_409' title='bbox 1151 4203 1332 4267; x_wconf 89' lang='lat' dir='ltr'>Circa</span> <span class='ocrx_word' id='word_1_410' title='bbox 1389 4202 1547 4278; x_wconf 87' lang='lat' dir='ltr'>haec,</span> <span class='ocrx_word' id='word_1_411' title='bbox 1598 4205 1708 4280; x_wconf 88' lang='lat' dir='ltr'>ait,</span> <span class='ocrx_word' id='word_1_412' title='bbox 1759 4211 1908 4268; x_wconf 89' lang='lat' dir='ltr'>sunt</span> <span class='ocrx_word' id='word_1_413' title='bbox 1937 4215 1986 4276; x_wconf 89' lang='lat' dir='ltr'><strong>D</strong></span> <span class='ocrx_word' id='word_1_414' title='bbox 2019 4202 2554 4285; x_wconf 89' lang='lat' dir='ltr'>contemplantur,</span> <span class='ocrx_word' id='word_1_415' title='bbox 2587 4202 2665 4265; x_wconf 86' lang='lat' dir='ltr'>ad</span> <span class='ocrx_word' id='word_1_416' title='bbox 2695 4202 3074 4267; x_wconf 85' lang='lat' dir='ltr'>alterutrum</span> <span class='ocrx_word' id='word_1_417' title='bbox 3109 4203 3522 4285; x_wconf 88' lang='lat' dir='ltr'>quodammo-</span> 
     </span>
    </p>
   </div>
   <div class='ocr_carea' id='block_1_19' title="bbox 401 4303 1911 5378">
    <p class='ocr_par' dir='ltr' id='par_1_21' title="bbox 401 4303 1911 5378">
     <span class='ocr_line' id='line_1_70' title="bbox 402 4303 1908 4384; baseline 0 -18"><span class='ocrx_word' id='word_1_418' title='bbox 402 4303 703 4366; x_wconf 84' lang='lat' dir='ltr'>dil&#39;ficilia</span> <span class='ocrx_word' id='word_1_419' title='bbox 750 4303 894 4366; x_wconf 92' lang='lat' dir='ltr'>duo.</span> <span class='ocrx_word' id='word_1_420' title='bbox 931 4303 1235 4377; x_wconf 92' lang='lat' dir='ltr'>Primum,</span> <span class='ocrx_word' id='word_1_421' title='bbox 1280 4303 1598 4384; x_wconf 90' lang='lat' dir='ltr'>quomodo</span> <span class='ocrx_word' id='word_1_422' title='bbox 1645 4303 1908 4384; x_wconf 87' lang='lat' dir='ltr'>angelus</span> 
     </span>
     <span class='ocr_line' id='line_1_71' title="bbox 403 4401 1908 4485; baseline 0.001 -21"><span class='ocrx_word' id='word_1_423' title='bbox 403 4403 673 4485; x_wconf 88' lang='lat' dir='ltr'>loquens</span> <span class='ocrx_word' id='word_1_424' title='bbox 717 4419 845 4464; x_wconf 89' lang='lat' dir='ltr'>non</span> <span class='ocrx_word' id='word_1_425' title='bbox 895 4401 1178 4483; x_wconf 90' lang='lat' dir='ltr'>loquitur</span> <span class='ocrx_word' id='word_1_426' title='bbox 1228 4401 1496 4463; x_wconf 87' lang='lat' dir='ltr'>cuilibet</span> <span class='ocrx_word' id='word_1_427' title='bbox 1543 4402 1785 4482; x_wconf 89' lang='lat' dir='ltr'>ange10.</span> <span class='ocrx_word' id='word_1_428' title='bbox 1843 4403 1908 4465; x_wconf 88' lang='lat' dir='ltr'>Si</span> 
     </span>
     <span class='ocr_line' id='line_1_72' title="bbox 402 4500 1908 4583; baseline 0.002 -21"><span class='ocrx_word' id='word_1_429' title='bbox 402 4501 580 4563; x_wconf 88' lang='lat' dir='ltr'>enim</span> <span class='ocrx_word' id='word_1_430' title='bbox 628 4500 803 4582; x_wconf 90' lang='lat' dir='ltr'>loqui</span> <span class='ocrx_word' id='word_1_431' title='bbox 846 4500 1074 4581; x_wconf 86' lang='lat' dir='ltr'>angeli,</span> <span class='ocrx_word' id='word_1_432' title='bbox 1108 4508 1205 4563; x_wconf 91' lang='lat' dir='ltr'>est</span> <span class='ocrx_word' id='word_1_433' title='bbox 1247 4500 1510 4582; x_wconf 59' lang='lat' dir='ltr'>praecise</span> <span class='ocrx_word' id='word_1_434' title='bbox 1549 4501 1908 4583; x_wconf 85' lang='lat' dir='ltr'>exprimere</span> 
     </span>
     <span class='ocr_line' id='line_1_73' title="bbox 403 4599 1910 4683; baseline 0.001 -22"><span class='ocrx_word' id='word_1_435' title='bbox 403 4606 788 4681; x_wconf 90' lang='lat' dir='ltr'>conceptum</span> <span class='ocrx_word' id='word_1_436' title='bbox 838 4599 951 4681; x_wconf 86' lang='lat' dir='ltr'>qui</span> <span class='ocrx_word' id='word_1_437' title='bbox 1001 4599 1065 4660; x_wconf 92' lang='lat' dir='ltr'>in</span> <span class='ocrx_word' id='word_1_438' title='bbox 1116 4600 1256 4682; x_wconf 91' lang='lat' dir='ltr'>ipso</span> <span class='ocrx_word' id='word_1_439' title='bbox 1313 4599 1610 4683; x_wconf 89' lang='lat' dir='ltr'>loquente</span> <span class='ocrx_word' id='word_1_440' title='bbox 1656 4601 1910 4663; x_wconf 89' lang='lat' dir='ltr'>videtur</span> 
     </span>
     <span class='ocr_line' id='line_1_74' title="bbox 403 4697 1910 4782; baseline 0.002 -22"><span class='ocrx_word' id='word_1_441' title='bbox 403 4698 573 4760; x_wconf 89' lang='lat' dir='ltr'>sicut</span> <span class='ocrx_word' id='word_1_442' title='bbox 605 4699 670 4759; x_wconf 90' lang='lat' dir='ltr'>in</span> <span class='ocrx_word' id='word_1_443' title='bbox 703 4697 889 4772; x_wconf 86' lang='lat' dir='ltr'>libro,</span> <span class='ocrx_word' id='word_1_444' title='bbox 908 4706 972 4760; x_wconf 87' lang='lat' dir='ltr'>et</span> <span class='ocrx_word' id='word_1_445' title='bbox 1000 4698 1121 4761; x_wconf 91' lang='lat' dir='ltr'>hoc</span> <span class='ocrx_word' id='word_1_446' title='bbox 1152 4717 1526 4781; x_wconf 87' lang='lat' dir='ltr'>expressum</span> <span class='ocrx_word' id='word_1_447' title='bbox 1556 4719 1593 4761; x_wconf 89' lang='lat' dir='ltr'>a</span> <span class='ocrx_word' id='word_1_448' title='bbox 1622 4700 1910 4782; x_wconf 91' lang='lat' dir='ltr'>quolibet</span> 
     </span>
     <span class='ocr_line' id='line_1_75' title="bbox 401 4797 1910 4882; baseline 0.002 -23"><span class='ocrx_word' id='word_1_449' title='bbox 401 4805 616 4882; x_wconf 88' lang='lat' dir='ltr'>potcst</span> <span class='ocrx_word' id='word_1_450' title='bbox 661 4797 865 4859; x_wconf 78' lang='lat' dir='ltr'>videri</span> <span class='ocrx_word' id='word_1_451' title='bbox 924 4798 1293 4879; x_wconf 84' lang='lat' dir='ltr'>aequaliter3</span> <span class='ocrx_word' id='word_1_452' title='bbox 1343 4816 1492 4878; x_wconf 86' lang='lat' dir='ltr'>crgo</span> <span class='ocrx_word' id='word_1_453' title='bbox 1543 4800 1910 4881; x_wconf 88' lang='lat' dir='ltr'>exprimens</span> 
     </span>
     <span class='ocr_line' id='line_1_76' title="bbox 402 4896 1910 4979; baseline 0.001 -20"><span class='ocrx_word' id='word_1_454' title='bbox 402 4897 589 4971; x_wconf 93' lang='lat' dir='ltr'>illud,</span> <span class='ocrx_word' id='word_1_455' title='bbox 650 4896 918 4958; x_wconf 91' lang='lat' dir='ltr'>cuilibet</span> <span class='ocrx_word' id='word_1_456' title='bbox 973 4897 1300 4978; x_wconf 82' lang='lat' dir='ltr'>aequaliter</span> <span class='ocrx_word' id='word_1_457' title='bbox 1359 4898 1658 4979; x_wconf 89' lang='lat' dir='ltr'>loquitur.</span> <span class='ocrx_word' id='word_1_458' title='bbox 1719 4899 1910 4962; x_wconf 89' lang='lat' dir='ltr'>Aliud</span> 
     </span>
     <span class='ocr_line' id='line_1_77' title="bbox 401 4995 1911 5078; baseline 0 -20"><span class='ocrx_word' id='word_1_459' title='bbox 401 5003 523 5068; x_wconf 87' lang='lat' dir='ltr'>est,</span> <span class='ocrx_word' id='word_1_460' title='bbox 557 4996 876 5077; x_wconf 91' lang='lat' dir='ltr'>quomodo</span> <span class='ocrx_word' id='word_1_461' title='bbox 922 4995 1184 5076; x_wconf 86' lang='lat' dir='ltr'>angelus</span> <span class='ocrx_word' id='word_1_462' title='bbox 1234 4995 1516 5077; x_wconf 91' lang='lat' dir='ltr'>loquitur</span> <span class='ocrx_word' id='word_1_463' title='bbox 1563 4997 1622 5057; x_wconf 91' lang='lat' dir='ltr'>ei</span> <span class='ocrx_word' id='word_1_464' title='bbox 1668 4997 1734 5058; x_wconf 92' lang='lat' dir='ltr'>in</span> <span class='ocrx_word' id='word_1_465' title='bbox 1783 5014 1911 5078; x_wconf 88' lang='lat' dir='ltr'>quo</span> 
     </span>
     <span class='ocr_line' id='line_1_78' title="bbox 401 5093 1909 5176; baseline 0 -20"><span class='ocrx_word' id='word_1_466' title='bbox 401 5093 570 5156; x_wconf 87' lang='grc'><strong>1111111</strong></span> <span class='ocrx_word' id='word_1_467' title='bbox 621 5101 854 5156; x_wconf 88' lang='lat' dir='ltr'>causat.</span> <span class='ocrx_word' id='word_1_468' title='bbox 893 5093 1079 5156; x_wconf 90' lang='lat' dir='ltr'>Nulla</span> <span class='ocrx_word' id='word_1_469' title='bbox 1128 5094 1301 5156; x_wconf 92' lang='lat' dir='ltr'>enim</span> <span class='ocrx_word' id='word_1_470' title='bbox 1350 5095 1472 5156; x_wconf 91' lang='lat' dir='ltr'>erit</span> <span class='ocrx_word' id='word_1_471' title='bbox 1515 5095 1674 5157; x_wconf 89' lang='lat' dir='ltr'>ratio</span> <span class='ocrx_word' id='word_1_472' title='bbox 1714 5112 1909 5176; x_wconf 89' lang='lat' dir='ltr'>quare</span> 
     </span>
     <span class='ocr_line' id='line_1_79' title="bbox 403 5191 1910 5274; baseline 0 -20"><span class='ocrx_word' id='word_1_473' title='bbox 403 5198 471 5254; x_wconf 90' lang='lat' dir='ltr'>et</span> <span class='ocrx_word' id='word_1_474' title='bbox 519 5191 838 5274; x_wconf 91' lang='lat' dir='ltr'>quomodo</span> <span class='ocrx_word' id='word_1_475' title='bbox 886 5211 1059 5253; x_wconf 90' lang='lat' dir='ltr'>nunc</span> <span class='ocrx_word' id='word_1_476' title='bbox 1108 5193 1309 5273; x_wconf 86' lang='lat' dir='ltr'>magis</span> <span class='ocrx_word' id='word_1_477' title='bbox 1359 5193 1673 5274; x_wconf 88' lang='lat' dir='ltr'>intelligat</span> <span class='ocrx_word' id='word_1_478' title='bbox 1716 5211 1910 5274; x_wconf 90' lang='lat' dir='ltr'>quam</span> 
     </span>
     <span class='ocr_line' id='line_1_80' title="bbox 405 5289 1902 5378; baseline 0.002 -27"><span class='ocrx_word' id='word_1_479' title='bbox 405 5289 612 5378; x_wconf 88' lang='lat' dir='ltr'>prius,</span> <span class='ocrx_word' id='word_1_480' title='bbox 636 5289 691 5352; x_wconf 92' lang='lat' dir='ltr'>si</span> <span class='ocrx_word' id='word_1_481' title='bbox 721 5289 887 5353; x_wconf 89' lang='lat' dir='ltr'>nihil</span> <span class='ocrx_word' id='word_1_482' title='bbox 916 5289 1089 5352; x_wconf 88' lang='lat' dir='ltr'>aliud</span> <span class='ocrx_word' id='word_1_483' title='bbox 1118 5290 1234 5353; x_wconf 82' lang='lat' dir='ltr'>fiat</span> <span class='ocrx_word' id='word_1_484' title='bbox 1264 5291 1330 5352; x_wconf 93' lang='lat' dir='ltr'>in</span> <span class='ocrx_word' id='word_1_485' title='bbox 1360 5308 1454 5354; x_wconf 92' lang='grc' dir='ltr'>οο.</span> <span class='ocrx_word' id='word_1_486' title='bbox 1481 5291 1624 5355; x_wconf 83' lang='lat' dir='ltr'>Haec</span> <span class='ocrx_word' id='word_1_487' title='bbox 1660 5291 1902 5354; x_wconf 80' lang='lat' dir='ltr'>ScotuS.</span> 
     </span>
    </p>
   </div>
   <div class='ocr_carea' id='block_1_20' title="bbox 2019 4300 3524 4582">
    <p class='ocr_par' dir='ltr' id='par_1_22' title="bbox 2019 4300 3524 4582">
     <span class='ocr_line' id='line_1_81' title="bbox 2019 4300 3522 4384; baseline 0 -20"><span class='ocrx_word' id='word_1_488' title='bbox 2019 4302 2101 4364; x_wconf 91' lang='lat' dir='ltr'>do</span> <span class='ocrx_word' id='word_1_489' title='bbox 2129 4301 2267 4364; x_wconf 91' lang='lat' dir='ltr'>sine</span> <span class='ocrx_word' id='word_1_490' title='bbox 2302 4319 2457 4363; x_wconf 92' lang='lat' dir='ltr'>voce</span> <span class='ocrx_word' id='word_1_491' title='bbox 2500 4300 2867 4384; x_wconf 90' lang='lat' dir='ltr'>loquuntur.</span> <span class='ocrx_word' id='word_1_492' title='bbox 2903 4301 3091 4376; x_wconf 88' lang='lat' dir='ltr'>Quasi</span> <span class='ocrx_word' id='word_1_493' title='bbox 3133 4301 3302 4364; x_wconf 86' lang='lat' dir='ltr'>dicat</span> <span class='ocrx_word' id='word_1_494' title='bbox 3335 4319 3349 4364; x_wconf 90' lang='lat'>:</span> <span class='ocrx_word' id='word_1_495' title='bbox 3382 4301 3522 4365; x_wconf 92' lang='lat' dir='ltr'>Non</span> 
     </span>
     <span class='ocr_line' id='line_1_82' title="bbox 2019 4399 3524 4483; baseline 0 -21"><span class='ocrx_word' id='word_1_496' title='bbox 2019 4399 2411 4463; x_wconf 89' lang='lat' dir='ltr'>sensibiliter</span> <span class='ocrx_word' id='word_1_497' title='bbox 2469 4400 2578 4463; x_wconf 91' lang='lat' dir='ltr'>sed</span> <span class='ocrx_word' id='word_1_498' title='bbox 2636 4400 3127 4483; x_wconf 86' lang='lat' dir='ltr'>intelligibiliter</span> <span class='ocrx_word' id='word_1_499' title='bbox 3180 4400 3524 4483; x_wconf 88' lang='lat' dir='ltr'>spirituali·</span> 
     </span>
     <span class='ocr_line' id='line_1_83' title="bbox 2019 4499 3523 4582; baseline 0.001 -20"><span class='ocrx_word' id='word_1_500' title='bbox 2019 4508 2243 4581; x_wconf 87' lang='lat' dir='ltr'>terque</span> <span class='ocrx_word' id='word_1_501' title='bbox 2289 4500 2656 4581; x_wconf 89' lang='lat' dir='ltr'>loquuntur.</span> <span class='ocrx_word' id='word_1_502' title='bbox 2691 4535 2773 4546; x_wconf 90' lang='lat'>—-</span> <span class='ocrx_word' id='word_1_503' title='bbox 2802 4501 2912 4564; x_wconf 92' lang='lat' dir='ltr'>Vel</span> <span class='ocrx_word' id='word_1_504' title='bbox 2951 4501 3319 4578; x_wconf 81' lang='lat' dir='ltr'>dicendum,</span> <span class='ocrx_word' id='word_1_505' title='bbox 3352 4499 3523 4582; x_wconf 92' lang='lat' dir='ltr'>quod</span> 
     </span>
    </p>
   </div>
   <div class='ocr_carea' id='block_1_21' title="bbox 2001 4598 3521 4682">
    <p class='ocr_par' dir='ltr' id='par_1_23' title="bbox 2001 4598 3521 4682">
     <span class='ocr_line' id='line_1_84' title="bbox 2001 4598 3521 4682; baseline 0.001 -21"><span class='ocrx_word' id='word_1_506' title='bbox 2001 4599 2258 4682; x_wconf 85' lang='lat' dir='ltr'>-duplex</span> <span class='ocrx_word' id='word_1_507' title='bbox 2288 4606 2383 4661; x_wconf 91' lang='lat' dir='ltr'>est</span> <span class='ocrx_word' id='word_1_508' title='bbox 2414 4599 2843 4662; x_wconf 86' lang='lat' dir='ltr'>manifestatio</span> <span class='ocrx_word' id='word_1_509' title='bbox 2878 4599 3284 4663; x_wconf 65' lang='lat' dir='ltr'>conscientias</span> <span class='ocrx_word' id='word_1_510' title='bbox 3315 4599 3380 4661; x_wconf 92' lang='lat' dir='ltr'>in</span> <span class='ocrx_word' id='word_1_511' title='bbox 3411 4598 3521 4662; x_wconf 91' lang='lat' dir='ltr'>bo-</span> 
     </span>
    </p>
   </div>
   <div class='ocr_carea' id='block_1_22' title="bbox 2019 4698 3523 5373">
    <p class='ocr_par' dir='ltr' id='par_1_24' title="bbox 2019 4698 3523 5373">
     <span class='ocr_line' id='line_1_85' title="bbox 2022 4698 3521 4780; baseline 0 -19"><span class='ocrx_word' id='word_1_512' title='bbox 2022 4699 2122 4761; x_wconf 91' lang='lat' dir='ltr'>nis</span> <span class='ocrx_word' id='word_1_513' title='bbox 2163 4699 2275 4762; x_wconf 86' lang='lat' dir='ltr'>Dei</span> <span class='ocrx_word' id='word_1_514' title='bbox 2322 4698 2633 4761; x_wconf 89' lang='lat' dir='ltr'>ministris</span> <span class='ocrx_word' id='word_1_515' title='bbox 2668 4718 2681 4761; x_wconf 91' lang='lat'>:</span> <span class='ocrx_word' id='word_1_516' title='bbox 2716 4699 2793 4760; x_wconf 91' lang='lat' dir='ltr'>de</span> <span class='ocrx_word' id='word_1_517' title='bbox 2838 4699 3020 4760; x_wconf 89' lang='lat' dir='ltr'>malis</span> <span class='ocrx_word' id='word_1_518' title='bbox 3070 4717 3346 4780; x_wconf 88' lang='lat' dir='ltr'>namque</span> <span class='ocrx_word' id='word_1_519' title='bbox 3395 4716 3521 4762; x_wconf 90' lang='lat' dir='ltr'>non</span> 
     </span>
     <span class='ocr_line' id='line_1_86' title="bbox 2022 4796 3522 4879; baseline 0.001 -21"><span class='ocrx_word' id='word_1_520' title='bbox 2022 4797 2365 4879; x_wconf 90' lang='lat' dir='ltr'>loquimur.</span> <span class='ocrx_word' id='word_1_521' title='bbox 2401 4797 2602 4860; x_wconf 89' lang='lat' dir='ltr'>Unam</span> <span class='ocrx_word' id='word_1_522' title='bbox 2646 4796 2882 4859; x_wconf 89' lang='lat' dir='ltr'>habent</span> <span class='ocrx_word' id='word_1_523' title='bbox 2931 4816 3044 4878; x_wconf 90' lang='lat' dir='ltr'>per</span> <span class='ocrx_word' id='word_1_524' title='bbox 3092 4798 3522 4878; x_wconf 88' lang='lat' dir='ltr'>cognitionem</span> 
     </span>
     <span class='ocr_line' id='line_1_87' title="bbox 2021 4895 3523 4974; baseline 0.001 -18"><span class='ocrx_word' id='word_1_525' title='bbox 2021 4895 2088 4957; x_wconf 91' lang='lat' dir='ltr'>in</span> <span class='ocrx_word' id='word_1_526' title='bbox 2137 4896 2378 4974; x_wconf 83' lang='lat' dir='ltr'>Verb03</span> <span class='ocrx_word' id='word_1_527' title='bbox 2429 4903 2491 4958; x_wconf 91' lang='lat' dir='ltr'>et</span> <span class='ocrx_word' id='word_1_528' title='bbox 2540 4895 2892 4958; x_wconf 88' lang='lat' dir='ltr'>secundum</span> <span class='ocrx_word' id='word_1_529' title='bbox 2942 4895 3107 4958; x_wconf 88' lang='lat' dir='ltr'>hanc</span> <span class='ocrx_word' id='word_1_530' title='bbox 3152 4915 3377 4958; x_wconf 90' lang='lat' dir='ltr'>verum</span> <span class='ocrx_word' id='word_1_531' title='bbox 3426 4904 3523 4958; x_wconf 92' lang='lat' dir='ltr'>est</span> 
     </span>
     <span class='ocr_line' id='line_1_88' title="bbox 2020 4993 3521 5075; baseline 0.001 -20"><span class='ocrx_word' id='word_1_532' title='bbox 2020 4994 2191 5075; x_wconf 89' lang='lat' dir='ltr'>quod</span> <span class='ocrx_word' id='word_1_533' title='bbox 2223 4993 2627 5057; x_wconf 67' lang='lat' dir='ltr'>conscientiae</span> <span class='ocrx_word' id='word_1_534' title='bbox 2656 5011 2877 5056; x_wconf 91' lang='lat' dir='ltr'>eorum</span> <span class='ocrx_word' id='word_1_535' title='bbox 2908 5002 3055 5056; x_wconf 84' lang='lat' dir='ltr'>sunt</span> <span class='ocrx_word' id='word_1_536' title='bbox 3085 4993 3210 5057; x_wconf 90' lang='lat' dir='ltr'>sibi</span> <span class='ocrx_word' id='word_1_537' title='bbox 3241 4995 3521 5058; x_wconf 88' lang='lat' dir='ltr'>invicem</span> 
     </span>
     <span class='ocr_line' id='line_1_89' title="bbox 2021 5092 3519 5156; baseline 0.002 -3"><span class='ocrx_word' id='word_1_538' title='bbox 2021 5092 2373 5154; x_wconf 82' lang='lat' dir='ltr'>manifestae</span> <span class='ocrx_word' id='word_1_539' title='bbox 2408 5109 2421 5154; x_wconf 91' lang='lat'><strong>:</strong></span> <span class='ocrx_word' id='word_1_540' title='bbox 2456 5111 2605 5155; x_wconf 89' lang='lat' dir='ltr'>nam</span> <span class='ocrx_word' id='word_1_541' title='bbox 2644 5111 2812 5154; x_wconf 88' lang='lat' dir='ltr'>unus</span> <span class='ocrx_word' id='word_1_542' title='bbox 2852 5092 2919 5154; x_wconf 92' lang='lat' dir='ltr'>in</span> <span class='ocrx_word' id='word_1_543' title='bbox 2957 5092 3163 5155; x_wconf 88' lang='lat' dir='ltr'>Verbo</span> <span class='ocrx_word' id='word_1_544' title='bbox 3192 5093 3519 5156; x_wconf 87' lang='lat' dir='ltr'>conscien-</span> 
     </span>
     <span class='ocr_line' id='line_1_90' title="bbox 2019 5190 3516 5273; baseline 0.003 -23"><span class='ocrx_word' id='word_1_545' title='bbox 2019 5190 2176 5252; x_wconf 88' lang='lat' dir='ltr'>tiam</span> <span class='ocrx_word' id='word_1_546' title='bbox 2204 5191 2380 5253; x_wconf 88' lang='lat' dir='ltr'>videt</span> <span class='ocrx_word' id='word_1_547' title='bbox 2417 5190 2697 5254; x_wconf 83' lang='lat' dir='ltr'>alterius.</span> <span class='ocrx_word' id='word_1_548' title='bbox 2732 5191 2893 5252; x_wconf 88' lang='lat' dir='ltr'>Hinc</span> <span class='ocrx_word' id='word_1_549' title='bbox 2927 5191 3264 5273; x_wconf 87' lang='lat' dir='ltr'>Gregorius</span> <span class='ocrx_word' id='word_1_550' title='bbox 3297 5193 3375 5254; x_wconf 91' lang='lat' dir='ltr'>de</span> <span class='ocrx_word' id='word_1_551' title='bbox 3406 5211 3516 5255; x_wconf 89' lang='lat' dir='ltr'>no-</span> 
     </span>
     <span class='ocr_line' id='line_1_91' title="bbox 2023 5289 3510 5373; baseline 0.003 -21"><span class='ocrx_word' id='word_1_552' title='bbox 2023 5289 2124 5352; x_wconf 91' lang='lat' dir='ltr'>bis</span> <span class='ocrx_word' id='word_1_553' title='bbox 2176 5297 2247 5351; x_wconf 90' lang='lat' dir='ltr'>ut</span> <span class='ocrx_word' id='word_1_554' title='bbox 2287 5289 2659 5371; x_wconf 83' lang='lat' dir='ltr'>glorificatis</span> <span class='ocrx_word' id='word_1_555' title='bbox 2710 5289 2774 5351; x_wconf 92' lang='lat' dir='ltr'>in</span> <span class='ocrx_word' id='word_1_556' title='bbox 2824 5289 3028 5372; x_wconf 86' lang='lat' dir='ltr'>patria</span> <span class='ocrx_word' id='word_1_557' title='bbox 3072 5297 3454 5373; x_wconf 88' lang='lat' dir='ltr'>protestatur</span> <span class='ocrx_word' id='word_1_558' title='bbox 3494 5305 3510 5357; x_wconf 65' lang='grc' dir='ltr'><strong><em>ἲ</em></strong></span> 
     </span>
    </p>
   </div>
  </div>
 </body>
</html>
