4334 6242
803 478 922 542 214

1471 498 1535 544 IN
1576 499 1795 544 LIBRUM
1837 500 1880 543 11
1922 498 2403 545 SENTENTIARUM.
2450 517 2531 526 ·—
2571 498 2722 544 msT.
2770 500 2877 562 1113
2921 500 3144 555 QUAEST.
3193 500 3236 545 11

806 668 927 730 hoc
987 669 1268 750 loquitur
1316 675 1378 731 ct
1428 675 1640 730 tuetur
1692 669 1861 750 quod
1922 668 2069 731 imo.
2124 669 2300 742 Quod
2331 668 2382 731 A
2408 669 2696 748 jectivaS‚
2731 669 2840 732 sed
2871 678 3118 732 tantum
3158 689 3298 733 eam
3332 690 3475 752 quae
3504 677 3600 732 est
3629 670 3914 752 partium

806 767 1032 850 probat
1062 766 1153 828 sic
1178 787 1191 831 :
1217 767 1760 840 Quemadmodum
1793 767 2001 830 unitas
2033 767 2099 828 in
2132 786 2302 830 com-

804 865 982 928 muni
1014 883 1128 947 per
1157 883 1223 926 se
1256 864 1665 946 consequitur
1692 865 2018 928 entitatem
2049 866 2115 927 in
2146 884 2306 928 com·

805 963 1007 1037 muni,
1042 963 1128 1025 ita
1170 981 1589 1044 quaecumque
1639 964 1848 1026 unitas
1893 964 2305 1046 consequitur

804 1080 920 1144 per
976 1079 1043 1123 se
1100 1061 1380 1142 aliquam
1438 1061 1763 1122 entitatem
1818 1078 1832 1123 :
1885 1079 2035 1142 ergo
2092 1062 2302 1123 unitas

806 1159 1198 1240 simpliciter,
1214 1159 1421 1241 qualis
1451 1167 1546 1221 est
1575 1159 1784 1221 unitas
1816 1159 2147 1233 individui,
2164 1178 2306 1222 con-

808 1256 1096 1339 sequitur
1147 1276 1261 1339 per
1310 1276 1379 1318 se
1425 1256 1705 1339 aliquam
1761 1258 2110 1320 entitatem.
2163 1258 2300 1321 Non

804 1361 1016 1416 autem
1049 1355 1460 1436 consequitur
1498 1373 1610 1436 per
1648 1373 1715 1417 se
1754 1355 2081 1418 entitatem
2122 1363 2303 1417 natu-

810 1472 913 1527 rae,
966 1453 1117 1534 quia
1165 1452 1337 1515 illius
1387 1460 1479 1514 est
1531 1453 1744 1535 aliqua
1789 1454 1997 1516 unitas
2048 1455 2305 1536 propria

806 1558 869 1613 et
918 1571 1031 1633 per
1078 1571 1146 1613 se
1194 1551 1380 1613 realis
1429 1569 1442 1613 :
1498 1552 1639 1614 ideo
1687 1553 1976 1633 sequitur
2018 1553 2299 1634 aliquam

806 1649 1137 1712 entitatem
1175 1649 1363 1711 aliam
1405 1639 1934 1712 determinantem
1975 1650 2161 1712 istam
2197 1669 2303 1712 en-

808 1747 1051 1810 titatem
1111 1755 1373 1822 naturae,
1426 1767 1572 1810 cum
1633 1768 1758 1830 qua
1815 1747 2004 1811 faciet
2064 1767 2177 1830 per
2236 1768 2302 1811 se

2412 767 2868 830 essentialium.
2905 769 3135 850 Sicque
3175 769 3428 831 realitas
3473 768 3787 831 individui
3825 769 3916 830 si-

2415 866 2586 928 milis
2615 874 2710 927 est
2741 866 3010 929 realitati
3041 867 3382 948 specificae,
3418 887 3616 949 quum
3649 868 3731 930 sit
3759 888 3918 951 qua-

2415 964 2467 1026 si
2527 972 2704 1026 actus
2755 965 3185 1027 determinans
3245 965 3594 1028 realitatem
3653 967 3915 1048 specifi-

2415 1081 2553 1124 cam
2588 1070 2885 1145 tanquam
2928 1063 3358 1146 potentialem.
3395 1064 3514 1126 Sed
3547 1066 3751 1146 quoad
3789 1066 3916 1128 hoc

2413 1161 2744 1223 dissimilis
2775 1169 2870 1224 est
2899 1181 2912 1226 :
2947 1162 3099 1243 quia
3129 1163 3380 1224 realitas
3412 1163 3724 1226 individui
3755 1183 3920 1226 nun·

2413 1281 2603 1342 quam
2636 1261 2912 1323 sumitur
2939 1281 2976 1323 a
3006 1261 3209 1325 forma
3236 1262 3469 1336 addita,
3503 1264 3612 1325 sed
3645 1264 3918 1346 praecise

2412 1359 2493 1421 ab
2533 1359 2759 1421 ultima
2798 1360 3079 1423 realitate
3121 1361 3372 1440 formae3
3406 1362 3656 1424 realitas
3694 1370 3914 1425 autem

2413 1457 2794 1520 differentiae
2833 1477 2946 1520 seu
2986 1459 3224 1540 speciei
3257 1459 3599 1540 aliquando
3635 1461 3918 1523 sumitur

2413 1554 2492 1615 ab
2551 1573 2626 1616 eo
2685 1556 2854 1636 quod
2913 1555 3086 1617 aliud
3143 1563 3238 1618 est
3286 1575 3321 1617 a
3372 1555 3578 1618 forma
3633 1557 3914 1638 generiS‚

2413 1654 2668 1733 quando
2709 1652 3007 1716 videlicet
3050 1654 3296 1735 species
3343 1655 3518 1716 addit
3561 1655 3916 1718 realitatem

2412 1751 2691 1833 aliquam
2724 1771 2916 1834 super
2945 1760 3234 1814 naturam
3265 1753 3534 1834 generis
3569 1754 3723 1816 Item
3755 1773 3918 1836 quo-

809 1861 1031 1922 unum‚
1066 1847 1369 1928 quoniam
1399 1854 1626 1921 totum,
1660 1847 1845 1928 cujus
1876 1856 1971 1910 est
2001 1849 2134 1911 haec
2165 1848 2303 1909 uni·
2339 1852 2386 1914 B
2414 1849 2490 1911 ad
2536 1850 2706 1911 aliud
2757 1859 2852 1912 est
2896 1849 3207 1912 dissimile
3251 1871 3266 1915 ε
3309 1852 3460 1932 quia
3502 1851 3611 1914 illa
3659 1853 3916 1916 realitas

807 1953 923 2019 taS,
978 1943 1332 2026 perfectum
1390 1952 1485 2006 est
1542 1946 1619 2008 de
1677 1965 1761 2007 se.
1806 1981 1886 1990 —
1934 1946 1995 2008 Si
2056 1946 2229 2008 dicas
2285 1964 2298 2008 :

808 2042 872 2105 Si
922 2050 1017 2105 est
1064 2043 1279 2124 aliqua
1336 2043 1545 2105 unitas
1600 2044 1785 2107 realis
1848 2045 2055 2107 minor
2104 2045 2306 2107 unita-

804 2150 869 2204 te
912 2142 1249 2216 numerali,
1282 2151 1391 2204 aut.
1433 2151 1528 2204 est
1569 2142 1841 2224 alicujus
1891 2144 2304 2205 numeraliter

809 2241 873 2302 in
923 2241 1146 2303 eodem
1196 2259 1344 2314 un0,
1396 2248 1503 2302 aut
1553 2241 1617 2304 in
1668 2242 1881 2324 aliquo
1930 2242 2055 2304 alio
2109 2263 2123 2306 ε
2177 2260 2302 2304 non

808 2340 873 2402 in
922 2340 1145 2402 eodem
1197 2358 1485 2415 numero,
1528 2341 1829 2422 quoniam
1879 2341 2192 2423 quidquid
2237 2342 2302 2404 in

806 2439 1028 2501 eodem
1089 2456 1358 2500 numero
1412 2446 1529 2512 est,
1583 2458 1782 2501 unum
1840 2447 1937 2502 est
1994 2457 2302 2516 numer03

806 2555 934 2599 non
984 2537 1051 2598 in
1097 2537 1367 2610 duobuS,
1402 2538 1701 2618 quoniam
1746 2538 1810 2599 in
1850 2537 2097 2600 duobus
2142 2538 2301 2599 nihil

806 2643 903 2697 est
951 2655 1151 2696 unum
1215 2635 1511 2717 idemque
1562 2654 1829 2699 numero
1884 2635 2156 2698 realiter.
2203 2636 2304 2697 Di-

807 2733 1105 2808 cendum,
1138 2735 1306 2815 quod
1346 2735 1717 2796 naturaliter
1744 2741 1967 2796 natura
2008 2735 2182 2816 prior
2211 2742 2306 2797 est

809 2850 1001 2913 quam
1035 2832 1168 2894 haec
1197 2839 1440 2904 natura,
1475 2839 1534 2893 et
1569 2832 1775 2894 unitas
1807 2834 2064 2914 propria
2092 2851 2307 2895 conse-

811 2947 1015 3011 quens
1054 2936 1367 3004 naturam,
1402 2939 1472 2992 ut
1512 2939 1755 3004 natura,
1788 2931 1964 3011 prior
2002 2940 2096 2993 est
2128 2939 2307 2993 natu-

2414 1948 2718 2029 specifica
2748 1948 3078 2011 constituit
3108 1949 3532 2032 compositum
3564 1950 3742 2030 cujus
3773 1952 3918 2033 ipsa

2413 2053 2508 2106 est
2551 2065 2718 2126 pars,
2754 2046 2818 2107 in
2861 2065 3000 2108 esse
3042 2047 3500 2129 quidditativo3
3539 2048 3657 2110 ista
3697 2057 3914 2112 autem

2415 2144 2666 2206 realitas
2731 2144 3046 2207 individui
3105 2154 3199 2207 est
3257 2147 3466 2228 primo
3525 2147 3774 2210 diversa
3829 2149 3916 2211 ab

2413 2243 2585 2304 omni
2621 2243 2882 2304 entitate
2913 2243 3353 2325 quidditativa,
3386 2245 3688 2327 quoniam
3730 2246 3922 2308 intel-

2417 2340 2670 2420 ligendo
2712 2360 3186 2424 quamcumque
3227 2342 3555 2404 entitatem
3599 2344 3920 2425 quiddita-

2417 2439 2608 2500 tivam
2644 2437 3138 2512 limitatam,non
3170 2439 3439 2501 habetur
3469 2441 3534 2502 in
3563 2440 3918 2523 quidditate

2417 2536 2736 2599 intellecta
2779 2537 2946 2599 unde
2988 2537 3127 2618 ipsa
3167 2537 3251 2599 sit
3287 2539 3441 2601 haec.
3475 2539 3690 2621 ltaque
3731 2541 3918 2602 reali-

2418 2643 2509 2697 tas
2549 2633 2854 2716 specifica
2895 2635 3221 2698 constituit
3267 2636 3332 2698 in
3376 2655 3516 2699 esse
3560 2637 3810 2700 formali
3851 2648 3918 2701 et

2416 2733 2858 2816 quidditativo,
2903 2733 3153 2796 realitas
3201 2753 3351 2797 vero
3404 2735 3716 2798 individui
3765 2755 3917 2801 con-

2417 2833 2621 2895 stituit
2668 2833 2932 2914 praecise
2977 2833 3040 2894 in
3084 2852 3223 2896 esse
3267 2834 3600 2897 materiali.

2496 2931 2730 2992 Verum
2774 2930 2828 2992 si
2872 2950 3136 3012 quaeras‚
3179 2931 3324 3005 Quae
3374 2941 3469 2994 est
3518 2933 3637 2996 ista
3683 2935 3918 2998 entitas

811 3028 1028 3091 raliter
1060 3027 1299 3090 unitate
1329 3028 1491 3109 ejus,
1522 3036 1593 3090 ut
1622 3029 1755 3092 haec
1788 3037 2049 3093 natura:
2085 3030 2304 3111 sicque
2343 3029 2386 3092 C
2418 3028 2826 3090 individualis
2867 3049 2904 3090 a
2943 3049 3068 3111 qua
3107 3031 3383 3092 sumitur
3420 3031 3784 3095 differentia
3823 3033 3917 3095 in-

811 3126 1168 3190 considerat
1226 3127 1697 3209 metaphysicus
1754 3146 1914 3189 eam.
1964 3128 2032 3189 In
2081 3129 2306 3191 eodem

809 3243 959 3306 ergo
1015 3225 1183 3307 quod
1239 3224 1409 3286 idem
1467 3233 1563 3286 est
1611 3243 1901 3299 numer0,
1951 3232 2048 3288 est
2094 3226 2308 3307 aliqua

809 3324 1061 3398 entitaS‚
1116 3342 1309 3405 quam
1366 3323 1779 3404 consequitur
1837 3323 2045 3386 minor
2098 3325 2308 3386 unitas

811 3441 1005 3504 quam
1048 3421 1416 3484 numeralis.

892 3521 1080 3583 Porro
1120 3538 1261 3602 quae
1299 3519 1381 3582 sit
1412 3520 1641 3582 entitas
1681 3521 1819 3596 ista,
1855 3520 2161 3583 declarari
2204 3539 2308 3603 po-

810 3626 934 3682 test
964 3637 1078 3701 per
1107 3618 1316 3680 simile
1346 3619 1424 3680 ad
1454 3619 1784 3681 entitatem
1814 3640 1851 3682 a
1880 3639 2007 3702 qua
2036 3620 2312 3682 sumitur

810 3717 1178 3780 differentia
1225 3717 1546 3800 specifica.
1600 3718 1975 3780 Differentia
2032 3738 2310 3801 namque

810 3816 1135 3899 specifica,
1170 3835 1280 3878 seu
1322 3816 1551 3878 entitas
1592 3836 1628 3877 a
1666 3835 1791 3898 qua
1832 3817 2107 3878 sumitur
2146 3818 2305 3899 ipsa,

812 3915 1163 3997 comparari
1204 3923 1412 3997 potest
1443 3914 1521 3976 ad
1563 3914 1625 3976 id
1666 3916 1835 3996 quod
1874 3923 1972 3977 est
2012 3915 2180 3978 infra
2217 3937 2305 3990 se,

809 4013 912 4077 vel
940 4014 1020 4075 ad
1054 4013 1115 4075 id
1147 4013 1315 4094 quod
1347 4020 1443 4075 est
1471 4032 1663 4094 supra
1694 4014 1901 4086 se,vel
1932 4014 2010 4076 ad
2043 4014 2106 4076 id
2137 4015 2308 4097 quod

810 4121 905 4175 est
932 4113 1113 4192 juxta
1142 4131 1228 4174 se.
1264 4112 1473 4175 Primo
1509 4113 1717 4185 modo,
1752 4111 2133 4175 differentiae
2174 4131 2311 4194 spe-

2417 3125 2758 3188 dividualis
2798 3135 2860 3188 et
2899 3128 3289 3190 numeralis?
3323 3135 3501 3191 estne
3541 3130 3765 3204 forma,
3805 3140 3918 3194 aut

2422 3225 2705 3300 materia,
2747 3232 2856 3286 aut
2899 3234 3066 3287 certe
3111 3227 3534 3309 compositum
3568 3231 3592 3290 ἲ
3635 3230 3916 3312 Respon-

2421 3324 2626 3398 detur‚
2666 3325 2835 3407 quod
2879 3325 3108 3386 entitas
3153 3325 3272 3386 ista
3315 3343 3442 3388 non
3486 3335 3582 3389 est
3625 3329 3913 3404 materia,

2421 3439 2540 3483 nec
2588 3422 2813 3494 forma,
2859 3441 3065 3503 neque
3108 3425 3558 3505 compositum,
3607 3427 3669 3488 in
3719 3448 3919 3509 quan-

2421 3528 2559 3582 tum
2592 3520 2923 3602 quodlibet
2953 3521 3220 3584 istorum
3253 3530 3348 3584 est
3377 3531 3641 3604 natura3
3675 3526 3786 3588 sed
3818 3535 3917 3588 est

2422 3618 2648 3680 ultima
2680 3619 2931 3682 realitas
2968 3620 3132 3682 entis
3163 3621 3331 3702 quod
3366 3630 3462 3684 est
3494 3624 3777 3699 materia,
3811 3626 3917 3688 vel

2421 3717 2586 3780 entis
2631 3719 2797 3799 quod
2842 3727 2935 3780 est
2979 3717 3205 3792 forma,
3247 3727 3357 3781 aut
3398 3722 3566 3802 quod
3611 3731 3706 3784 est
3747 3741 3920 3786 com-

2423 3817 2700 3898 positum
2750 3834 2764 3878 :
2817 3816 2905 3878 ita
2952 3818 3121 3898 quod
3172 3818 3502 3899 quodlibet
3549 3837 3915 3894 commune,

2420 3923 2484 3976 et
2515 3921 2728 3976 tamen
2760 3914 3267 3989 determinabile,
3299 3916 3507 3979 adhuc
3547 3927 3750 4000 potest
3790 3920 3918 3982 dis-

2419 4012 2624 4092 tingui
2683 4013 3303 4095 (quantumcumque
3358 4014 3440 4076 sit
3490 4034 3616 4077 una
3669 4017 3796 4097 res)
3849 4017 3915 4079 in

2422 4110 2638 4191 plures
2670 4110 2985 4173 realitates
3014 4111 3366 4174 formaliter
3394 4112 3748 4188 distinctas,
3770 4135 3919 4196 qua-

812 4208 1017 4272 cificae
1066 4216 1129 4271 et
1176 4208 1423 4271 entitati
1485 4209 1577 4270 illi
1629 4209 1949 4291 specificae
2000 4219 2310 4291 repugnat
2341 4214 2391 4275 D
2423 4228 2566 4271 rum
2607 4229 2734 4271 una
2773 4228 2900 4271 non
2940 4217 3036 4272 est
3073 4209 3426 4272 formaliter
3463 4211 3588 4273 alia
3623 4229 3636 4273 :
3679 4220 3740 4275 et
3778 4214 3917 4276 haec

814 4327 927 4390 per
964 4326 1033 4369 se
1070 4306 1267 4368 dividi
1311 4307 1375 4369 in
1418 4307 1602 4388 plura
1636 4308 2057 4371 essentialiter
2096 4310 2309 4391 specie

810 4405 913 4468 vel
962 4412 1207 4479 natura,
1248 4412 1435 4487 atquc
1485 4424 1599 4486 per
1646 4406 1767 4468 hoc
1816 4415 2125 4488 repugnat
2167 4408 2305 4483 toti,

812 4502 998 4583 cujus
1047 4501 1276 4565 entitas
1327 4501 1435 4564 illa
1482 4510 1580 4564 est
1629 4522 1743 4584 per
1785 4523 1851 4566 se
1895 4523 2061 4585 parS.
2103 4506 2195 4567 Ita
2243 4506 2308 4568 in

812 4600 1159 4684 propositO,
1202 4600 1352 4662 huic
1399 4600 1647 4663 entitati
1698 4601 2075 4665 individuali
2124 4621 2310 4686 repu-

810 4707 959 4780 gnat
1007 4698 1202 4761 dividi
1255 4699 1320 4760 in
1372 4707 1579 4780 partes
1630 4699 2039 4780 subjectivas‚
2082 4709 2145 4763 et
2196 4721 2310 4784 per

812 4798 1017 4880 ipsam
1075 4805 1385 4878 repugnat
1442 4798 1585 4860 talis
1644 4798 1876 4861 divisio
1933 4799 2069 4873 toti,
2122 4800 2308 4880 cujus

812 4897 919 4958 illa
968 4895 1197 4958 entitas
1244 4903 1341 4957 est
1389 4915 1551 4978 pars.
1589 4896 1825 4977 Estque
1869 4897 2076 4959 solum
2126 4897 2311 4960 diffe-

810 4994 1013 5056 rentia
1044 4993 1109 5055 in
1141 4993 1262 5056 hoc
1292 4994 1462 5075 quod
1503 4995 1710 5056 unitas
1751 4994 1859 5056 illa
1899 5002 2139 5058 naturae
2173 5014 2312 5077 spe-

810 5091 1016 5154 cificae
1066 5090 1278 5154 minor
1322 5099 1418 5153 est
1467 5090 1707 5154 unitate
1756 5092 1872 5154 hac
1921 5093 2236 5155 numerali
2290 5110 2304 5155 :

812 5197 1071 5272 propter
1129 5190 1297 5272 quod
1354 5189 1463 5251 illa
1524 5207 1651 5252 non
1710 5191 1993 5252 excludit
2050 5209 2308 5253 omnem

812 5287 1193 5351 divisionem
1223 5308 1363 5370 quae
1392 5296 1487 5351 est
1517 5289 1869 5352 secundum
1911 5296 2121 5372 partes
2161 5289 2308 5352 sub-

2421 4315 2517 4370 est
2576 4307 2928 4370 formaliter
2985 4308 3213 4370 entitas
3271 4308 3631 4390 singularis,
3685 4318 3750 4372 et
3806 4311 3920 4374 illa

2421 4413 2515 4468 est
2545 4407 2775 4468 ent-itas
2806 4414 3046 4468 naturae
3076 4404 3444 4469 formaliter.
3481 4407 3609 4471 Nec
3648 4417 3918 4489 possunt

2423 4505 2558 4566 istae
2607 4505 2922 4566 realitates
2971 4523 3109 4566 esse
3151 4523 3253 4567 res
3294 4513 3358 4566 et
3399 4525 3523 4579 reS,
3569 4507 3733 4568 sicut
3776 4525 3918 4588 pos·
3995 4525 4004 4530 ·

2421 4609 2570 4664 sunt
2599 4621 2737 4664 esse
2771 4601 3021 4664 realitas
3059 4601 3228 4664 unde
3256 4603 3570 4686 accipitur
3597 4623 3818 4684 genuS‚
3851 4615 3918 4668 et

2421 4701 2672 4764 realitas
2703 4701 2870 4762 unde
2909 4701 3223 4782 accipitur
3251 4701 3640 4774 differentia,
3671 4721 3749 4764 ex
3777 4705 3918 4785 qui-

2422 4798 2540 4862 bus
2573 4799 2822 4861 realitas
2854 4799 3156 4881 specifica
3186 4799 3492 4878 sumitur3
3523 4801 3635 4862 sed
3663 4819 3918 4884 semper

2421 4898 2486 4959 in
2526 4898 2772 4970 eodem,
2807 4897 2940 4960 sive
2982 4905 3158 4979 parte
3199 4897 3334 4960 sive
3363 4905 3516 4972 tote,
3549 4907 3699 4961 sunt
3731 4901 3916 4962 reali-

2419 5004 2577 5058 tates
2617 4996 2907 5076 ejusdem
2949 4995 3038 5057 rei
3078 4996 3430 5059 formaliter
3466 4997 3800 5061 distinctae.
3835 5035 3918 5046 —

2418 5094 2562 5156 Haec
2606 5095 2846 5156 ScotuS.

2501 5191 2696 5271 Cujus
2751 5191 2942 5254 verba
3001 5201 3150 5254 sunt
3207 5192 3519 5266 intricata,
3571 5200 3636 5254 et
3684 5193 3917 5275 positio

2419 5309 2534 5352 sua
2564 5290 2815 5353 videtur
2843 5309 2982 5354 esse
3014 5290 3346 5354 ficticium.
3368 5290 3530 5364 Quid
3559 5291 3732 5354 enim
3765 5301 3917 5355 sunt
