4334 6242
774 427 895 496 296

1434 444 1499 494 IN
1541 445 1761 492 LIBRUM
1805 446 1848 491 11
1890 443 2372 491 SENTENHARUM.
2417 462 2498 474 -
2537 443 2690 490 DIST.
2739 444 2840 507 1V3
2882 444 3106 500 QUAEST.
3154 444 3216 490 IV

771 637 965 700 quam
1023 636 1164 680 eam
1213 617 1418 680 sortiti
1472 625 1641 692 sunt,
1693 617 1995 699 quoniam
2055 617 2265 678 lucem
2296 611 2347 674 A
2378 633 2652 697 superna
2697 614 2838 677 luce
2886 616 3304 698 prodeuntem
3355 616 3706 678 secundum
3751 621 3888 677 sta-

769 717 1052 779 divinam
1084 717 1151 778 in
1181 735 1249 778 se
1288 717 1426 799 ipsa
1464 735 1793 798 nunquam
1826 716 2142 778 viderunt.
2177 715 2264 776 De

766 815 909 878 aliis
946 815 1187 896 angelis
1227 815 1469 890 dicunt,
1502 816 1670 897 quod
1716 833 1937 877 omnes
1980 833 2116 876 eam
2161 814 2266 875 ha—

766 912 1044 975 huerunt
1078 930 1092 974 z
1126 913 1275 994 quia
1317 914 1417 993 (ut
1458 913 1707 993 dicunt)
1744 912 1935 973 simul
1978 919 2264 994 tempore

764 1019 914 1073 sunt
967 1011 1160 1073 creati
1211 1018 1401 1094 atque
1454 1030 1568 1093 per
1612 1012 1880 1092 gloriam
1934 1011 2011 1073 ad
2062 1011 2263 1074 Deum

765 1110 1079 1183 conversi,
1129 1117 1193 1172 et
1241 1109 1307 1172 in
1361 1110 1581 1172 eodem
1635 1109 1894 1172 instanti
1944 1117 2093 1172 sunt
2141 1109 2265 1171 for-

766 1209 921 1270 mati
968 1216 1031 1270 et
1078 1227 1115 1270 a
1156 1208 1437 1270 tenebris
1479 1209 1689 1271 divisi.
1733 1209 1801 1270 In
1845 1209 2067 1271 eodem
2112 1225 2267 1289 quo-

765 1325 891 1387 que
942 1306 1200 1368 instanti
1262 1324 1360 1367 res
1411 1323 1631 1368 omnes
1684 1314 2117 1387 cognoverunt
2176 1324 2270 1368 se-

768 1404 1047 1465 cundum
1090 1422 1278 1464 suum
1322 1403 1609 1465 ordinem
1651 1411 1713 1465 et
1754 1404 2212 1466 connexionem
2249 1421 2263 1465 ε

766 1509 830 1562 et
879 1501 1021 1574 hoc,
1055 1500 1121 1562 in
1159 1500 1384 1562 Verbo,
1426 1499 1573 1574 Quae
1622 1520 1721 1563 res
1770 1501 1888 1564 etsi
1934 1501 1999 1562 in
2042 1501 2264 1563 eodem

768 1599 1029 1661 instanti
1062 1618 1133 1661 ac
1166 1600 1360 1662 simul
1389 1619 1536 1662 cum
1565 1600 1808 1680 angelis
1840 1608 1986 1661 sunt
2017 1608 2264 1674 creatae,

764 1704 1043 1760 attamen
1102 1705 1326 1760 natura
1381 1717 1453 1760 ac
1514 1698 1819 1780 dignitate
1886 1699 2266 1780 posteriores

2379 721 2515 776 tum
2557 722 2796 777 naturae
2831 734 2844 778 :
2881 733 3216 800 per-quam
3259 714 3730 777 irradiationem
3769 731 3883 776 co-

2376 820 2688 894 gnoscunt
2721 812 2928 894 angeli
2967 831 3066 874 res
3101 812 3163 874 in
3204 812 3460 894 proprio
3487 831 3739 894 genere,
3773 829 3886 873 co-

2377 911 2658 992 gnitione
2700 930 2842 994 quae
2886 911 3121 974 dicitur
3158 911 3520 993 vespertina
3533 929 3550 990 3
3582 919 3645 972 et
3682 918 3885 992 prout

2379 1029 2478 1072 res
2527 1011 2603 1072 ad
2652 1011 2850 1072 Deum
2910 1011 3216 1084 referunt,
3259 1011 3493 1072 dicitur
3539 1010 3877 1072 matutina.

2377 1109 2662 1172 Tenebra
2719 1127 2973 1191 quoque
3036 1128 3150 1191 per
3210 1109 3575 1191 oppositum
3635 1108 3882 1170 dicitur

2378 1207 2752 1288 ignorantia,
2804 1227 2947 1288 quae
2992 1207 3072 1269 ab
3120 1208 3362 1289 angelis
3407 1214 3505 1270 est
3549 1205 3811 1269 exclusa
3861 1224 3876 1268 :

2378 1312 2638 1387 propter
2666 1306 2836 1387 quod
2866 1304 3167 1367 dicuntur
3197 1305 3509 1387 sapientia
3546 1304 3744 1367 fuisse
3775 1323 3880 1368 re-

2376 1403 2553 1486 pleti.
2587 1403 2728 1465 Alio
2767 1403 2960 1466 modo
3005 1403 3239 1465 dicitur
3278 1404 3384 1465 lux
3430 1403 3566 1485 ipse
3609 1402 3880 1485 angelus

2377 1507 2636 1582 propter
2665 1500 3136 1562 irradiationem
3169 1508 3530 1562 manantem
3560 1521 3596 1562 a
3625 1518 3882 1562 summa

2378 1599 2519 1661 luce
2561 1599 2912 1661 secundum
2959 1599 3422 1680 plenitudinem
3465 1599 3680 1680 gratiae
3723 1617 3880 1661 con·
3947 1637 3958 1640 -

2377 1704 2708 1759 summatae
2738 1715 2851 1759 seu
2888 1697 3126 1776 gloriae,
3159 1716 3286 1779 qua
3325 1697 3532 1779 angeli
3572 1697 3883 1759 dicuntur

764 1803 913 1858 sunt
952 1795 1319 1876 angelorum
1363 1796 1777 1878 productione
1818 1805 1880 1859 et
1910 1797 2266 1858 conversio·
2301 1798 2348 1859 B
2381 1793 2746 1869 illuminati,
2766 1801 2836 1855 ut
2868 1794 3047 1857 beate
3078 1794 3522 1877 sapienterque
3551 1796 3880 1874 viverent3

764 1913 843 1956 ne
881 1894 960 1955 ad
1004 1894 1223 1956 Deum.
1261 1895 1406 1957 Ideo
1445 1893 1700 1969 dicitur,
1736 1895 1904 1976 quod
1949 1895 2155 1975 angeli
2199 1895 2266 1956 in

761 1991 967 2053 Verbo
999 1999 1431 2072 cognoverunt
1462 2010 1562 2054 res
1592 1991 1913 2054 faciendas
1949 2009 1963 2052 t
1997 2000 2059 2054 et
2094 1993 2265 2054 istud

762 2108 1059 2171 expresse
1090 2089 1385 2153 videntur
1417 2091 1805 2172 praetendere
1836 2090 2031 2152 verba
2059 2091 2267 2172 Augu-

764 2187 915 2250 stini
974 2187 1161 2250 tertio
1209 2195 1273 2250 et
1320 2195 1545 2270 quarto
1598 2206 1790 2270 super
1837 2188 2135 2251 Genesim
2188 2189 2265 2250 ad

765 2285 1062 2348 litteram.

846 2384 967 2446 Sed
1014 2383 1317 2466 quoniam
1363 2383 1753 2464 Augustinus
1807 2384 2145 2446 undecimo
2187 2385 2266 2446 de

767 2482 1032 2545 Civitate
1073 2481 1187 2570 Dei
1231 2481 1488 2544 videtur
1528 2500 1825 2563 expresse
1874 2483 2109 2545 sentire
2155 2500 2266 2564 op-

763 2579 1067 2662 positum,
1121 2579 1339 2641 dicens
1394 2579 1563 2663 quod
1621 2578 1816 2642 fuerit
1867 2597 2041 2642 mora
2102 2581 2268 2643 inter

763 2679 1149 2740 creationem
1202 2685 1265 2740 et
1314 2677 1585 2759 lapsum,
1638 2685 1700 2740 et
1750 2679 1920 2759 quod
1978 2686 2124 2741 ante
2185 2680 2268 2742 la-

764 2795 951 2857 psum
1000 2794 1117 2837 nec
1163 2775 1311 2836 boni
1357 2775 1604 2856 praescii
1649 2774 1909 2837 fuerunt
1952 2795 2081 2838 suae
2126 2776 2267 2840 bea-

761 2874 1077 2948 titudinis,
1110 2892 1229 2936 nec
1270 2873 1417 2935 mali
1465 2893 1595 2935 suae
1640 2873 1932 2949 miseriae,
1966 2875 2055 2937 ita
2096 2877 2262 2956 quod

2377 1898 2566 1975 atque
2611 1891 2676 1952 in
2720 1891 2840 1954 hoc
2881 1900 3045 1954 statu
3089 1893 3345 1975 proprie
3381 1893 3738 1975 appellatur
3777 1911 3888 1956 co-

2377 1989 2580 2070 gnitio
2643 1990 2973 2064 matutina,
3035 2011 3177 2073 quae
3235 2010 3564 2072 nunquam
3622 1991 3748 2054 nisi
3810 1992 3884 2054 in

2375 2089 2616 2168 angelis
2660 2088 2782 2151 fuit
2826 2088 3046 2151 beatis.
3082 2089 3312 2171 Sicque
3349 2089 3740 2170 Augustinus
3781 2090 3884 2152 di-

2375 2186 2732 2250 versimode
2792 2186 3090 2268 loquitur.
3143 2188 3258 2250 Per
3314 2188 3484 2269 quod
3542 2187 3886 2250 solvuntur

2376 2283 2651 2346 rationes
2692 2293 2758 2346 et
2793 2286 3197 2347 auctoritates
3241 2304 3382 2368 quae
3421 2285 3572 2348 hinc
3613 2285 3759 2347 inde
3795 2286 3882 2347 ad

2380 2388 2626 2462 partem
2673 2381 2840 2444 fiunt
2883 2390 3240 2464 utramque.

2455 2480 2629 2542 Istud
2669 2481 2928 2542 demum
2971 2480 3274 2542 curialius
3317 2489 3518 2555 sonat,
3552 2501 3742 2563 quam
3783 2483 3884 2544 di-

2377 2596 2517 2639 cere
2560 2578 2728 2661 quod
2759 2579 3151 2660 Augustinus
3191 2578 3313 2641 sibi
3355 2579 3479 2662 ipsi
3519 2581 3882 2643 contrarius

2375 2677 2479 2750 sit,
2513 2684 2576 2738 et
2607 2684 2906 2758 tanquam
2949 2677 3283 2753 instabilia,
3317 2697 3488 2741 nunc
3527 2679 3667 2753 hoc,
3699 2699 3881 2741 nunc

2377 2773 2534 2836 illud
2583 2771 2887 2837 affirmet.
2931 2776 3378 2838 Verumtamen
3427 2777 3740 2858 quidquid
3787 2778 3880 2840 sit

2374 2874 2452 2935 de
2503 2873 2804 2954 opinione
2854 2873 3189 2954 Augustini
3245 2875 3415 2936 circa
3463 2894 3676 2937 rerum
3728 2895 3880 2956 pro-

763 2972 830 3034 in
888 2972 1205 3054 principio
1264 2989 1383 3033 nec
1432 2971 1584 3033 boni
1644 2971 1904 3034 fuerunt
1963 2973 2093 3048 lux,
2146 2994 2264 3036 nec
2301 2976 2344 3039 C
2374 2971 2762 3046 ductionem,
2816 2991 3008 3053 quam
3056 2973 3143 3033 ita
3193 2973 3454 3054 exponit
3501 2974 3672 3056 quod
3721 2974 3875 3036 aliis

764 3071 915 3132 mali
949 3070 1261 3147 tenebrae3
1296 3068 1535 3131 idcirco
1565 3089 1645 3132 ne
1676 3069 1801 3132 sibi
1833 3072 2265 3134 contradicere

764 3169 1074 3242 videatur,
1126 3168 1529 3248 distinguunt
1581 3168 1777 3249 aliqui
1839 3170 2265 3250 cognitionem

766 3267 1143 3328 matutinam
1187 3265 1547 3347 dupliciter.
1595 3265 2033 3346 cognitionem
2083 3268 2269 3350 quip-

766 3384 847 3446 pe
890 3365 1265 3427 matutinam
1308 3373 1492 3427 vocat
1528 3366 1919 3446 Augustinus
1964 3367 2268 3447 cognitio-

767 3481 913 3524 nem
960 3483 1171 3525 rerum
1216 3463 1281 3524 in
1318 3463 1543 3525 Verbo.
1580 3464 1768 3526 Porro
1810 3464 1874 3526 in
1912 3464 2118 3527 Verbo
2156 3485 2264 3527 an-

764 3561 888 3641 geli
922 3561 1261 3643 dupliciter
1290 3560 1597 3622 dicuntur.
1623 3580 2018 3643 cognoscere.
2054 3563 2266 3626 Primo

764 3658 1069 3740 perfecte,
1129 3658 1427 3720 videlicet
1487 3658 1791 3721 intuendo
1849 3661 2061 3742 ipsum
2119 3662 2267 3724 Ver-

766 3756 921 3818 bum
955 3757 1019 3817 in
1055 3775 1143 3830 se,
1177 3765 1241 3818 et
1269 3757 1391 3819 alia
1429 3757 1494 3819 in
1524 3757 1732 3819 Verbo
1766 3776 1779 3820 :
1814 3777 1955 3840 quae
1986 3760 2265 3841 cognitio

765 3853 917 3914 facit
960 3854 1195 3916 beatos.
1232 3854 1543 3928 SecundO,
1577 3854 1987 3936 suscipiendo
2031 3857 2266 3919 illumi-

765 3951 1088 4013 nationem
1131 3972 1168 4013 a
1212 3951 1437 4026 Verbo,
1483 3960 1546 4014 ct
1591 3952 1655 4014 in
1706 3952 1813 4014 illa
1860 3955 2264 4036 susceptione

766 4051 1203 4129 cognoscendo
1245 4051 1369 4112 alia
1402 4068 1415 4111 :
1456 4050 1717 4131 haecque
1761 4052 2039 4131 cognitio
2081 4072 2266 4134 ange-

2375 3069 2806 3132 contradicere
2857 3071 3101 3132 Sanctis
3145 3071 3439 3151 videtur;
3484 3090 3611 3134 non
3654 3080 3874 3134 tamen

2376 3168 2764 3230 credendum
2826 3175 2941 3241 est,
2995 3169 3164 3250 quod
3218 3177 3428 3232 'tantus
3491 3171 3682 3233 homo
3741 3171 3872 3232 sibi

2378 3266 2500 3348 ipsi
2544 3266 2953 3341 contradicat,
2992 3267 3267 3329 maxime
3306 3268 3372 3329 in
3413 3268 3512 3331 his
3553 3288 3694 3350 quae
3739 3287 3876 3332 non

2375 3370 2688 3425 retractat.
2736 3364 2855 3426 Sed
2902 3364 3451 3448 qualitercumque
3491 3366 3686 3428 verba
3725 3367 3878 3448 ejus

2376 3461 2831 3542 intelligantur,
2876 3463 3074 3544 magis
3115 3465 3410 3526 standum
3449 3473 3545 3526 est
3583 3466 3683 3527 his
3726 3485 3878 3548 quae

2376 3560 2442 3621 in
2485 3560 2648 3622 libro
2686 3562 2762 3622 de
2806 3561 3072 3624 Civitate
3111 3562 3393 3643 digessit,
3434 3563 3546 3625 ubi
3590 3563 3881 3644 loquitur

2374 3660 2753 3737 asserend03
2807 3679 3000 3740 super
3047 3660 3342 3722 Genesim
3392 3679 3544 3723 vero
3595 3661 3880 3743 ipsemet

2375 3756 2610 3818 fatetur
2652 3777 2719 3819 se
2765 3757 2938 3839 loqui
2983 3758 3380 3840 inquirendo.
3425 3760 3758 3842 Quumque
3801 3760 3878 3822 in

2375 3853 2540 3916 libro
2584 3855 2661 3916 de
2701 3855 2967 3918 Civitate
3012 3856 3120 3918 Dei
3162 3863 3448 3930 testetur,
3481 3858 3648 3938 quod
3695 3876 3880 3920 mora

2375 3951 2500 4014 fuit
2548 3953 2714 4014 inter
2770 3954 3154 4016 creationem
3202 3962 3266 4016 et
3315 3955 3560 4036 lapsum
3617 3955 3878 4036 angelo-

2375 4068 2542 4123 rum,
2576 4070 2650 4128 ac
2691 4070 2803 4132 per
2845 4051 2965 4114 hoc
3011 4053 3174 4114 inter
3217 4053 3597 4116 creationem
3639 4063 3706 4116 et
3740 4054 3880 4134 glo-

767 4147 845 4208 lis
890 4145 1013 4208 fuit
1056 4147 1292 4220 innata,
1336 4149 1639 4228 quoniam
1692 4149 1921 4211 indidit
1964 4151 2054 4212 eis
2098 4152 2263 4214 Deus
2295 4149 2345 4211 D
2375 4147 2799 4210 rificationem
2848 4168 3092 4225 eorum,
3135 4159 3198 4213 et
3239 4151 3515 4232 cognitio
3561 4153 3880 4214 matutina

767 4245 1056 4307 omnium
1119 4246 1385 4326 species,
1439 4253 1499 4308 et
1560 4247 1775 4308 lumen
1834 4246 2263 4312 intellectuale

768 4342 1068 4424 expandit
1098 4361 1293 4424 supe-r
1334 4350 1849 4419 mentes-eorum,
1884 4363 2010 4426 quo
2040 4365 2266 4427 cogno-

766 4439 1221 4502 scerent.facta
1260 4447 1323 4501 et
1366 4439 1672 4502 facienda.
1710 4442 1785 4503 Et
1825 4442 1943 4504 ista
1986 4445 2264 4524 cognitio

766 4537 1075 4599 matutina
1117 4545 1213 4600 est
1252 4537 1330 4599 de
1379 4557 1504 4619 qua
1550 4538 1829 4620 loquitur
1871 4541 2263 4622 Augustinus

760 4655 953 4717 super
1007 4635 1345 4714 Genesim;
1397 4643 1459 4698 et
1518 4637 1654 4700 haec
1712 4638 1835 4700 fuit
1894 4640 1960 4702 in
2019 4641 2262 4721 angelis

759 4733 1106 4797 omnihus:
1151 4752 1343 4815 quam
1392 4741 1454 4796 et
1494 4735 1715 4796 dicunt
1755 4736 1819 4797 in
1864 4738 2262 4801 daemonibus

762 4832 1163 4905 remansisse,
1209 4832 1319 4894 sed
1367 4832 1770 4894 obscuratam
1820 4855 1933 4917 per
1981 4837 2259 4918 culpam,

765 4929 1001 4992 idcirco
1063 4948 1179 4991 nec
1240 4930 1616 4992 mat-utinam
1680 4933 1908 4995 vocari.
1964 4934 2040 4995 Et
2097 4936 2264 4998 sicut

765 5026 1166 5108 distinguunt
1215 5027 1279 5089 in
1329 5027 1709 5108 cognitione,
1758 5029 1845 5092 ita
1893 5031 1958 5094 in
2011 5033 2151 5096 luce
2202 5041 2264 5095 et

766 5124 1047 5187 tenebris
1082 5144 1095 5188 :
1130 5125 1299 5208 quod
1344 5126 1589 5188 scilicet
1628 5145 1754 5190 uno
1800 5131 1985 5193 modo
2029 5132 2264 5194 dicitur

771 5223 1031 5307 angelus
1074 5223 1181 5285 lux
1226 5230 1485 5308 propter
1524 5222 1991 5292 irradiationem
2031 5230 2112 5294 ab
2152 5230 2260 5295 illa

2375 4247 2630 4328 proprie
2678 4246 2762 4309 sit
2807 4249 3114 4328 gloriosa3
3167 4251 3510 4312 tenendum
3556 4258 3652 4312 est
3699 4251 3876 4331 quod

2373 4346 2582 4426 augeli
2627 4365 2766 4408 eam
2815 4364 2941 4409 non
2987 4347 3344 4426 habuerunt
3381 4368 3418 4411 a
3457 4368 3571 4410 sua
3612 4349 3878 4422 creatio-

2374 4463 2476 4516 ne,
2528 4452 2592 4506 et
2640 4446 2810 4526 quod
2857 4445 3067 4526 angeli
3120 4446 3267 4508 mali
3327 4459 3657 4529 nunquam
3705 4448 3876 4510 hanc
3921 4434 3930 4440 ¹

2375 4541 2752 4604 habuerunt.
2778 4579 2859 4588 —
2887 4546 3032 4608 Haec
3074 4545 3530 4608 Bonaventura.

2453 4640 2568 4712 Qui
2619 4651 3084 4722 consequenter
3141 4645 3531 4725 respondens
3576 4645 3656 4706 ad
3705 4664 3880 4726 qua>-

2373 4738 2644 4800 stionem
2695 4758 2821 4820 qua
2870 4743 3196 4822 quaeritur,
3249 4750 3463 4804 utrum
3514 4743 3580 4804 in
3627 4744 3875 4824 angelis

2373 4836 2455 4898 sit
2499 4839 2775 4918 cognitio
2820 4841 3180 4922 vespertina
3228 4849 3372 4923 post
3414 4859 3634 4904 eorum
3679 4842 3874 4924 glori-

2371 4935 2736 4998 ficationem
2765 4957 2778 5000 :
2804 4938 3022 5001 Omnis
3052 4939 3317 5022 (inquit)
3344 4948 3651 5013 creatura,
3674 4962 3874 5023 quan-

2371 5042 2505 5095 tum
2548 5043 2644 5097 est
2681 5037 2758 5098 de
2803 5057 2891 5112 se,
2927 5039 3187 5101 tenebra
3224 5049 3340 5113 est,
3374 5049 3444 5102 ut
3483 5040 3622 5102 vult
3657 5043 3870 5122 Augu·

2370 5133 2611 5213 stinus;
2655 5136 2818 5197 Deus
2863 5154 3014 5199 vero
3058 5137 3164 5198 lux
3210 5146 3326 5212 est,
3369 5147 3432 5201 et
3474 5139 3750 5204 tenebra}
3797 5141 3862 5204 in
3897 5157 4210 5215 lloanu.·,s.
4326 5125 4328 5134 ¹

2370 5249 2445 5296 eo
2487 5251 2610 5296 non
2651 5243 2800 5298 sunt
2841 5236 3006 5312 ullae,
3042 5244 3111 5298 ut.
3149 5237 3380 5303 dicitur
3419 5238 3480 5299 in
3525 5238 3731 5324 prima
3767 5241 3865 5302 Jo-
