4334 6242
858 494 939 560 68
1542 510 1607 560 m
1646 510 1869 559 unnim
1912 514 1954 558 11
1996 510 2478 559 sementinum.
2524 530 2604 539 —
2643 508 2796 558 msr.
2845 510 2905 574 13
2950 512 3172 569 ouffisr.
3221 511 3282 559 lv

862 686 954 748 vit
984 683 1163 765 signa
1190 693 1380 767 atque
1409 684 1678 764 vestigia
1706 684 1783 745 ad
1815 682 2230 746 obtinendum
2259 681 2358 743 sui
2388 682 2440 743 A
2473 688 2912 743 monstratum.
2953 682 3063 744 Est
3109 700 3259 763 ergo
3305 682 3441 744 haec
3487 680 3755 763 quaestio
3787 697 3802 742 t
3835 682 3965 747 An

862 782 1174 844 notitiam.
1217 818 1297 827 —
1341 782 1605 864 Insuper
1652 788 1959 862 quantum
2008 779 2087 841 ad
2136 777 2361 841 simili-

861 881 1151 942 tudinem
1192 880 1368 942 illam
1408 880 1617 942 odoris
1656 898 1728 940 ac
1766 877 2184 951 odoramenti,
2218 876 2358 938 dili-

860 986 1081 1059 genter
1109 979 1387 1053 adverte,
1411 979 1582 1060 quod
1613 977 1821 1040 omnis
1854 976 2125 1049 bonitaS,
2148 975 2358 1038 omnis

858 1078 1158 1151 suavitaS,
1191 1077 1399 1139 omnis
1432 1076 1671 1138 utilitas
1709 1075 2015 1149 universi,
2047 1082 2143 1137 θεῖ
2176 1074 2358 1156 quasi

860 1176 1117 1258 quidam
1152 1176 1307 1239 odor
1336 1175 1569 1237 divinae
1598 1175 1903 1237 bonitatis
1933 1182 2121 1255 atque
2152 1173 2362 1234 dulce-

860 1274 1045 1348 dinis,
1060 1275 1344 1336 excitans
1375 1280 1438 1335 et
1467 1273 1755 1335 alliciens
1784 1258 1863 1334 ad
1894 1271 2358 1353 degustandum

858 1380 921 1433 et
967 1373 1397 1455 appetendum
1442 1370 1847 1433 dulcedinem
1902 1371 2077 1432 illam
2124 1370 2360 1431 increa-

858 1478 1011 1543 tam,
1054 1490 1245 1552 quam
1296 1490 1373 1532 ex
1425 1470 1542 1531 hac
1592 1469 2063 1550 comparatione
2115 1474 2360 1529 constat

859 1588 998 1631 esse
1044 1569 1423 1630 immensam
1470 1585 1484 1629 ε
1527 1586 1654 1650 quo
1702 1574 1947 1629 constat
1996 1585 2191 1648 quam
2233 1565 2358 1628 vile

862 1668 945 1729 sit
976 1665 1277 1729 odoribus
1310 1667 1446 1728 istis
1478 1666 1705 1728 creatis
1739 1664 1881 1746 plus
1911 1664 2091 1726 affici
2121 1672 2186 1726 et
2213 1682 2362 1745 gau-

865 1765 1013 1826 dere
1068 1783 1258 1846 quam
1314 1762 1774 1826 interminabili
1834 1762 1940 1825 illa
1997 1762 2354 1824 dulcedine.

2468 782 2814 847 mundus
2869 781 2967 847 ab
3027 784 3322 849 aeterno
3378 783 3460 847 et
3513 782 3686 847 sine
3744 778 3964 847 omni

2469 879 2906 959 temporals
2939 880 3176 947 initio
3217 881 3329 946 stt
3369 881 3709 947 creatus,

2549 976 2812 1038 Videtur
2848 978 3019 1059 quod
3057 978 3168 1040 sic.
3204 977 3414 1040 Primo
3452 983 3712 1059 apparet
3751 983 3966 1038 aucto-

2470 1074 2652 1136 ritate
2687 1075 3297 1159 probationibusque
3328 1075 3716 1157 Philosophi,
3741 1074 3849 1161 qui
3887 1074 3966 1135 is-

2468 1173 2579 1234 tud
2615 1174 2679 1235 in
2721 1174 3015 1255 pluribus
3057 1174 3212 1237 locis
3241 1193 3320 1237 ex
3361 1174 3711 1237 intentione
3742 1172 3968 1255 probat

2468 1278 2530 1332 et
2571 1279 2758 1333 tenet.
2794 1271 3024 1347 Primo,
3059 1273 3209 1355 quia
3251 1273 3512 1335 materia
3549 1272 3758 1355 prima
3798 1271 3968 1351 inge·

2469 1370 2602 1431 nita
2631 1378 2725 1432 est
2754 1379 2817 1432 θῖ
2858 1370 3362 1453 incorruptibilis
3399 1389 3411 1433 :
3445 1371 3614 1453 quod
3654 1370 3826 1433 enim
3861 1388 3966 1450 ge-

2469 1475 2748 1541 neratur,
2798 1488 2875 1530 ex
2925 1469 3217 1551 subjecto
3271 1488 3384 1531 seu
3435 1468 3699 1531 materia
3753 1467 3968 1549 aliqua

2468 1575 2841 1645 generatur3
2884 1574 2947 1628 et
2992 1568 3164 1649 quod
3213 1567 3665 1649 corrumpitur,
3704 1566 3770 1628 in
3818 1564 3966 1627 sub-

2466 1663 2707 1743 jectum
2742 1666 3191 1747 corrumpitur.
3227 1666 3538 1741 Secundo,
3573 1665 3806 1728 coelum
3841 1682 3968 1727 non

2471 1761 2663 1825 habet
2713 1765 3102 1826 contrarium
3157 1783 3170 1827 :
3223 1783 3375 1845 ergo
3427 1763 3859 1846 ingenerabile
3907 1771 3970 1825 et

864 1862 940 1923 Et
982 1881 1060 1924 ex
1102 1862 1322 1924 eadem
1368 1861 1838 1943 comparatione
1882 1859 2218 1922 manifesta
2266 1867 2363 1921 est
2397 1865 2444 1927 Β
2476 1861 2959 1943 incorruptibile
3015 1872 3239 1938 exstat,
3302 1872 3488 1945 prout
3545 1863 3753 1945 primo
3812 1862 3967 1925 Coeli

865 1961 1141 2043 parvitas
1182 1959 1492 2034 cordium,
1532 1978 1675 2040 quae
1718 1978 1795 2021 ex
1833 1960 2023 2021 odore
2068 1958 2188 2020 isto
2232 1966 2360 2019 tam

866 2059 1117 2121 modico
1160 2077 1286 2121 non
1331 2058 1538 2121 solum
1584 2058 1933 2139 implentur
1973 2065 2083 2119 aut
2126 2056 2360 2119 inebri-

861 2165 1070 2231 antur,
1116 2157 1227 2220 sed
1274 2158 1467 2219 etiam
1522 2157 1988 2236 immerguntur
2033 2163 2096 2218 et
2144 2154 2358 2217 absor-

866 2255 1119 2317 bentur.
1154 2256 1360 2329 Quum
1391 2255 1565 2317 enim
1594 2255 1674 2316 ad
1706 2254 1917 2336 ipsum
1948 2254 2192 2316 fontem
2223 2273 2362 2315 sua-

862 2354 1077 2417 vitatis
1126 2362 1409 2415 creatum
1458 2353 1540 2414 sit
1584 2372 1692 2415 cor
1732 2352 2109 2425 humanum,
2158 2352 2358 2414 mani-

861 2451 1095 2514 festum
1124 2460 1219 2514 est
1248 2452 1454 2533 ipsum
1484 2471 1520 2513 a
1543 2471 1657 2513 sua
1682 2449 1896 2513 debita
1922 2451 2359 2532 magnitudine

860 2549 1445 2633 incomparabiliter
1484 2550 1891 2611 minoratum.
1935 2586 2015 2594 —
2056 2550 2360 2613 Praeterea

859 2650 972 2732 qui
1022 2650 1390 2711 universum
1438 2648 1737 2711 dixerunt
1784 2666 2110 2710 emanasse
2151 2667 2188 2709 a
2231 2647 2359 2709 Deo

858 2756 1163 2829 tanquam
1192 2746 1602 2809 artificiatum
1630 2755 1693 2808 et
1718 2745 2025 2807 fabricam
2058 2746 2137 2807 ab
2164 2745 2361 2807 artifi-

859 2864 1195 2921 ce,verum
1227 2846 1420 2908 locuti
1452 2852 1621 2917 sunt,
1639 2864 1841 2926 quum
1874 2845 2245 2907 universum
2276 2844 2360 2905 sit

858 2963 1021 3027 opus
1053 2944 1555 3026 pulcherrimum
1583 2942 1812 3016 Dei,ab
1846 2944 2123 3005 increata
2156 2942 2357 3024 ipsius

2472 1960 2679 2040 arguit
2744 1961 3182 2043 Philosophus.
3251 1962 3482 2035 Tertio,
3552 1962 3605 2023 si
3672 1960 3969 2023 machina

2471 2058 2694 2120 mundi
2735 2059 2812 2121 de
2853 2078 3018 2123 novo
3057 2068 3119 2122 et
3158 2080 3235 2122 ex
3274 2068 3560 2142 tempore
3600 2068 3696 2122 cst
3735 2068 3964 2133 creata,

2469 2175 2619 2237 ergo
2677 2176 2951 2220 vacuum
3007 2157 3089 2219 ab
3147 2166 3382 2223 aeterno
3439 2158 3563 2220 fuit
3620 2157 3730 2220 ubi
3794 2176 3966 2219 nunc

2471 2255 2703 2317 coelum
2750 2264 2864 2317 est.
2909 2255 3163 2330 Quarto,
3215 2257 3293 2319 dc
3343 2264 3628 2338 tempore
3677 2274 3802 2319 non
3855 2256 3968 2317 ha-

2471 2354 2696 2415 bemus
2746 2354 2871 2417 nisi
2921 2374 3094 2416 nunc
3143 2355 3376 2430 fluenS,
3429 2355 3616 2439 cujus
3665 2355 3824 2417 ratio
3871 2363 3968 2416 est

2469 2453 2639 2534 quod
2670 2453 2751 2514 sit
2781 2452 2934 2515 finis
2975 2454 3277 2536 praeteriti
3321 2454 3838 2536 principiumque
3871 2453 3970 2515 fu-

2471 2552 2597 2612 turi
2632 2568 2645 2612 :
2679 2569 2828 2631 ergo
2865 2560 3010 2614 ante
3053 2570 3242 2615 omne
3283 2571 3453 2614 nunc
3495 2552 3802 2634 temporis
3847 2551 3970 2614 fuit

2468 2656 2742 2730 tempus,
2776 2686 2856 2695 —
2887 2650 3079 2712 Multa
3127 2651 3228 2713 his
3273 2650 3632 2713 consimilia
3673 2651 3751 2712 ad
3797 2650 3969 2712 istud

2472 2746 2871 2828 probandum
2923 2748 3316 2810 inducuntur
3361 2756 3736 2830 argumenta
3773 2766 3786 2810 :
3823 2768 3968 2830 quae

2469 2845 2715 2921 omitto,
2750 2846 2900 2928 quia
2948 2846 3039 2908 nil
3090 2846 3264 2909 aliud
3313 2846 3584 2929 probant
3629 2847 3752 2909 nisi
3795 2848 3968 2929 quod

2471 2944 2749 3006 mundus
2782 2962 2906 3006 non
2940 2945 3180 3027 incepit
3219 2964 3334 3026 per
3363 2945 3640 3027 aliquem
3686 2946 3966 3027 primum

857 3051 990 3105 arte
1010 3042 1854 3125 .procedenS.Verumtamen
1894 3060 2037 3123 pars
2074 3040 2357 3103 universi
2395 3044 2438 3107 C
2472 3050 2736 3115 motum,
2771 3050 2878 3104 aut
2907 3042 3259 3105 naturalem
3293 3044 3733 3119 mutationem,
3760 3062 3968 3126 neque

858 3161 1001 3223 quae
1058 3140 1268 3223 primo
1324 3148 1533 3201 creata
1589 3147 1705 3213 est,
1760 3157 1887 3201 non
1938 3140 2192 3201 videtur
2245 3158 2358 3219 per
2470 3158 2582 3221 per
2613 3140 3026 3203 variationem
3060 3140 3253 3222 primi
3285 3141 3560 3221 agentis3
3594 3159 3721 3204 non
3751 3150 3968 3204 autem

860 3240 1121 3303 modum
1169 3237 1431 3300 artificii
1474 3236 1880 3320 processisse,
1922 3245 2234 3319 quantum
2277 3236 2356 3298 ad
2469 3238 2638 3318 quod
2669 3257 2796 3300 non
2831 3238 3142 3319 inceperit
3173 3256 3288 3320 per
3316 3238 3679 3320 simplicem
3714 3258 3970 3301 emana-

599 5278 673 5335 Cs.
702 5278 806 5322 dist.

552 5354 679 5385 xxxvi
696 5345 781 5385 etc.

856 3339 978 3401 hoc
1016 3338 1187 3420 quod
1228 3355 1355 3399 non
1398 3356 1510 3419 per
1540 3336 1962 3399 instrumenta
2000 3336 2241 3397 exstitit
2271 3334 2358 3396 l'a-

856 3445 979 3511 cta,
1020 3435 1317 3498 similiter
1362 3454 1480 3496 nec
1540 3434 1903 3517 spirituales
1960 3433 2350 3496 substantiae.

855 3535 1099 3597 -Haec
1132 3533 1508 3597 Guillelmus
1533 3551 1546 3594 :
1572 3533 1682 3614 qui
1714 3533 1790 3595 de
1822 3533 1921 3595 his
1962 3532 2186 3594 scribit
2219 3550 2358 3614 pro-

858 3633 1006 3709 lixe,
1039 3640 1102 3695 et
1132 3632 1425 3714 quamvis
1468 3632 1970 3713 comparationes
2012 3631 2150 3692 illas
2191 3650 2358 3693 ema-

856 3731 1132 3794 nationis
1184 3730 1405 3792 mundi
1453 3750 1491 3792 a
1540 3731 1668 3792 Deo
1719 3730 1928 3811 primo
1980 3729 2356 3810 redarguere

856 3829 1167 3903 videatur,
1218 3836 1436 3909 postea
1487 3836 1696 3889 tamen
1755 3846 1861 3889 eas
1920 3834 2358 3908 competenter

856 3928 1189 3991 collaudat.
1204 3927 1361 3990 Nam
1391 3934 1453 3987 et
1485 3926 1589 4008 pie
1619 3934 1863 4007 queunt
1892 3925 2356 4007 salvari,quum

855 4046 984 4090 non
1023 4027 1253 4088 dentur
1290 4024 1414 4087 nisi
1456 4042 1570 4106 per
1602 4024 2093 4086 similitudinem
2133 4042 2354 4104 quam-

854 4127 1023 4200 dam,
1049 4133 1112 4187 et
1142 4142 1331 4187 omne
1364 4122 1573 4185 simile
1605 4122 1865 4184 exsistat
1894 4121 2225 4183 dissimile.
2243 4122 2356 4183 Ve-

2469 3336 2706 3398 tionem
2737 3335 2818 3398 ab
2851 3335 3214 3399 invariabili
3244 3346 3434 3419 atque
3467 3336 3798 3400 liberrimo
3828 3337 3972 3400 Cre-

2466 3442 2662 3507 atore,
2713 3434 2825 3516 qui
2883 3435 2947 3497 in
3002 3454 3068 3497 se
3123 3434 3668 3498 incommutabilis
3725 3456 3971 3519 perma-

2469 3552 2648 3607 nenS,
2712 3533 2774 3594 in
2841 3533 2950 3595 illo
3020 3552 3190 3595 nunc
3251 3552 3325 3595 ac
3387 3534 3693 3616 temporis
3759 3536 3970 3617 primo

2468 3631 2728 3693 instanti
2761 3631 3045 3694 condidit
3078 3632 3389 3693 mundum
3423 3632 3488 3694 in
3520 3650 3648 3714 quo
3677 3632 3757 3694 ab
3788 3642 3967 3696 aeter-

2466 3746 2549 3791 no
2609 3728 2821 3810 ipsum
2881 3747 3095 3791 creare
3153 3729 3674 3803 decrevit‚·sicut
3727 3740 3792 3794 et
3841 3731 3966 3793 alia

2467 3826 2667 3888 multa
2710 3827 2992 3909 quotidie
3039 3827 3192 3889 facit
3233 3836 3296 3888 et
3340 3834 3511 3891 creat
3554 3829 3632 3891 de
3676 3848 3858 3892 novo.

2544 3926 2732 3988 Porro
2771 3926 3094 3988 Avicenna
3133 3933 3196 3987 et
3232 3926 3505 4007 Algazel,
3538 3928 3867 4002 AverroeS,
3901 3938 3967 3991 et

2463 4024 2570 4087 alii
2603 4024 2863 4106 quidam
2903 4024 3326 4105 Peripatetici,
3361 4026 3675 4088 acutiores
3709 4028 3786 4089 ad
3820 4046 3964 4110 pro-

2463 4122 2744 4185 bandum
2777 4122 2998 4185 mundi
3030 4123 3445 4185 aeternitatem
3473 4124 3742 4187 rationes
3775 4126 3966 4189 intro-

853 4244 995 4287 rum
1042 4224 1119 4285 de
1162 4223 1282 4284 ista
1326 4221 1589 4283 materia
1639 4220 1805 4282 infra
1854 4220 2108 4302 plenius
2155 4220 2352 4282 disse·
2385 4224 2434 4285 D
2463 4222 2780 4283 duxerunt
2823 4240 3014 4303 quam
3059 4221 3194 4302 ipse
3235 4221 3680 4304 PhilosophuS,
3716 4231 3956 4305 utpote,

853 4331 1046 4386 retur.

1278 4562 1755 4639 QUAESTIO
1822 4562 1927 4625 IV

996 4818 1183 4881 Uarto
1272 4812 1711 4898 principaliter
1798 4810 2130 4893 quaeritur,
2217 4815 2348 4879 An

1023 4916 1369 4983 mundus
1428 4914 1538 4979 sit
1602 4914 1968 4977 oeternus.
2032 4910 2103 4971 Et
2175 4930 2346 4972 nunc

607 5042 761 5095 quast.
783 5040 808 5081 2
850 5036 1043 5098 supra
1076 5010 1517 5094 multipliciter
1546 5017 1639 5071 est
1680 5016 2028 5081 ostensum,
2062 5008 2233 5090 quod
2265 5010 2346 5070 sit

552 5106 597 5145 οῖ
623 5105 663 5145 3.

850 5115 1197 5198 productus
1236 5131 1273 5173 a
1310 5110 1459 5182 De0,
1492 5116 1555 5171 θῖ
1594 5108 1762 5191 quod
1802 5107 2168 5170 Aristoteles
2206 5128 2346 5171 sen-

847 5215 931 5276 sit
959 5213 1103 5285 hoc,
1136 5210 1307 5274 Plato
1338 5226 1613 5290 quoque,
1647 5214 1709 5268 θῖ
1738 5205 1847 5268 alii
1880 5206 2175 5269 meliores
2207 5207 2345 5289 phi-

851 5311 1097 5396 losophi
1145 5328 1158 5371 :
1206 5308 1376 5390 quod
1423 5314 1485 5369 et
1534 5324 1726 5387 super
1774 5304 2056 5387 primum
2103 5314 2201 5367 θεῖ
2241 5305 2344 5366 de-

2461 4322 2632 4404 quod
2681 4322 2974 4384 voluntas
3027 4321 3136 4383 Dei
3197 4321 3570 4383 naturaliter
3621 4330 3684 4383 et
3735 4341 3958 4385 neces-

2460 4420 2625 4482 sario
2682 4427 2982 4501 operatur
3036 4419 3206 4501 quod
3274 4419 3636 4481 intellectus
3698 4420 3956 4484 divinus

2459 4518 2656 4580 dictat
2711 4525 2775 4580 θῖ
2821 4517 3096 4581 ostendit
3147 4517 3374 4580 melius
3433 4526 3495 4579 et
3543 4519 3951 4595 convenienS,

2462 4618 2590 4679 imo
2620 4617 2936 4699 optimum
2975 4616 3781 4699 convenientissimumque
3811 4636 3960 4681 con-

2459 4716 2702 4791 sistere,
2745 4724 2807 4777 et
2849 4716 2907 4777 ei
2959 4715 3290 4797 potissime
3336 4733 3683 4796 congruere
3727 4735 3800 4779 ac
3848 4718 3954 4779 de-

2459 4834 2622 4887 cere,
2661 4822 2876 4896 utpote
2911 4831 2925 4875 :
2961 4833 3140 4875 suam
3185 4814 3563 4875 immensam
3605 4814 3955 4878 bonitatem

2459 4913 2649 4974 rebus
2689 4912 3187 4986 communicare,
3220 4920 3411 4994 atque
3452 4912 3709 4975 divitias
3738 4913 3956 4994 gloriae

2457 5030 2588 5073 suae
2635 5011 2991 5085 ostendere,
3029 5019 3092 5072 ct
3141 5030 3270 5073 suae
3321 5011 3672 5092 majestatis
3721 5011 3956 5075 habere

2459 5109 2785 5171 ministros
2823 5127 2896 5170 ac
2941 5126 3205 5189 regnum
3251 5116 3314 5169 et
3355 5108 3712 5170 universale
3754 5109 3958 5173 domi-

2458 5207 2636 5268 nium
2675 5224 2688 5268 :
2723 5207 2890 5288 quod
2929 5214 3128 5268 totum
3169 5205 3410 5288 absque
3449 5225 3578 5269 suae
3617 5205 3956 5269 beatitudi-

2459 5305 2558 5367 nis
2588 5305 2971 5367 detrimento
3001 5314 3329 5388 peractum
3362 5312 3458 5366 est
3489 5324 3603 5387 per
3629 5304 3749 5368 hoc
3779 5307 3952 5388 quod
