4334 6242
788 493 909 560 290

1475 505 1537 557 ιΝ
1576 504 1798 556 unnim
1838 503 1883 553 ιι
1924 495 2406 553 sauri-:mmmm
2451 522 2532 532 —
2571 498 2723 549 ms'r.
2772 495 2873 565 1v3
2917 499 3140 558 Qumsr.
3186 497 3232 546 n

790 689 929 744 tum
975 681 1126 763 quia
1173 682 1252 743 ad
1300 682 1419 744 hoc
1468 687 1613 742 sunt
1663 697 1976 760 expressae
2022 675 2293 738 auctori-
2321 675 2370 738 Α
2402 675 2522 737 Sed
2553 673 2880 756 responsio
2919 673 3052 735 haec
3083 672 3162 734 ad
3200 677 3445 753 partem
3487 675 3692 750 potest
3723 665 3918 729 flecti

790 789 949 843 tates
1009 781 1407 854 Sanctorum,
1458 787 1593 840 tum
1652 777 1952 859 quoniam
2015 776 2290 836 rationes

790 878 1154 962 probabiles
1186 879 1306 941 hoc
1346 878 1753 940 convincunt.
1790 875 1926 937 Non
1966 874 2139 936 enim
2179 872 2293 934 mi-

788 977 963 1042 noris
1007 976 1333 1058 dignitatis
1373 976 1634 1037 fuerunt
1670 973 1901 1054 angeli,
1934 991 2125 1054 quam
2168 971 2294 1052 pri-

789 1094 933 1137 mus
964 1075 1175 1149 homo,
1210 1075 1321 1156 qui
1353 1072 1477 1135 fuit
1506 1080 1754 1134 creatus
1796 1070 1861 1132 in
1895 1070 2113 1151 gratia.
2152 1069 2294 1131 Fuit

788 1172 962 1235 enim
1023 1172 1314 1235 conditus
1368 1172 1432 1232 in
1482 1169 1773 1251 originali
1830 1167 2099 1249 justitia,
2150 1186 2293 1249 quae

790 1289 919 1334 non
950 1270 1204 1333 videtur
1233 1269 1432 1332 fuisse
1464 1269 1601 1331 sine
1630 1267 1829 1349 gratia
1867 1265 2294 1328 concomitan-

790 1379 853 1433 te
889 1387 904 1431 ε
937 1369 1240 1451 quoniam
1286 1366 1674 1430 consistebat
1714 1366 1780 1427 in
1824 1364 2105 1447 perfecta
2145 1363 2294 1426 obe-

791 1469 1033 1536 dientia
1082 1467 1365 1549 corporis
1415 1466 1491 1528 ad
1543 1465 1843 1538 animam,
1893 1463 2296 1525 inferiorum-

791 1586 917 1649 que
966 1567 1203 1628 virium
1251 1566 1329 1628 ad
1379 1563 1760 1646 superiores,
1802 1571 1865 1624 et
1914 1561 2294 1624 rectitudine

791 1666 1135 1728 voluntatis
1174 1666 1252 1727 ad
1283 1665 1522 1741 Deum3
1554 1671 1617 1724 et
1656 1663 1822 1724 sicut
1860 1662 1987 1724 duo
2029 1661 2137 1722 illa
2168 1660 2296 1742 pri-

792 1783 897 1826 ma
937 1781 1064 1825 non
1103 1762 1401 1824 videntur
1440 1761 1639 1822 fuisse
1682 1760 1820 1822 sine
1862 1759 2063 1840 gratia
2100 1758 2295 1839 gratis

2403 782 2755 854 utramque.
2791 772 2948 834 Nam
2979 780 3042 832 et
3081 778 3346 851 utraque
3388 769 3646 851 prael'ata
3683 767 3923 849 opinio

2402 872 2521 934 hoc
2579 871 2885 944 defendit,
2937 869 3231 951 quamvis
3289 868 3641 930 secundum
3696 866 3922 927 diver-

2403 989 2544 1032 sum
2590 987 2871 1043 sensum,
2918 976 2989 1030 ut
3032 975 3203 1050 patet
3251 986 3328 1028 ex
3371 965 3578 1027 dietis.

2483 1068 2774 1150 Amplius
2805 1067 3114 1130 IIenricus
3146 1063 3522 1139 Quodlibeto
3549 1069 3773 1126 octavo
3805 1081 3922 1124 su·-

2405 1186 2519 1248 per
2566 1167 2667 1228 his
2715 1165 2987 1228 scribit:
3021 1165 3244 1228 Utrum
3291 1162 3494 1244 gratia
3539 1160 3920 1243 justificans

2405 1266 2599 1328 fuerit
2640 1264 2881 1346 augelis
2925 1264 2987 1326 in
3033 1282 3254 1326 eorum
3295 1261 3613 1324 creatione
3651 1260 3916 1332 collata,

2405 1365 2565 1427 nihil
2612 1364 2830 1445 judico
2872 1363 2998 1425 nisi
3041 1362 3207 1444 quod
3253 1361 3346 1423 sic
3390 1361 3596 1442 pot-uit
3639 1377 3776 1421 esse
3821 1358 3924 1420 fa-

2406 1471 2618 1543 ctum3
2652 1463 2759 1525 sed
2799 1481 2879 1524 an
2923 1460 3117 1523 fuerit
3159 1460 3422 1532 factum,
3460 1459 3612 1541 quia
3653 1478 3690 1520 a
3734 1475 3926 1520 mera

2407 1562 2517 1625 Dei
2569 1561 2893 1623 voluntate
2923 1559 3279 1642 dependet,
3331 1558 3465 1621 scio
3511 1557 3678 1640 quod
3733 1555 3926 1618 nulla

2408 1661 2678 1723 naturali
2721 1661 2962 1722 ratione
3001 1659 3207 1721 valeat
3248 1657 3774 1720 certitudinaliter
3809 1655 3928 1718 de-

2409 1759 2738 1842 prehendi.
2778 1759 2996 1820 Modus
3045 1766 3258 1819 autem
3306 1756 3540 1838 aliquis
3587 1772 3714 1837 quo
3761 1772 3923 1817 con-

791 1862 956 1934 data,
992 1861 1083 1923 sic
1124 1860 1405 1932 tertium,
1439 1858 1685 1920 scilicet
1724 1857 2037 1919 rectitudo
2076 1857 2296 1918 volun·
2333 1857 2381 1919 B
2410 1857 2740 1938 gruentius
2785 1857 2928 1918 fieri
2974 1855 3256 1937 potuisse
3304 1863 3589 1936 apparet,
3626 1872 3925 1934 quaeren-

790 1959 938 2021 tatis
967 1959 1045 2021 ad
1080 1959 1301 2032 Deum,
1327 1976 1453 2021 non
1484 1957 1736 2018 videtur
1765 1954 1963 2018 fuisse
1994 1955 2131 2016 sine
2163 1974 2298 2036 gra-

791 2057 879 2118 tia
921 2063 1168 2138 gratum
1219 2054 1510 2117 faciente.
1546 2089 1623 2098 —
1652 2054 1832 2128 Item,
1870 2053 2037 2114 sicut
2084 2060 2180 2114 est
2232 2051 2295 2112 in

790 2173 931 2217 esse
970 2153 1264 2238 naturali,
1298 2153 1390 2214 sic
1430 2159 1492 2214 et
1531 2169 1646 2214 suo
1688 2152 1874 2214 modo
1914 2151 1980 2212 in
2014 2169 2153 2213 esse
2195 2169 2296 2212 su-

794 2251 1181 2335 pernaturali
1220 2267 1233 2312 :
1268 2251 1377 2314 sed
1423 2251 1515 2312 ‘sic
1558 2258 1654 2312 est
1701 2250 1766 2312 in
1812 2268 1951 2311 esse
1998 2249 2292 2322 naturali,

793 2351 963 2433 quod
1029 2343 1480 2433 quascumque,
1540 2357 1687 2422 etc„
1748 2347 1914 2409 sicut
1975 2365 2166 2428 supra
2232 2346 2297 2407 in

795 2450 1051 2512 Thoma.
1098 2449 1242 2512 Haec
1285 2447 1636 2509 DuranduS.

875 2547 1099 2610 Scotus
1139 2564 1393 2628 quoque
1428 2562 1443 2606 ε
1477 2545 1739 2606 Videtur
1768 2544 1911 2624 (ait)
1944 2543 2293 2626 probabile,

794 2646 965 2728 quod
1007 2643 1279 2727 quilibet
1316 2643 1577 2723 angelus
1617 2642 1959 2723 aliquando
2000 2641 2196 2703 fuerit
2232 2641 2297 2702 in

794 2743 1016 2824 gratia,
1046 2742 1182 2804 sive
1214 2742 1278 2803 in
1312 2740 1570 2802 instanti
1601 2740 1963 2812 creationiS,
1989 2759 2099 2802 seu
2131 2747 2299 2820 post-

797 2861 889 2904 ea.
945 2841 1020 2902 Et
1078 2840 1371 2922 quamvis
1423 2857 1549 2901 non
1608 2839 1691 2901 sit
1744 2857 2003 2900 necesse
2050 2838 2129 2899 ad
2178 2838 2298 2900 hoc

798 2940 968 3021 quod
998 2939 1228 3021 aliquis
1263 2946 1501 3021 peccet,
1536 2939 1705 3020 quod
1737 2937 1914 3019 prius
1952 2937 2034 2998 sit
2064 2936 2129 2997 in
2160 2955 2298 3018 gra-

2410 1957 2528 2018 dus
2575 1963 2692 2030 est,
2725 1974 2925 2038 quum
2977 1973 3230 2037 semper
3271 1953 3783 2036 praesumendum
3831 1953 3924 2014 sit

2408 2055 2610 2116 Deum
2670 2053 2899 2115 fecisse
2952 2053 3122 2135 quod
3181 2050 3620 2114 rationabilius
3677 2068 3920 2113 conve-

2411 2153 2818 2234 nientiusque
2867 2160 3001 2213 erat
3047 2151 3383 2232 agendum.
3433 2150 3673 2231 Nempe
3722 2157 3794 2210 ut
3845 2150 3920 2212 in

2411 2251 2576 2313 libro
2623 2250 2700 2313 de
2743 2250 2970 2312 Libero
3011 2249 3276 2312 arbitrio
3315 2249 3708 2330 Augustinus
3754 2248 3920 2310 fate-

2413 2357 2533 2422 tur,
2554 2349 2605 2412 si
2639 2356 2809 2411 recta
2841 2349 3081 2411 ratione
3112 2347 3499 2430 deprehendi
3535 2347 3720 2421 valet,
3739 2347 3922 2429 quod

2408 2448 2730 2510 decimum
2791 2447 3022 2509 coelum
3083 2453 3389 2526 congruat
3444 2464 3604 2517 esse,
3655 2445 3924 2507 creden-

2409 2546 2562 2607 dum
2592 2554 2689 2608 est
2719 2547 2920 2607 Deum
2953 2544 3110 2605 illud
3152 2543 3400 2606 fecisse.
3435 2544 3652 2625 Itaque
3691 2561 3924 2604 secun-

2409 2644 2560 2705 dum
2596 2643 3022 2706 decentiorem
3066 2641 3745 2723 congruentioremque
3779 2659 3924 2703 mo-

2409 2742 2560 2802 dum
2595 2742 2982 2803 credendum
3015 2747 3106 2802 est
3140 2740 3339 2802 Deum
3370 2739 3638 2821 gratiam
3669 2737 3920 2818 angelis

2410 2839 2773 2902 contulisse.
2810 2840 3144 2921 Quumque
3184 2838 3384 2920 gratia
3414 2855 3542 2900 non
3581 2837 3922 2900 ordinetur

2411 2938 2534 3000 nisi
2586 2939 2663 2999 ad
2723 2938 3022 3000 meritum
3072 2937 3333 3018 congrui
3386 2936 3592 3018 quoad
3644 2935 3922 3016 gratiam

796 3037 901 3111 tia,
918 3055 1269 3119 congruum
1302 3045 1512 3098 tamen
1544 3042 1639 3097 est
1669 3035 1835 3117 quod
1872 3034 2295 3108 illi,videlicet
2331 3037 2374 3100 C
2411 3037 2606 3118 gratis
2643 3037 2878 3109 datam,
2911 3043 3020 3097 aut
3060 3035 3358 3116 condigni
3398 3035 3606 3117 quoad
3645 3034 3920 3115 gratiam

796 3134 1025 3217 angeli,
1088 3153 1217 3197 non
1275 3135 1483 3196 solum
1541 3151 1665 3196 non
1728 3132 1987 3194 fuerunt
2046 3131 2295 3212 injusti,

797 3233 1100 3315 quoniam
1131 3239 1511 3315 acceperunt
1544 3231 1900 3294 libertatem
1933 3228 2295 3300 naturalem,

800 3350 913 3414 per
950 3350 1141 3413 quam
1183 3337 1527 3412 potuerunt
1565 3330 1807 3391 salvare
1843 3328 2157 3409 justitiam
2193 3346 2298 3388 na-

797 3428 1105 3508 turalem3
1139 3428 1249 3490 sed
1280 3429 1449 3510 quod
1480 3428 1673 3490 etiam
1703 3433 2089 3508 acceperunt
2116 3425 2301 3505 justi-

798 3527 952 3589 tiam
981 3526 1704 3608 gratuitam,secundum
1736 3525 2102 3587 Anselmum
2134 3523 2300 3586 libro

799 3626 875 3687 de
921 3625 1081 3689 Casu
1130 3624 1389 3699 diaboli,
1423 3624 1801 3686 duodecimo
1847 3631 1909 3685 et
1952 3623 2299 3686 sextodeci-

800 3740 906 3786 mo
944 3723 1261 3804 capituliS.
1295 3723 1580 3804 Denique
1625 3722 1790 3784 Deus
1829 3739 1957 3783 ηοη
1994 3720 2301 3782 discernit

798 3821 966 3884 inter
1006 3821 1159 3883 istos
1198 3827 1263 3882 et
1300 3820 1465 3895 illos,
1497 3827 1837 3903 antequam
1885 3819 2007 3901 ipsi
2052 3838 2167 3900 per
2203 3838 2302 3880 ac-

798 3928 901 3982 tus
948 3937 1094 3984 suos
1140 3939 1207 3982 se
1252 3919 1671 3982 discreverint
1706 3937 1719 3980 :
1754 3919 1906 4000 quia
1947 3918 2300 3980 secundum

799 4019 1225 4100 Augustinum
1257 4037 1450 4100 super
1480 4017 1798 4090 Genesim,
1834 4035 1961 4079 non
1999 4015 2176 4098 prius
2207 4024 2304 4078 est

801 4118 968 4181 Deus
1011 4117 1197 4192 ultor,
1231 4135 1423 4199 quam
1453 4116 1685 4199 aliquis
1726 4115 1808 4178 sit
1846 4123 2159 4196 peccator.
2197 4115 2304 4176 Er-

2411 3143 2660 3216 gratum
2701 3133 3064 3208 facientem,
3097 3143 3160 3196 et
3194 3152 3394 3214 usque
3424 3133 3502 3195 ad
3538 3133 3756 3195 horam
3785 3151 3922 3214 qua

2412 3231 2766 3295 deliberare
2830 3240 3058 3314 potest,
3119 3231 3568 3294 intellectualis
3627 3237 3922 3292 creatura

2413 3352 2539 3396 non
2585 3340 2886 3406 merctur,
2919 3351 3120 3414 quum
3164 3339 3344 3394 actus
3387 3331 3730 3393 voluntatis
3770 3329 3922 3410 ejus

2412 3450 2538 3494 non
2588 3439 2684 3494 est
2731 3431 2854 3493 nisi
2907 3450 3064 3512 pure
3114 3429 3442 3503 naturalis,
3495 3447 3622 3510 quo
3669 3447 3787 3491 nec
3838 3428 3922 3491 de

2415 3547 2693 3610 congruo
2733 3548 2854 3590 nec
2891 3528 2968 3590 de
3008 3527 3322 3608 condigno
3361 3526 3630 3588 habetur
3657 3526 3922 3608 aliquod

2416 3627 2748 3706 meritum3
2772 3627 3006 3689 frustra
3036 3625 3064 3688 f
3068 3626 3262 3688 uisset
3291 3625 3516 3706 angelo
3544 3625 3744 3705 gratia
3769 3625 3924 3688 data

2413 3733 2560 3788 ante
2613 3726 2831 3788 horam
2887 3744 3010 3806 qua
3067 3723 3276 3806 quivit
3327 3723 3700 3786 deliberare.
3753 3723 3922 3785 Hinc

2418 3823 2572 3885 mihi
2604 3831 2868 3906 apparet
2898 3823 3111 3905 potius
3142 3840 3279 3885 esse
3312 3821 3920 3903 credendum,quod

2419 3941 2619 4004 usque
2679 3931 2831 3984 tunc
2889 3921 3152 4002 angelus
3210 3918 3334 3982 fuit
3393 3920 3458 3982 in
3517 3918 3920 3982 naturalibus

2415 4027 2685 4093 tantum,
2731 4020 2796 4082 in
2845 4020 3082 4102 quibus
3131 4027 3193 4080 et
3241 4018 3366 4080 fuit
3415 4025 3684 4092 creatus,
3723 4024 3922 4100 atque

2418 4119 2483 4181 in
2519 4119 2790 4181 naturali
2827 4118 3217 4181 beatitudine
3253 4117 3550 4199 perstitit,
3583 4135 3922 4198 quousque

801 4234 881 4297 go
931 4235 1133 4299 usque
1180 4217 1259 4279 ad
1315 4217 1554 4278 instans
1601 4213 1813 4276 meriti
1857 4221 2046 4295 atque
2096 4214 2306 4275 deme·
2335 4221 2384 4284 D
2417 4216 2768 4280 deliberare
2815 4216 3056 4298 potuit3
3104 4215 3332 4278 deinde
3382 4215 3576 4277 Deum
3624 4213 3922 4278 omnibus

804 4315 932 4388 riti,
986 4333 1206 4376 omnes
1254 4322 1432 4376 erant
1481 4314 1830 4376 uniformes
1879 4330 1893 4374 t
1941 4320 2004 4374 et
2048 4311 2100 4374 si
2150 4319 2305 4374 tunc

807 4414 1016 4496 primo
1062 4413 1263 4494 gratia
1308 4411 1494 4475 bonis
1542 4412 2001 4494 apponebatur,
2042 4419 2305 4493 apparet

805 4512 973 4594 quod
1005 4510 1226 4573 debuit
1257 4518 1405 4572 tunc
1433 4510 1667 4592 apponi
1698 4517 1763 4571 et
1790 4510 1951 4572 aliis.
1972 4509 2129 4572 Nam
2159 4518 2306 4571 ante

804 4611 963 4673 illud
993 4611 1235 4674 instans
1266 4627 1391 4671 non
1422 4609 1908 4670 demeruerunt:
1934 4625 2126 4689 quare
2156 4624 2307 4688 ergo

804 4729 928 4774 non
974 4709 1197 4772 debuit
1238 4708 1330 4770 eis
1378 4707 1613 4789 apponi
1656 4707 1856 4787 gratia
1898 4713 1969 4767 ut
2008 4706 2151 4768 aliis
2195 4707 2306 4788 qui

807 4811 1222 4873 meruerunt?
1254 4807 1317 4869 Si
1358 4825 1509 4869 vero
1548 4806 1729 4867 istius
1771 4812 1949 4867 erant
1987 4804 2302 4882 demeriti,

807 4925 958 4990 ergo
987 4909 1167 4990 prius
1204 4907 1380 4968 illam
1416 4905 1793 4980 habuerunt,
1828 4905 1979 4987 quia
2011 4906 2212 4984 gratia
2249 4915 2308 4968 et

806 5009 996 5090 culpa
1038 5024 1167 5070 non
1209 5013 1357 5069 sunt
1400 5005 1607 5067 simul.
1652 5005 1794 5067 Haec
1838 5005 2077 5068 ScotuS.
2193 5015 2199 5023 '

2416 4314 2683 4397 gratiam
2735 4314 3101 4388 contulisse,
3135 4322 3476 4396 antequam
3525 4313 3724 4396 aliqui
3775 4331 3926 4395 pec-

2419 4421 2642 4476 carunt
2673 4432 2750 4476 ex
2783 4432 2848 4475 se
2883 4413 3057 4495 ipsiS.
3094 4413 3196 4476 Sic
3225 4431 3376 4494 ergo
3415 4410 3767 4474 secundum
3795 4413 3925 4474 An-

2419 4512 2692 4575 selmum
2755 4512 2918 4575 libro
2981 4512 3059 4574 de
3118 4511 3280 4575 Casu
3344 4511 3602 4586 diaboli,
3664 4511 3924 4575 Creator

2417 4610 2652 4692 adjecit
2706 4618 3008 4674 creaturae
3057 4610 3359 4691 angelicae
3413 4610 3680 4691 gratiam
3725 4617 3923 4692 atque

2415 4709 2755 4791 justitiam,
2787 4728 2914 4790 qua
2942 4726 3068 4771 ηοη
3102 4709 3474 4771 naturaliter
3502 4717 3770 4784 tantum,
3803 4709 3922 4774 sed

2418 4816 2482 4870 et
2505 4808 2676 4890 juste
2715 4816 2778 4871 et
2818 4809 3237 4871 condecenter
3277 4808 3744 4890 concupiebant
3777 4809 3924 4872 feli-

2420 4907 2694 4969 citatem.

2500 5006 2733 5069 Verum
2784 5006 2837 5068 si
2889 5005 3156 5087 gratiam
3218 5005 3404 5068 istam
3448 5005 3918 5087 justificantem

887 5104 1423 5169 Antisiodorensis
1470 5111 1683 5166 autem
1728 5103 1884 5165 dicit
1932 5103 1997 5164 in
2048 5105 2311 5167 Summa
2420 5105 2662 5187 angelis
2695 5107 2906 5168 datam
2937 5125 3295 5180 censemus,
3329 5115 3481 5168 tunc
3521 5107 3776 5187 angelos
3807 5107 3920 5172 bo-

810 5224 945 5282 sua,
991 5205 1158 5268 libro
1206 5204 1507 5276 secundo,
1554 5203 1724 5284 quod
1770 5200 1978 5283 angeli
2027 5210 2174 5264 ante
2225 5203 2309 5264 la-

813 5325 1002 5392 psum
1043 5304 1301 5366 fuerunt
1337 5302 1401 5364 in
1441 5309 1607 5364 statu
1645 5301 1811 5364 bono
1848 5320 1921 5363 ac
1963 5302 2306 5365 innocenti.

2423 5222 2538 5266 nos
2579 5222 2652 5266 ac
2695 5204 2892 5267 malos
2936 5205 3000 5266 in
3040 5204 3239 5284 gratia
3277 5223 3458 5286 pares
3499 5205 3702 5268 fuisse
3741 5215 3920 5270 ante-

2424 5321 2618 5385 quam
2648 5303 2798 5365 mali
2826 5303 3106 5385 prolapsi
3138 5310 3302 5378 sunt,
3325 5303 3688 5384 judicamus
3709 5303 3924 5388 :quod

3981 1177 4178 1230 qua-t.
4209 1175 4284 1216 io.
