4334 6242
142 1316 171 1355 p.
180 1306 219 1343 8¹:
227 1304 262 1344 in
276 1304 359 1344 line.

1352 530 1439 576 AN
1480 530 1661 576 AEVL'M
1700 530 1987 577 MENSURA
2030 532 2122 577 SIT
2163 531 2530 577 ANGELontm

3369 511 3488 578 149

389 701 550 763 Deus
582 708 794 782 potest
831 700 1375 763 conservationem
1416 720 1595 763 suam
1638 700 1717 762 ab
1752 718 1887 763 aevo
1916 700 1965 762 A
1998 700 2165 765 idem
2208 702 2337 764 sint
2378 720 2549 764 nunc
2595 701 2896 783 temporis
2938 709 3003 763 et
3040 709 3312 785 tempus,
3346 702 3490 766 Haec

390 799 451 860 in
482 799 784 881 praesenti
825 800 1217 862 subtrahere.
1251 836 1332 846 —
1356 800 1431 862 Et
1472 818 1585 882 per
1624 800 1743 861 hoc
1777 818 1883 880 pa-

386 905 471 960 tet
519 899 757 961 solutio
810 900 1037 982 quinti,
1092 900 1391 974 Quamvis
1444 900 1615 962 enim
1676 917 1881 961 aevum

386 1014 508 1058 non
552 1005 744 1078 queat
788 997 981 1059 simul
1021 1016 1159 1059 esse
1201 1004 1265 1059 et
1301 1015 1429 1059 non
1468 1016 1627 1072 esse,
1671 1006 1883 1058 tamen

386 1094 447 1155 in
493 1095 635 1177 ipso
675 1096 936 1157 instanti
976 1112 1105 1177 quo
1141 1103 1258 1170 est,
1291 1103 1499 1178 potest
1540 1096 1595 1157 ei
1637 1112 1884 1157 conser-

386 1193 552 1256 vatio
602 1193 715 1255 Dei
757 1193 1017 1269 auferri,
1052 1201 1114 1255 et
1160 1194 1244 1255 ita
1286 1211 1411 1255 non
1458 1194 1626 1255 erit:
1662 1212 1880 1274 quem-

384 1292 727 1354 admodum
761 1291 1002 1353 dictum
1032 1299 1127 1353 est
1158 1292 1555 1373 supra,quod
1586 1290 1881 1372 quamvis

384 1390 547 1451 Deus
580 1390 894 1452 mundum
934 1390 1252 1452 diceretur
1290 1390 1371 1452 ab
1408 1397 1643 1452 aeterno
1678 1408 1883 1451 creas-

384 1508 470 1561 se,
504 1497 719 1551 tamen
752 1490 1063 1570 potuisset
1102 1508 1249 1551 eum
1281 1507 1409 1552 non
1444 1488 1696 1561 fecisse,
1731 1488 1880 1570 quia

385 1587 448 1648 in
496 1586 609 1649 illo
658 1587 916 1649 instanti
966 1587 1033 1648 in
1082 1604 1211 1668 quo
1258 1586 1535 1661 fecisset,
1569 1586 1881 1668 potuisset

384 1703 508 1747 non
548 1685 799 1758 fecisse,
836 1685 985 1768 quia
1025 1685 1223 1747 libere
1262 1694 1579 1767 operatur.
1616 1685 1737 1748 Sed
1772 1702 1881 1766 po-

383 1784 501 1846 sito
556 1802 705 1857 uno,
756 1783 1002 1845 tollitur
1042 1784 1216 1845 aliud
1270 1801 1283 1845 ε
1336 1784 1873 1865 quemadmodum

1996 802 2346 864 Durandus,

2084 899 2413 962 Udalricus
2471 918 2622 963 vero
2680 900 2746 962 in
2809 900 3069 962 Summa
3130 918 3266 973 sua,
3327 898 3493 963 libro

1996 1005 2240 1079 quart0,
2275 999 2669 1073 contradicit,
2702 1005 2766 1061 et
2795 996 2952 1059 dicit.
2985 1016 2998 1059 :
3032 996 3262 1059 Differt
3297 996 3490 1059 etiam

1992 1116 2200 1159 aevum
2254 1096 2505 1159 realiter
2553 1117 2589 1159 a
2647 1096 2969 1179 principio
3022 1114 3138 1158 suo
3196 1096 3491 1158 intrinse-

1994 1212 2089 1269 cO,
2126 1195 2296 1276 quod
2335 1203 2431 1255 est
2473 1215 2642 1256 nunc
2685 1195 2835 1271 aevi;
2870 1195 3036 1257 sicut
3074 1195 3140 1255 in
3183 1194 3490 1256 creaturis

1992 1311 2248 1374 semper
2295 1293 2514 1354 differt
2561 1296 2732 1372 quod
2783 1303 2896 1363 est,
2946 1293 3134 1373 cujus
3191 1311 3490 1355 mensura

1992 1392 2056 1453 in
2098 1391 2424 1473 perpetuis
2467 1399 2561 1453 est
2605 1410 2776 1453 nunc
2819 1392 2959 1466 aevi,
2991 1392 3071 1453 ab
3113 1412 3264 1461 esse,
3297 1391 3485 1471 cujus

1991 1509 2292 1552 mensura
2327 1498 2423 1551 est
2465 1508 2672 1553 aevum
2707 1506 2721 1551 ε
2757 1490 2905 1572 quia
2947 1508 3259 1553 mensurat
3299 1489 3484 1552 diffe-

1990 1596 2138 1649 runt
2187 1588 2538 1650 secundum
2591 1588 2899 1651 rationem
2949 1596 3478 1651 mensuratorum.

1989 1687 2164 1760 Quod
2198 1694 2367 1767 patet
2396 1705 2473 1748 ex
2503 1704 2598 1760 eo,
2633 1686 2784 1768 quia
2812 1705 3012 1768 quum
3053 1705 3224 1748 nunc
3253 1686 3370 1749 aevi
3401 1687 3486 1749 sit

1990 1786 2252 1848 omnino
2291 1803 2492 1846 unum
2535 1794 2598 1847 et
2641 1784 3032 1847 indivisibile
3075 1804 3146 1847 ac
3185 1784 3481 1867 simplex,

384 1882 587 1963 posito
636 1882 806 1965 quod
846 1881 1274 1944 Antichristus
1316 1882 1458 1955 erit,
1500 1900 1627 1944 nou
1671 1890 1877 1963 potest
1915 1880 1962 1942 B
1989 1891 2203 1944 tamen
2250 1901 2456 1945 aevum
2507 1890 2603 1944 est
2662 1901 2959 1944 mensura
3010 1901 3121 1944 seu
3179 1901 3486 1945 numerus

383 1999 506 2043 non
558 1981 843 2063 produci.
877 1979 1079 2042 —Ad
1129 1981 1431 2043 ultimum
1474 1980 1601 2041 dici
1646 1987 1873 2062 potest,

382 2079 547 2160 quod
580 2078 690 2141 illa
728 2078 1005 2158 objectio
1046 2079 1129 2141 sit
1168 2078 1453 2159 puerilis,
1488 2078 1645 2140 Nam
1681 2077 1877 2139 simili

384 2177 568 2240 modo
616 2176 795 2258 argui
848 2184 1080 2258 posset,
1135 2177 1305 2259 quod
1356 2177 1521 2238 Deus
1574 2193 1701 2237 non
1757 2175 1782 2237 f
1786 2176 1879 2236 uit

382 2275 617 2337 diutius
676 2275 831 2337 felix
892 2293 1081 2356 quam
1140 2274 1355 2336 anima
1412 2274 1469 2336 S.
1536 2273 1875 2346 Francisci,

382 2374 526 2455 quia
558 2374 625 2436 in
654 2373 1003 2436 aeternitate
1032 2391 1160 2435 non
1189 2380 1287 2435 est
1320 2372 1565 2452 longius
1596 2390 1713 2433 nec
1747 2372 1881 2433 bre-

382 2472 541 2545 viuS,
589 2492 706 2534 nec
772 2471 949 2553 prius
1004 2490 1211 2552 neque
1268 2472 1602 2553 posterius,
1655 2470 1880 2544 Quem-

384 2571 723 2633 admodum
774 2588 925 2652 ergo
983 2571 1147 2632 Deus
1196 2569 1435 2632 diutius
1484 2569 1607 2632 fuit
1654 2569 1876 2631 beatus

383 2688 571 2751 quam
624 2669 857 2750 aliquis
906 2669 1193 2741 SanctuS,
1228 2668 1295 2729 in
1343 2675 1651 2750 quantum
1704 2675 1879 2730 aeter-

382 2768 545 2829 nitas
586 2786 703 2828 sua
740 2766 915 2829 omni
956 2766 1227 2848 tempori
1258 2765 1357 2828 vel
1402 2765 1551 2829 reali
1586 2766 1684 2828 vel
1725 2766 1879 2828 ima-

381 2865 645 2947 ginabili
686 2864 1009 2927 coexsistit
1038 2873 1148 2926 aut
1186 2865 1593 2927 coexsisteret
1628 2866 1679 2927 si
1712 2873 1878 2927 esset

382 2963 751 3044 hujusmodi
792 2970 1086 3044 tempus3
1130 2963 1223 3025 sic
1266 2982 1471 3024 aevum
1523 2981 1639 3025 suo
1690 2964 1877 3026 modo

1987 1980 2350 2061 aliqualiter
2390 1980 2780 2062 compositus
2823 2000 2900 2043 ex
2931 1980 3202 2055 vicibuS,
3234 1988 3298 2042 et
3324 1980 3485 2043 divi-

1988 2078 2197 2140 sibilis
2229 2078 2295 2140 in
2334 2098 2460 2153 eaS,
2496 2079 2645 2140 licet
2681 2078 2808 2141 alio
2849 2079 3038 2141 modo
3067 2078 3150 2139 sit
3187 2078 3482 2161 simplex,

1987 2176 2284 2245 videlicet
2314 2177 2379 2238 in
2411 2183 2717 2260 quantum
2757 2184 2855 2239 est
2885 2196 3184 2239 mensura
3223 2176 3486 2239 invaria-

1987 2274 2136 2336 bilis
2168 2276 2571 2338 esse.AEvum
2601 2275 2774 2337 enim
2810 2282 3212 2357 comparatur
3239 2275 3315 2336 ad
3346 2276 3487 2338 aevi-

1985 2380 2238 2435 ternum
2273 2380 2341 2434 ut
2372 2392 2669 2436 mensura
2692 2374 2948 2457 propria
2978 2382 3040 2436 et
3065 2374 3390 2455 adaequata
3417 2374 3483 2437 in

1988 2471 2176 2533 modo
2206 2471 2457 2533 essendi
2489 2488 2501 2533 :
2535 2472 2837 2552 quoniam
2870 2472 3032 2533 sicut
3064 2471 3364 2533 aeviterna
3393 2490 3484 2533 se-

1988 2570 2269 2631 cundum
2301 2570 2365 2631 id
2397 2570 2565 2651 quod
2598 2578 2767 2644 sunt,
2792 2578 2959 2632 stant
2988 2569 3204 2643 simul,
3229 2571 3338 2632 sed
3369 2587 3485 2632 suo

1989 2685 2174 2749 posse
2212 2676 2274 2729 et
2313 2687 2496 2749 agere
2537 2686 2664 2731 non
2703 2676 2852 2730 sunt
2890 2668 3119 2746 simu13
3153 2668 3240 2731 ita
3275 2687 3484 2731 aevum

1988 2772 2083 2827 est
2114 2786 2416 2829 mensura
2446 2786 2586 2848 quae
2615 2768 2965 2830 secundum
3001 2766 3243 2848 aliquid
3278 2774 3375 2828 est
3403 2766 3483 2829 si-

1988 2865 2146 2937 mul,
2181 2872 2244 2926 et
2283 2865 2636 2927 secundum
2674 2863 2915 2946 aliquid
2959 2883 3084 2927 non
3129 2872 3224 2927 est
3267 2864 3480 2927 simul.

1983 2998 2067 3007 —-
2095 2964 2239 3026 Haec
2271 2963 2618 3026 Udalricus.
2645 2962 2841 3042 Cujus
2873 2962 3105 3043 positio
3139 2963 3206 3024 in
3236 2962 3356 3025 hoc
3385 2963 3488 3025 de-

382 3062 555 3123 omni
597 3060 870 3142 tempori
914 3060 1238 3123 coexsistit
1275 3068 1339 3121 et
1385 3060 1543 3122 illud
1582 3060 1873 3135 includit,
1914 3060 1959 3123 C
1986 3062 2146 3134 ficit,
2185 3062 2353 3143 quod
2393 3062 2573 3143 ponit
2602 3081 2808 3124 aevum
2844 3060 2908 3121 in
2939 3079 3007 3123 se
3039 3060 3362 3123 includere
3393 3062 3484 3123 vi-

383 3166 443 3220 et
471 3177 681 3221 aevum
712 3176 841 3240 quo
868 3157 1081 3221 anima
1110 3158 1168 3220 S.
1203 3158 1367 3219 Petri
1400 3157 1523 3220 fuit
1557 3159 1621 3219 in
1651 3158 1873 3238 gloria,

384 3256 763 3320 diuturniori
795 3256 1112 3319 coexstitit
1142 3258 1413 3338 tempori
1444 3275 1634 3338 quam
1668 3276 1873 3320 aevum

388 3373 509 3437 quo
546 3355 761 3417 anima
800 3355 859 3417 S.
894 3354 1212 3416 Francisci
1256 3353 1379 3416 fuit
1422 3355 1485 3415 in
1530 3354 1751 3435 gloria,
1786 3374 1877 3417 se-

388 3454 663 3517 cundum
698 3453 862 3535 quod
893 3472 1099 3516 aevum
1131 3452 1393 3535 respicit
1422 3452 1690 3514 animam
1718 3452 1871 3533 ejus.

462 3553 731 3615 Thomas
781 3569 1035 3634 quoque
1083 3552 1161 3613 de
1198 3548 1542 3631 Argentina
1588 3558 1874 3625 testatur,

390 3652 551 3733 quod
583 3651 647 3713 in
688 3650 931 3731 angelis
970 3649 1052 3711 sit
1092 3650 1467 3712 invariabile
1505 3668 1643 3711 esse
1673 3657 1877 3712 totum

390 3749 597 3823 simul,
631 3748 927 3830 quamvis
966 3748 1049 3809 sit
1088 3748 1152 3809 in
1194 3748 1285 3809 eis
1325 3748 1783 3811 revelationum
1814 3756 1879 3809 et

388 3848 803 3929 quorumdam
844 3846 1221 3927 gaudiorum
1268 3848 1605 3909 successio,

460 4045 774 4119 Quaeritur
802 4044 997 4106 etiam
1025 4044 1151 4117 hic,
1188 4044 1407 4106 Utrum
1445 4062 1617 4106 nunc
1648 4043 1763 4106 aevi
1796 4044 1877 4105 sit

391 4144 553 4206 idem
596 4144 766 4225 quod
813 4161 1041 4205 aevum.

1986 3180 2113 3233 ceS‚
2144 3167 2207 3222 et
2240 3160 2416 3242 prius
2447 3159 2891 3241 posteriusque
2922 3158 3156 3220 habere
3190 3177 3204 3219 :
3238 3166 3300 3221 et
3330 3177 3483 3241 quo·

1989 3258 2161 3320 niam
2195 3257 2282 3319 ita
2310 3258 2517 3333 sentit,
2534 3264 2996 3337 consequenter
3019 3256 3241 3319 habuit
3273 3256 3482 3320 dicere

1989 3356 2156 3439 quod
2198 3374 2369 3417 nunc
2410 3355 2525 3417 aevi
2567 3354 2786 3417 differt
2825 3374 2892 3417 re
2932 3354 3011 3417 ab
3050 3372 3202 3418 aevo,
3248 3355 3481 3428 Quum-

1988 3472 2113 3536 que
2169 3453 2351 3533 juxta
2409 3452 2755 3534 praehabita
2811 3472 3018 3515 aevum
3079 3470 3206 3515 non
3257 3453 3482 3516 habeat

1987 3552 2157 3613 vices
2201 3570 2408 3632 neque
2447 3551 2940 3626 successionem,
2976 3551 3184 3633 aptius
3224 3552 3478 3625 dicitur,

1987 3650 2154 3731 quod
2189 3668 2359 3711 nunc
2389 3649 2508 3711 aevi
2539 3666 2666 3711 non
2699 3649 2919 3711 differt
2944 3649 3025 3712 ab
3054 3667 3189 3712 aevo
3220 3650 3483 3712 realiter.

2064 3747 2360 3809 Albertus
2393 3748 2654 3808 demum
2690 3747 2851 3809 libro
2886 3748 2962 3809 de
2993 3747 3069 3809 IV
3102 3747 3485 3829 Coaequaevis

1985 3845 2343 3908 sciscitatur
2389 3846 2466 3906 de
2515 3864 2692 3905 mmo
2740 3844 2880 3918 aevi,
2921 3852 2984 3907 et
3032 3848 3294 3925 quando
3341 3845 3482 3919 aevi,

1985 3951 2047 4006 et
2078 3944 2254 4017 dicit,
2280 3943 2448 4024 quod
2481 3962 2651 4004 nunc
2681 3943 2799 4004 aevi
2832 3942 3049 4005 differt
3079 3942 3159 4004 ab
3191 3960 3327 4006 aevo
3357 3960 3484 4005 non

1985 4042 2051 4103 in
2108 4041 2484 4113 substantia,
2536 4041 2646 4102 sed
2701 4041 2767 4101 in
2820 4059 2977 4102 esse.
3037 4040 3187 4102 Esse
3245 4039 3481 4102 etenim

1984 4140 2101 4203 aevi
2139 4147 2236 4201 est
2279 4140 2341 4200 in
2381 4145 2510 4200 tota
2549 4138 2879 4200 duratione
2913 4137 3107 4199 simul
3148 4147 3479 4218 manente3

459 4242 815 4324 Respondet
859 4240 1193 4302 Durandus
1235 4240 1477 4302 clarum
1520 4258 1657 4302 esse
1706 4242 1873 4322 quod
1906 4244 1955 4305 D
1985 4239 2094 4301 sed
2128 4257 2296 4299 nunc
2329 4243 2732 4317 comparatur
2759 4237 2835 4299 ad
2878 4236 3089 4317 ipsum
3123 4236 3358 4299 durans
3388 4256 3480 4300 se-

388 4340 493 4413 sic,
524 4339 828 4421 quoniam
862 4339 925 4399 in
967 4338 1298 4400 duratione
1341 4337 1713 4399 indivisibili
1747 4357 1874 4401 non

386 4438 651 4501 habente
691 4436 755 4497 in
796 4454 865 4498 se
903 4436 1339 4515 extensionem
1379 4454 1586 4518 neque
1627 4455 1874 4499 succes-

388 4537 645 4608 sionem,
678 4541 1006 4616 nequeunt
1045 4534 1307 4596 differre
1345 4534 1598 4596 realiter
1627 4536 1874 4598 duratio

386 4642 443 4695 et
489 4652 661 4695 nunc
714 4632 1087 4694 durationis,
1140 4632 1401 4704 RursuS,
1456 4651 1767 4695 mensurae
1813 4642 1875 4694 et

386 4732 743 4793 durationes
782 4727 1155 4791 differentes
1196 4728 1469 4803 realiter,
1503 4738 1652 4792 sunt
1695 4732 1876 4822 dura-

387 4830 583 4893 tiones
626 4848 741 4891 seu
784 4846 1099 4890 mensurae
1136 4846 1350 4889 rerum
1396 4828 1647 4890 realiter
1689 4828 1876 4891 diffe-

387 4928 677 4990 rentium.
713 4926 835 4989 Sed
875 4926 941 4987 in
973 4926 1275 4988 aeviterno
1315 4944 1442 4987 non
1481 4935 1630 4989 sunt
1663 4928 1876 5009 aliqua

388 5026 633 5087 realiter
664 5023 1032 5086 differentia
1071 5024 1306 5105 quibus
1345 5025 1877 5106 cor-respondeant

386 5142 583 5187 aevum
634 5129 698 5185 et
749 5140 921 5183 nune
968 5122 1087 5183 aevi
1122 5140 1135 5183 :
1171 5122 1304 5184 imo
1352 5142 1552 5184 unum
1597 5130 1660 5185 et
1708 5123 1876 5185 idem

389 5242 519 5286 esse
550 5220 763 5304 angeli
794 5228 889 5282 est
919 5222 1087 5302 quod
1120 5222 1570 5302 correspondet
1602 5222 1874 5302 utrique,

392 5320 575 5383 Porro
632 5318 967 5381 difficilior
1013 5319 1281 5400 quaestio
1336 5326 1452 5393 est,
1502 5338 1582 5381 an
1628 5320 1883 5382 realiter

1984 4337 2266 4399 cundum
2299 4335 2467 4416 quod
2509 4341 2604 4396 est
2641 4334 3034 4397 indivisibile
3076 4356 3274 4398 unum
3312 4353 3327 4398 ε
3361 4337 3478 4400 sie-

1985 4458 2109 4520 que
2140 4455 2265 4499 non
2299 4455 2364 4497 re
2395 4454 2506 4497 seu
2537 4434 2912 4507 substantia,
2945 4434 3055 4496 sed
3096 4436 3480 4517 proprietate

1984 4555 2097 4597 seu
2129 4533 2391 4606 ratione,
2426 4532 2725 4593 videntur
2756 4531 3037 4593 differre.
3061 4567 3144 4577 —·
3173 4533 3235 4595 Si
3267 4541 3480 4597 autem

1985 4640 2322 4715 quaeratur‚
2355 4650 2432 4693 an
2473 4649 2550 4691 ex
2588 4647 2724 4692 aevo
2763 4629 3146 4710 relinquitur
3175 4636 3484 4709 quando,-

1986 4730 2326 4794 dicendum
2369 4728 2539 4810 quod
2578 4728 2692 4799 sic,
2726 4728 2835 4789 sed
2877 4745 3005 4789 non
3043 4728 3482 4809 distinguibile

1987 4849 2101 4911 per
2130 4828 2522 4910 praeteritum
2563 4834 2624 4887 et
2663 4827 2976 4900 futurum,
3011 4826 3135 4887 nisi
3175 4826 3337 4889 forte
3370 4846 3484 4908 per

1986 4928 2301 4999 accidenS,
2353 4924 2599 4987 scilicet
2651 4944 2764 5005 per
2815 4924 3352 5006 comparationem
3404 4926 3482 4987 ad

1987 5034 2265 5107 tempus,
2328 5023 2432 5084 cui
2490 5022 2830 5084 coexsistit.
2894 5022 3070 5085 Unde
3128 5022 3402 5085 dicimus
3463 5040 3478 5085 ε

1987 5123 2248 5197 Quando
2305 5119 2565 5201 angelus
2623 5118 2764 5193 fuit,
2825 5128 2920 5181 est
2977 5120 3078 5182 vel
3139 5119 3276 5181 erit.
3337 5120 3480 5183 Haec

1988 5220 2286 5283 Albertus
2321 5236 2335 5280 :
2369 5218 2445 5280 de
2477 5216 2661 5296 cujus
2691 5216 2903 5279 verbis
2933 5218 3174 5280 dictum
3203 5225 3297 5281 est
3328 5237 3480 5300 pau-
3535 5254 3578 5295 p.
3601 5239 3734 5283 ime.

1993 5320 2054 5382 lo
2096 5324 2260 5381 ante,
