4334 6242
638 1966 790 2011 Eccle.
822 1980 851 2018 1,

598 2033 638 2081 9,
664 2034 729 2074 10.

618 3268 662 3309 p.
686 3256 751 3303 38.
770 3252 801 3295 Β
820 3253 863 3295 in

600 3318 699 3360 flue.

892 489 972 554 94
1576 509 1641 554 m
1682 509 1903 555 manvu
1944 508 1989 553 ιι
2032 506 2515 553 sumt-:munem
2561 524 2640 534 —-
2681 506 2835 553 ms‘r.
2883 507 2943 569 13
2987 506 3210 564 ouffisr.
3257 508 3318 553 vr

892 678 1091 740 ticum
1124 685 1187 740 et
1218 677 1582 740 obscurum.
1616 678 1743 740 Nec
1778 676 2235 740 inconveniens
2267 676 2392 738 for·
2419 676 2470 739 A
2500 676 2771 758 privatio
2820 676 3110 739 nominet
3156 677 3513 759 appetitum
3573 677 3796 740 formae
3858 695 4010 738 cum

891 776 1057 838 sitan
1099 783 1285 849 esset,
1320 776 1372 838 si
1415 777 1796 838 concedatur
1838 776 2010 837 Plato
2049 776 2126 837 de
2168 774 2285 836 hac
2326 793 2392 836 re

893 876 959 936 in
1019 875 1287 936 diversis
1346 875 1478 937 suis
1537 874 1909 936 tractatibus
1967 873 2392 936 diversimode

891 973 1187 1054 opinatus
1242 990 1255 1033 ε
1310 974 1476 1054 quod
1527 980 1591 1034 et
1640 972 2006 1034 doctoribus
2062 971 2391 1033 catholicis

893 1071 1233 1151 aliquando
1273 1072 1559 1133 noscitur
1590 1070 1655 1131 in
1686 1070 2071 1152 quibusdam
2110 1068 2392 1131 materiis

892 1169 1253 1250 contigisse.
1290 1204 1369 1213 —
1407 1169 1858 1230 Verumtamen
1905 1169 2075 1249 quod
2118 1168 2196 1229 de
2242 1186 2394 1249 prae-

894 1266 1020 1329 fata
1051 1266 1464 1329 circulatione
1495 1266 1689 1329 refert
1718 1266 2039 1340 AlbertuS,
2072 1266 2244 1327 Plato
2275 1265 2395 1326 uti-

892 1383 1017 1446 que
1066 1371 1361 1427 censetur
1409 1365 1705 1437 sensisse,
1752 1383 1951 1445 quum
2000 1364 2393 1445 Augustinus

893 1464 959 1524 in
1004 1464 1168 1526 libro
1211 1464 1288 1525 de
1336 1463 1601 1526 Civitate
1652 1463 1761 1524 Dei
1812 1463 1934 1525 hoc
1982 1462 2273 1535 fateatur,
2309 1462 2395 1523 ita

894 1562 1064 1644 quod
1108 1561 1365 1624 infinita
1408 1562 1641 1624 saecula
1682 1580 1796 1623 seu
1848 1561 2091 1643 periodi
2135 1580 2392 1642 genera-

895 1661 1141 1722 tionum
1192 1668 1653 1742 praecesserunt
1703 1661 1874 1722 hunc
1927 1661 2260 1733 mundum,
2302 1679 2394 1722 se-

893 1760 1179 1821 cundum
1236 1759 1577 1821 Platonem.
1634 1759 1807 1832 Quod
1854 1766 1911 1820 et
1964 1758 2071 1820 alii
2131 1758 2391 1838 quidam

894 1866 1250 1932 senserunt,
1275 1875 1350 1919 eo
1382 1858 1551 1939 quod
1582 1858 1877 1920 Salomon
1914 1857 1979 1918 in
2012 1857 2392 1919 Ecclesiaste
2428 1857 2475 1919 B
2505 1855 2594 1917 rei
2649 1855 2903 1917 mobilis

895 1957 1143 2018 locutus
1192 1956 1275 2018 sit
1327 1974 1340 2017 ε
1391 1956 1550 2029 Quid
1600 1963 1697 2017 est
1744 1957 1911 2038 quod
1962 1956 2128 2018 fuit?
2174 1956 2389 2037 ipsum

893 2056 1061 2137 quod
1088 2054 1401 2117 -futurum
1446 2062 1558 2116 est..
1595 2054 1755 2127 Quid
1799 2063 1894 2116 est
1938 2054 2106 2135 quod
2151 2053 2392 2115 factum

890 2158 1026 2216 est?
1057 2155 1273 2235 ipsum
1304 2154 1473 2235 quod
1515 2151 1879 2215 faciendum
1920 2160 2032 2214 est.
2067 2152 2239 2215 Nihil
2273 2151 2392 2213 sub

892 2253 1024 2315 sole
1072 2270 1333 2325 novum,
1382 2272 1499 2314 nec
1548 2251 1716 2313 valet
1764 2252 2105 2333 quisquam
2154 2252 2389 2322 dicere,

891 2350 1053 2413 Ecce
1084 2351 1203 2414 hoc
1244 2368 1466 2412 recens
1505 2358 1602 2411 est
1636 2368 1649 2411 ε
1682 2349 1813 2431 jam
1852 2350 2026 2412 enim
2069 2348 2394 2431 praecessit

891 2450 958 2510 in
988 2449 1238 2512 saeculis
1270 2468 1411 2530 quae
1452 2448 1709 2511 fuerunt
1752 2457 1896 2510 ante
1939 2466 2072 2511 nos.
2110 2448 2184 2509 Et
2217 2446 2394 2509 forsi-

888 2557 999 2609 tan
1037 2567 1113 2611 ex
1156 2547 1259 2610 his
1300 2547 1514 2609 verbis
1556 2547 1730 2609 Plato
1775 2566 1905 2610 suae
1945 2547 2221 2628 sumpsit
2259 2545 2394 2626 opi-

890 2646 1101 2709 nionis
1162 2646 1459 2708 radicem.
1514 2645 1843 2726 Siquidem
1903 2644 2100 2707 libros
2160 2644 2393 2706 veteris

892 2743 1275 2807 Testamenti
1336 2743 1615 2805 creditur
1669 2742 1842 2805 Plato
1901 2742 2151 2823 legisse,
2205 2748 2394 2823 prout

892 2844 1026 2906 haec
1070 2843 1636 2927 opportunioribus
1683 2842 1838 2905 locis
1882 2840 2188 2904 diffusius
2237 2840 2394 2902 refe-

894 2951 1133 3004 rentur.

973 3139 1277 3203 Praeterea
1316 3140 1642 3222 quaeritur‚
1677 3140 2001 3214 Quomodo
2044 3156 2267 3200 verum
2312 3137 2394 3199 sit

894 3239 1063 3321 quod
1112 3239 1406 3319 Magister
1452 3238 1539 3300 ait
1590 3238 1653 3299 in
1710 3238 1937 3311 littera,
1989 3236 2392 3299 Aristotelem

895 3336 1183 3419 posuisse
1240 3337 1368 3399 duo
1424 3336 1741 3418 principia
1796 3354 2033 3409 rerum,
2094 3333 2396 3397 videlicet

894 3435 1225 3497 materiam
1264 3443 1327 3497 et
1366 3434 1669 3531 speciem,
1706 3435 1766 3495 id
1808 3442 1904 3496 est.
1938 3434 2207 3497 formam
2251 3431 2395 3493 sub-

892 3532 1275 3607 stantialem,
1298 3541 1362 3595 et
1393 3534 1648 3595 tertium
1678 3532 2018 3605 addidisse,
2054 3532 2224 3613 quod
2253 3548 2397 3612 ope-

892 3632 1197 3694 ratorium
1226 3631 1591 3714 appellavit.
1610 3631 1851 3715 Nempe
1882 3631 2234 3692 secundum
2265 3629 2396 3691 Ari-

892 3730 1209 3803 stotelem,
1242 3737 1389 3791 sunt
1418 3736 1690 3811 quatuor
1729 3748 1935 3791 causae
1976 3746 2212 3801 rerum,
2245 3745 2394 3807 ergo

892 3835 955 3889 et.
986 3834 1255 3910 quatuor
1294 3828 1633 3910 principia,
1669 3847 1867 3909 quum
1911 3845 2100 3888 causa
2130 3833 2193 3887 et
2224 3825 2394 3907 prin-

892 3928 1136 4010 cipium
1186 3928 1355 3990 idem
1414 3927 1559 3989 sint.
1616 3927 1927 4000 Secundo,
1981 3926 2198 3988 multae
2245 3932 2395 3987 sunt

2499 774 2639 855 ejus
2679 776 2979 850 carentia,
3013 776 3148 837 sive
3179 776 3521 838 essentiam
3561 775 3784 838 formae
3817 783 4012 857 prout

2499 881 2594 934 est
2654 873 3082 955 potentialiter
3139 874 3203 935 in
3264 876 3547 947 materia,
3599 892 3722 937 non
3787 872 4014 935 differt

2501 971 2754 1033 realiter
2783 972 2863 1033 ab
2895 972 2994 1033 his
3026 972 3295 1034 duobus.
3333 973 3670 1055 Appetitus
3707 973 3894 1034 enim
3933 971 4012 1032 ad

2503 1070 2834 1131 materiam
2877 1070 3224 1144 reducitur,
3257 1088 3376 1132 nec
3417 1070 3592 1133 aliud
3633 1080 3729 1133 est
3766 1070 3856 1131 ab
3898 1087 4011 1146 ea;

2501 1168 2775 1229 essentia
2804 1186 2955 1230 vero
2986 1167 3228 1242 formae,
3262 1168 3341 1230 ad
3372 1167 3674 1250 speciem.
3709 1167 3829 1229 Per
3861 1184 4012 1248 ope-

2503 1266 2804 1327 ratorium
2839 1283 2988 1328 vero
3030 1266 3423 1347 principium
3461 1266 3697 1348 accipit
3727 1266 4013 1347 primam

2503 1382 2756 1426 causam
2793 1384 2906 1427 seu
2941 1365 3222 1447 primum
3266 1372 3594 1427 motorem.
3631 1366 3776 1427 Haec
3809 1364 4014 1426 Bona-

2503 1471 2788 1524 ventura.

2583 1560 2878 1623 Albertus
2927 1553 3181 1643 quoque
3227 1581 3240 1625 :
3289 1561 3651 1624 Secundum
3700 1561 4014 1623 Aristote-

2505 1658 2652 1732 lem,
2687 1660 2917 1741 inquit,
2951 1660 3077 1722 duo
3107 1668 3254 1721 sunt
3287 1659 3606 1742 principia
3635 1660 3806 1721 entis
3839 1678 4014 1722 com-

2504 1757 2716 1838 positi,
2760 1758 2880 1818 tria
2923 1776 3072 1819 vero
3119 1765 3267 1819 sunt
3316 1757 3634 1840 principia
3681 1766 3900 1819 motus
3952 1766 4016 1818 et

2954 1876 2969 1919 z
3021 1856 3172 1938 quia
3223 1857 3484 1919 materia
3531 1857 3893 1918 secundum
3945 1874 4014 1917 se

2503 1953 2640 2015 sine
2686 1954 3038 2035 privatione
3083 1972 3210 2016 non
3255 1954 3597 2036 subjicitur
3641 1955 4008 2017 mutationi.

2501 2052 2674 2113 Patet
2716 2053 2892 2126 item,
2926 2053 3096 2135 quod
3133 2054 3260 2115 duo
3298 2060 3542 2115 tantum
3588 2062 3736 2115 sunt
3783 2072 4014 2119 nume-

2502 2168 2594 2223 ro,
2645 2150 2888 2213 scilicet
2949 2152 3213 2213 materia
3269 2159 3332 2214 et
3380 2150 3622 2230 forma;
3673 2152 3795 2214 tria
3857 2170 4015 2214 vero

2502 2250 2855 2311 secundum
2887 2252 3196 2312 rationem
3235 2267 3248 2311 :
3284 2251 3434 2331 quia
3463 2250 3736 2332 privatio
3767 2250 3860 2311 nil
3900 2270 4016 2312 nu-

2505 2365 2679 2409 mero
2719 2348 2894 2410 addit
2921 2368 3114 2431 super
3154 2349 3484 2410 materiam
3525 2350 3692 2430 quod
3735 2350 3821 2411 sit.
3859 2358 4014 2411 actu

2503 2465 2637 2519 enS,
2671 2446 2793 2508 nisi
2831 2448 3141 2509 rationem
3178 2447 3586 2510 informitatis
3623 2446 4008 2510 formabilis

2935 2773 3404 2847 QUAESTIO
3472 2772 3581 2835 VI

2429 3044 2472 3107 G
2627 3037 2783 3099 Exto
2823 3037 3264 3119 principaliter
3299 3035 3627 3118 quaeritur,
3660 3037 3790 3103 An
3831 3040 4014 3104 tan-

2653 3138 2827 3201 tum
2867 3137 2980 3202 sit
3023 3151 3229 3203 unus
3268 3136 3638 3202 mundus.

2583 3234 2846 3296 Videtur
2891 3236 3062 3316 quod
3111 3252 3257 3297 non.
3302 3234 3532 3307 Prim0,
3575 3234 3725 3315 quia
3769 3234 3852 3295 ad
3908 3254 4017 3296 ex—

2506 3332 2866 3394 cellentiam
2901 3331 3012 3394 Dei
3045 3332 3362 3414 pertinere
3394 3332 3647 3394 videtur
3678 3339 3748 3393 ut
3775 3331 4018 3394 habeat

2506 3431 2690 3513 plura
2719 3449 2927 3512 regna.
2963 3432 3166 3505 Quum
3211 3432 3406 3511 igitur
3437 3431 3713 3493 mundus
3744 3430 3828 3491 sit
3858 3450 4018 3512 qua-

2506 3529 2560 3591 si
2593 3548 2858 3611 regnum
2887 3548 2961 3591 ac
2993 3530 3166 3611 regio
3205 3529 3338 3603 Dei,
3372 3529 3626 3592 videtur
3655 3529 3823 3610 quod
3867 3529 4016 3610 plu-

2506 3646 2604 3689 res
2636 3636 2784 3689 sunt
2816 3628 3056 3689 mundi.
3092 3663 3172 3672 —
3199 3627 3510 3700 Secund0‚
3543 3626 4020 3708 omnipotentia

2507 3726 2618 3788 Dei
2663 3725 3228 3787 innumerabilium
3274 3732 3368 3787 est
3408 3725 3782 3807 productiva
3823 3743 4022 3785 mun-

2505 3825 2732 3886 dorum
2774 3844 2787 3887 :
2829 3842 2976 3905 ergo
3021 3842 3147 3886 non
3191 3824 3370 3885 decet
3414 3842 3552 3885 eam
3595 3822 3784 3883 unius
3827 3842 4020 3884 mun-

2505 3924 2565 3984 di
2612 3922 3026 4005 productione
3065 3941 3203 3984 esse
3247 3929 3627 3984 contentam.
3663 3956 3744 3966 —
3770 3920 4014 3995 Terti0,

4268 419 4278 490 —-
4264 307 4277 404 ,-

891 4046 991 4089 res
1042 4027 1108 4088 in
1165 4026 1399 4108 quibus
1458 4044 1584 4087 non
1644 4033 1741 4087 est
1789 4024 2073 4095 materia,
2127 4032 2196 4085 ut
2245 4023 2394 4085 sub·
2507 4020 2792 4083 Christus
2821 4021 3091 4082 asseruit
3125 4021 3458 4101 :Regnum
3503 4037 3716 4081 meum
3749 4034 3878 4081 non
3911 4026 4018 4081 est
4047 4036 4290 4081 amum.

891 4125 1137 4187 stantiae
1167 4132 1488 4206 separatae.
1524 4123 1755 4196 Tertio,
1789 4123 1941 4204 quia
1975 4121 2394 4202 Philosophus
2506 4121 2584 4182 de
2630 4120 2747 4181 hoc
2795 4119 3051 4181 mundo.
4048 4100 4117 4140 ³⁶·

893 4223 1103 4304 primo
1148 4221 1557 4304 Physicorum
1611 4222 1793 4303 ponit
1840 4221 1961 4282 tria
2008 4219 2394 4282 naturalium
2427 4223 2475 4285 D
2576 4218 2645 4279 ln
2670 4216 3035 4299 oppositum
3066 4224 3162 4279 est
3184 4216 3524 4297 Scriptura,
3539 4216 3825 4278 doctrina
3853 4234 4020 4297 quo-

894 4339 1109 4382 rerum
1171 4319 1506 4401 principia,
1564 4326 1804 4401 utpote,
1870 4318 2222 4389 materiam,
2274 4316 2398 4379 for-

898 4437 1089 4492 mam,
1133 4426 1197 4479 et
1241 4417 1661 4499 privationem
1706 4437 1719 4480 :
1764 4416 1999 4498 quibus
2040 4416 2094 4477 si
2130 4416 2399 4477 addatur

899 4516 1290 4598 principium
1340 4515 1793 4597 operatorium,
1844 4521 2031 4575 erunt
2081 4512 2399 4595 principia

896 4622 1187 4697 quatuor.
1230 4650 1311 4659 —
1349 4612 1661 4687 Quaeritur
1708 4630 1983 4693 quoque,
2018 4611 2173 4693 quid
2215 4620 2399 4673 vocet

894 4710 1327 4793 operatorium
1369 4709 1783 4793 principium.

976 4809 1157 4873 Circa
1198 4809 1333 4872 haec
1376 4808 1597 4869 scribit
1640 4807 2081 4869 Bonaventura
2112 4824 2127 4868 ε
2160 4807 2397 4870 Aristo-

897 4909 1055 4971 teles
1098 4907 1311 4990 posuit
1356 4907 1483 4968 duo
1527 4906 1873 4967 intrinseca
1918 4905 2256 4987 principia,
2301 4912 2397 4967 ut-

900 5015 1047 5089 pote
1099 5006 1426 5068 materiam
1477 5010 1539 5067 et
1588 5004 1895 5081 formam3
1940 5003 2200 5065 tertium
2249 5022 2399 5067 vero

898 5103 1290 5187 principium
1331 5104 1763 5165 extrinsecum
1800 5101 2197 5177 effectivum,
2228 5103 2399 5183 quod

899 5202 1229 5285 potissime
1276 5200 1435 5263 dixit
1487 5201 1707 5263 Deum.
1752 5198 2023 5261 Privatio
2072 5216 2223 5261 vero
2271 5218 2400 5262 non

897 5302 1116 5365 differt
1158 5322 1195 5364 a
1242 5300 1505 5364 materia
1545 5299 1648 5362 vel
1691 5318 1729 5361 a
1770 5297 1993 5360 forma.
2038 5298 2183 5361 Sive
2225 5298 2399 5360 enim

2505 4336 2630 4398 que
2672 4316 3028 4378 Aristotelis
3071 4332 3144 4377 ac
3188 4314 3479 4377 Platonis
3520 4313 3676 4376 Nam
3721 4321 3785 4375 et
3825 4332 4018 4377 mun-

2505 4415 2567 4476 di
2610 4415 2866 4477 nomine
2909 4413 3287 4475 universitas
3329 4430 3541 4474 rerum
3579 4412 3914 4494 accipitur.

2587 4611 2766 4674 Circa
2824 4612 2943 4673 hoc
3001 4611 3282 4693 loquitur
3326 4609 3682 4671 Alexander
3733 4626 3747 4669 :
3799 4608 4014 4671 Aliter

2507 4710 2782 4772 sumitur
2840 4729 3072 4780 unum,
3132 4710 3286 4771 dum
3349 4707 3604 4781 dicitur,
3669 4706 4015 4770 Sensibilis

2508 4810 2786 4871 mundus
2815 4815 2911 4870 est
2942 4825 3174 4886 unum;
3196 4816 3259 4868 et
3287 4826 3487 4888 quum
3517 4806 4020 4879 dicitur,Unum-

2507 4905 2804 4988 quodque
2835 4912 3117 4968 creatum
3149 4913 3244 4967 est.
3274 4923 3494 4966 unum.
3530 4904 3798 4965 Mundus
3827 4903 4016 4966 enim

2507 5004 2832 5067 sensibilis
2863 5005 3216 5066 secundum
3253 5004 3562 5065 rationem
3600 5001 3904 5073 universi,
3943 5002 4013 5064 id

2510 5109 2625 5174 est,
2679 5101 2745 5163 in
2804 5109 3114 5182 quantum
3165 5108 3426 5163 vocatur
3475 5100 3871 5171 universum,
3923 5098 4012 5161 ab

2511 5199 2750 5261 unitate
2783 5217 3014 5262 nomen
3045 5197 3313 5279 accepit,
3337 5198 3881 5279 quemadmodum
3913 5214 4013 5258 as-

2511 5297 2664 5359 serit
2708 5297 3100 5378 Augustinus
3151 5303 3368 5359 contra
3415 5294 3808 5357 ManichaeoS.
3861 5293 4014 5359 Haec
