4334 6242
595 2261 713 2317 ΟΜ).
724 2263 800 2304 258
809 2261 857 2305 C.

887 485 1007 548 260

1558 499 1622 547 m
1663 497 1881 546 Lunum
1925 487 1969 544 11
2010 492 2492 544 sunrfflmmma.
2537 513 2618 522 --
2661 495 2812 542 msr.
2861 495 2970 557 ¹¹¹3
3014 493 3236 551 onAEsr.
3283 492 3322 540 v

889 690 1006 734 suo
1043 679 1211 744 actu,
1246 678 1451 752 potest
1491 689 1638 732 cum
1677 688 1753 730 ea
1792 667 2069 750 perfecte
2106 685 2385 729 causare.
2419 665 2470 727 A
2502 666 2671 728 niam
2707 665 2854 727 licet
2889 665 3150 728 inferior
3177 665 3440 745 angelus
3479 663 3788 744 intelligat
3819 662 4004 743 quid-

892 770 1012 832 Sed
1044 769 1317 830 essentia
1346 767 1552 848 angeli
1585 774 1681 828 est
1708 767 1787 828 de
1817 784 1883 827 se
1915 765 1981 826 in
2012 772 2154 826 actu
2187 763 2394 846 primo

890 867 1423 948 correspondente
1464 864 1736 944 objecto,
1771 863 1920 946 quia
1959 863 2038 924 de
2067 881 2133 923 se
2174 869 2269 922 est
2297 880 2394 922 ac-

891 973 955 1026 tu
1001 963 1447 1045 intelligibilis,
1481 971 1669 1044 atque
1710 981 1787 1024 ex
1823 981 1889 1024 se
1930 961 2108 1022 unita
2150 959 2394 1021 intelle-

889 1064 1042 1138 ctui,
1076 1063 1241 1125 sicut
1272 1061 1620 1142 objectum,
1643 1061 1811 1142 quod
1844 1067 1939 1122 est
1968 1060 2165 1121 altera
2203 1077 2392 1119 causa

887 1162 1172 1244 partialis
1208 1179 1221 1223 :
1256 1178 1406 1241 ergo
1446 1165 1651 1241 potest
1683 1158 2047 1220 immediate
2090 1176 2238 1218 cum
2268 1156 2392 1216 alia

886 1278 1075 1322 causa
1124 1259 1375 1341 partiali
1420 1259 1619 1330 unita,
1652 1257 1886 1318 habere
1928 1263 2139 1316 actum
2185 1252 2390 1336 perfe-

887 1365 1060 1420 ctum
1094 1356 1542 1420 intellectionis
1582 1362 1874 1436 respectu
1917 1373 2047 1416 suae
2076 1351 2384 1414 essentiae.

884 1491 965 1501 —
1014 1457 1155 1519 Haec
1207 1455 1454 1526 Scotus‚
1507 1453 1616 1535 q‘ui
1678 1453 1741 1513 in
1793 1452 1891 1513 his
1952 1450 2390 1513 rationabilius

885 1553 1157 1615 Henrico
1201 1551 1375 1633 loqui
1418 1551 1687 1612 videtur.

966 1652 1233 1732 Insuper
1282 1649 1509 1731 quaerit
1567 1648 1811 1720 ScotuS,
1865 1655 2079 1708 utrum
2138 1647 2218 1707 ad
2269 1647 2389 1707 boc

887 1749 1057 1831 quod
1105 1747 1367 1828 angelus
1411 1746 1708 1808 distincte
1752 1751 2086 1825 cognoscat
2137 1744 2387 1825 quiddi-

2499 764 2724 826 ditates
2755 765 3036 826 diversas
3069 785 3182 845 per
3207 765 3418 846 plures
3452 762 3722 824 rationes
3753 779 4008 823 noscen-

2500 862 2587 937 di,
2621 863 2912 945 superior
2941 870 3152 924 tamen
3185 862 3348 923 bene
3381 869 3586 943 potest
3621 877 4004 940 cognoscere

2500 980 2615 1042 per
2646 981 2835 1023 unam
2867 962 3146 1043 aliquam
3189 961 3522 1033 rationem,
3547 967 3736 1041 prout
3765 958 4004 1020 duode-

2501 1059 2670 1120 cimo
2693 1059 3008 1139 Angelicae
3039 1059 3410 1121 hierarchiae
3440 1057 3691 1119 divinus
3723 1056 4007 1138 Dionysi—

2501 1175 2574 1216 us
2607 1157 2846 1239 probat,
2865 1159 3030 1239 quod
3060 1158 3266 1238 angeli
3299 1158 3649 1240 superiores
3681 1157 4006 1218 universa-

2501 1254 2723 1317 liorem
2765 1255 2999 1317 habent
3033 1256 3367 1318 scientiam
3412 1274 3598 1337 quam
3638 1253 3998 1317 inferiores,

2498 1389 2578 1398 -
2617 1353 2759 1415 Haec
2804 1354 3022 1435 opinio
3072 1372 3218 1416 cum
3271 1354 3652 1435 praecedenti
3697 1352 4005 1416 coincidit

2501 1451 2566 1513 in
2613 1452 2754 1524 hoc,
2788 1453 2958 1533 quod
3007 1453 3173 1515 sicut
3224 1453 3333 1514 illa
3381 1453 3744 1534 praecedens
3795 1451 4000 1533 ponit,

2500 1550 2668 1631 quod
2733 1549 3004 1613 infinitae
3061 1551 3447 1632 quidditates
3507 1550 3802 1630 cognosci
3859 1567 4002 1632 pos-

2500 1654 2648 1708 sunt
2707 1665 2822 1729 per
2875 1646 3136 1708 unicum
3197 1647 3509 1722 habitum,
3560 1655 3871 1728 quantum
3923 1666 4004 1708 ex

2501 1752 2677 1825 parte
2730 1744 2930 1825 ipsius
2979 1752 3074 1806 est
3125 1761 3138 1806 :
3185 1745 3278 1805 sic
3330 1745 3449 1806 ista
3497 1762 3732 1826 ponere
3783 1744 4000 1813 habet,

886 1855 1046 1909 tates
1078 1854 1317 1907 creatas
1346 1844 1501 1907 alias
1532 1863 1569 1906 a
1599 1862 1687 1916 se,
1722 1843 2079 1905 necessario
2109 1842 2387 1923 requira-
2424 1847 2471 1908 Β
2501 1842 2669 1922 quod
2705 1842 2766 1903 in
2810 1860 2936 1904 uno
2975 1861 3086 1904 seu
3129 1862 3382 1905 summo
3411 1843 3626 1925 aliquo
3663 1843 3890 1922 angelo
3919 1843 4003 1904 sit

888 1953 993 2006 tur
1022 1944 1190 2027 quod
1231 1942 1459 2004 habeat
1500 1941 1787 2023 proprias
1821 1959 1895 2002 ac
1935 1939 2266 2001 distinctas
2296 1959 2388 2000 ra-

887 2042 1091 2105 tiones
1122 2038 1542 2122 cognoscendi
1576 2039 1733 2101 illas.
1768 2037 2072 2111 Quocirca
2103 2037 2294 2099 refert
2325 2044 2388 2098 et

890 2143 1221 2223 impugnat
1264 2139 1632 2221 opinionem
1672 2137 1925 2199 Henrici
1962 2153 1976 2196 :
2012 2135 2384 2205 Gandensis‚

889 2239 1207 2321 inquienS,
1264 2237 1640 2310 Quodlibeto
1696 2235 1921 2317 quinto
1979 2233 2154 2306 dicit,
2217 2232 2386 2314 quod

886 2337 1149 2419 angelus
1198 2334 1523 2416 cognoscit
1571 2353 1793 2397 omnes
1843 2332 2228 2414 quidditates
2276 2349 2389 2412 per

886 2454 1087 2498 unum
1119 2434 1410 2496 habitum
1448 2432 1863 2495 scientialem.
1898 2430 2053 2493 Nam
2090 2429 2386 2511 quamvis

885 2533 1140 2596 habitus
1185 2532 1292 2594 ille
1338 2532 1419 2593 sit
1466 2531 1529 2592 in
1576 2529 1900 2592 intellectu
1946 2535 2017 2590 ut
2066 2527 2271 2590 forma
2321 2527 2385 2588 in

884 2631 1197 2712 subjecto,
1238 2638 1450 2692 tamen
1498 2629 1822 2708 objectum
1873 2644 2000 2688 non
2050 2633 2144 2686 est
2195 2625 2259 2686 in
2311 2643 2385 2687 eo

884 2729 1008 2791 nisi
1039 2729 1354 2809 objective
1395 2726 1735 2809 splendens
1779 2725 1843 2786 in
1879 2724 2121 2786 habitu.
2157 2724 2384 2796 Quam-

883 2827 980 2889 vis
1020 2826 1193 2888 enim
1234 2824 1489 2886 habitus
1532 2823 1639 2885 ille
1684 2823 1765 2884 sit
1808 2823 1885 2884 de
1924 2822 2133 2903 prima
2172 2821 2384 2902 specie

881 2925 1227 3006 qualitatiS,
1281 2931 1491 2984 tamen
1552 2940 1744 3003 super
1794 2921 1996 3002 ipsam
2050 2919 2380 2981 scientiam

2501 1959 2627 2001 una
2665 1941 2822 2002 ratio
2867 1950 3326 2022 repraesentans
3361 1942 3596 2014 omnia,
3631 1949 3694 2002 et
3733 1959 3862 2002 non
3908 1948 4002 2002 tot

2499 2037 2884 2119 quidditates
2930 2038 3085 2119 quin
3127 2038 3379 2120 plures3
3410 2047 3520 2100 aut
3562 2040 3785 2101 saltem
3827 2039 4000 2120 quod

2501 2154 2834 2217 perpaucae
2873 2137 3149 2198 rationes
3190 2155 3301 2199 seu
3345 2138 3593 2219 species
3633 2138 3760 2199 sint
3803 2137 3868 2199 in
3899 2155 3994 2199 eo,

2581 2234 2699 2295 Sed
2751 2234 2885 2297 haec
2936 2235 3153 2316 opinio
3203 2241 3366 2297 stare
3417 2253 3542 2298 non
3593 2236 3759 2297 valet
3799 2253 3814 2296 :
3849 2253 4002 2317 quo-

2497 2331 2672 2394 niam
2713 2333 2922 2394 omnis
2964 2351 3090 2394 una
3131 2333 3290 2394 ratio
3328 2333 3773 2414 cognoscendi,
3808 2332 4002 2395 habet

2499 2448 2696 2490 unum
2750 2429 3074 2510 objectum
3119 2431 3518 2512 adaequatum
3568 2431 3715 2504 sibi,
3756 2431 3822 2492 in
3871 2449 4000 2512 quo

2499 2526 2914 2589 includuntur
2953 2528 3234 2610 perfecte
3273 2529 3489 2590 omnia
3533 2548 3647 2611 per
3691 2529 3856 2591 hanc
3903 2549 3997 2591 ra-

2497 2625 2733 2687 tionem
2790 2625 3264 2706 cognoscibilia.
3310 2627 3430 2688 Sed
3480 2627 3614 2690 haec
3663 2626 3823 2690 ratio
3874 2647 3999 2689 una

2497 2742 2687 2804 quam
2737 2725 2916 2806 ponit.
2978 2732 3278 2806 praetacta
3335 2725 3576 2806 opinio,
3628 2743 3755 2788 non
3806 2725 3999 2788 habet

2493 2821 2815 2902 objectum
2847 2823 3100 2904 aliquod
3133 2823 3462 2885 includens
3492 2823 3850 2886 virtualiter
3876 2842 4001 2887 om-

2495 2938 2608 2981 nes
2648 2920 2804 2982 alias
2847 2922 3230 3003 quidditates
3271 2922 3623 2985 secundum
3660 2931 3857 2984 totam
3897 2941 4000 2985 co-

880 3021 1185 3084 fundatur
1223 3019 1578 3082 essentialis
1620 3026 1944 3100 respectus
1984 3018 2063 3079 ad
2102 3017 2330 3079 scibile
2365 3034 2379 3078 :
2421 3023 2465 3086 C
2496 3017 3032 3098 gnoscibilitatem
3077 3020 3380 3101 ipsarum.
3415 3021 3677 3082 Ponit-ur
3717 3039 3995 3102 namque

882 3120 992 3201 qui
1026 3127 1354 3200 respectus
1384 3117 1463 3179 ab
1494 3136 1569 3179 ea
1598 3116 1877 3198 separari
1916 3133 2041 3177 non
2073 3115 2261 3188 valet,
2299 3114 2384 3176 ita

879 3219 1049 3299 quod
1113 3217 1471 3279 intellectus
1522 3233 1747 3296 capere
1794 3233 1935 3275 eam
1994 3231 2121 3274 non
2177 3218 2384 3294 potest

880 3316 1001 3378 nisi
1050 3315 1360 3397 capiendo
1410 3313 1633 3376 scibile
1685 3319 1977 3394 respectu
2028 3310 2213 3392 cujus
2263 3319 2379 3384 est,

880 3423 1141 3496 propter
1174 3412 1527 3475 naturalem
1561 3410 1992 3491 colligantiam
2026 3408 2384 3472 correlatio-

880 3513 980 3574 nis
1030 3530 1223 3594 quam
1272 3509 1465 3572 habet
1521 3510 1597 3570 ad
1650 3509 1827 3570 illud.
1880 3543 1961 3552 —
2007 3508 2122 3569 Per
2179 3527 2381 3570 unum

880 3627 1135 3692 quoque
1177 3608 1467 3670 habitum
1507 3606 1901 3668 scientialem
1944 3613 2211 3688 possunt
2243 3606 2381 3688 plu-

878 3727 949 3769 ra
982 3706 1234 3786 objecta
1273 3724 1409 3767 esse
1449 3704 1785 3786 praesentia
1824 3705 2043 3778 menti,
2079 3704 2381 3786 quoniam

880 3805 1137 3867 habitus
1171 3804 1279 3866 ille
1309 3802 1664 3865 virtualiter
1694 3802 1975 3864 continet
2016 3802 2384 3882 intelligibi-

881 3905 965 3966 lia
1008 3904 1211 3966 multa
1258 3903 1427 3964 circa
1476 3920 1616 3983 quae
1665 3908 1953 3963 versatur
2000 3901 2286 3974 scientia,
2320 3908 2384 3963 et

881 4011 1055 4066 tanto
1083 4001 1415 4074 actualiu3‚
1450 4007 1686 4081 quanto
1725 3998 2078 4080 simplicior
2116 4007 2214 4060 est
2247 4015 2261 4060 t
2296 4000 2382 4060 ita

879 4102 1048 4184 quod
1098 4101 1150 4162 si
1196 4106 1409 4162 essent
1458 4097 1728 4160 infinitae
1778 4097 2023 4179 species
2070 4105 2382 4160 creatura-

2496 3116 2760 3197 praecise
2792 3116 3024 3179 habere
3056 3136 3173 3199 pro
3211 3117 3461 3198 objecto
3501 3127 3732 3180 cuncta
3761 3127 3992 3191 creata,

2495 3213 2798 3295 nullaque
2847 3223 3133 3276 creatura
3181 3217 3272 3277 sic
3315 3234 3537 3279 omnes
3588 3216 3876 3279 includit.
3915 3252 3996 3262 —

2492 3311 2651 3372 Hinc
2692 3313 2885 3375 etiam
2931 3313 3138 3394 prima
3179 3314 3400 3395 opinio
3441 3322 3539 3376 est
3583 3314 3816 3396 inepta.
3857 3315 3993 3378 Non

2493 3409 2663 3470 enim
2711 3410 2775 3470 in
2823 3428 2949 3473 uno
2992 3411 3213 3473 habitu
3259 3420 3524 3493 possunt
3574 3420 3700 3474 tam
3741 3413 3994 3475 diversa

2491 3513 2554 3567 et
2598 3507 2796 3568 multa
2841 3507 3139 3570 distincte
3181 3509 3484 3571 relucere.

2571 3605 2716 3667 Ideo
2760 3604 2924 3680 dico,
2958 3607 3128 3688 quod
3171 3607 3434 3687 angelus
3482 3608 3558 3669 ad
3609 3625 3992 3689 cognoscen-

2491 3701 2645 3764 dum
2685 3703 3016 3766 distinctas
3047 3705 3453 3786 quidditateS,
3487 3705 3676 3767 habet
3715 3706 3990 3768 rationes

2492 3801 2914 3880 cognoscendi
2963 3801 3310 3864 distinctas.
3345 3802 3545 3865 Habet
3587 3803 3758 3865 enim
3805 3804 3990 3868 ratio-

2491 3917 2604 3960 nes
2664 3899 3084 3980 cognoscendi
3145 3901 3298 3962 alias
3346 3901 3426 3963 ab
3478 3901 3634 3982 ipsis
3693 3903 3992 3966 essentiis

2491 3996 2783 4076 cognitiS,
2831 4006 3356 4079 repraesentantes
3403 4018 3509 4060 eas
3553 4017 3568 4060 ε
3610 4019 3752 4081 quae
3802 4001 3990 4063 ratio-

2489 4114 2603 4156 nes
2636 4113 2782 4157 vere
2812 4104 2877 4157 et
2915 4096 3171 4178 proprie
3210 4097 3512 4159 dicuntur
3553 4098 3991 4179 intelligibiles

880 4218 1045 4272 rum,
1080 4198 1310 4260 unicus
1351 4195 1606 4258 habitus
1648 4195 1763 4256 iste
1804 4194 2133 4257 sufficeret
2164 4196 2244 4256 ad
2288 4196 2378 4257 in·
2410 4197 2458 4258 D
2491 4193 2754 4274 species.
2791 4193 2869 4255 Et
2897 4193 2950 4256 si
2981 4193 3060 4257 ab
3091 4194 3415 4276 aliquibus
3447 4195 3860 4258 nominentur
3887 4198 3992 4260 ha-

876 4295 1295 4376 telligendum
1344 4293 1621 4366 easdem,
1662 4293 1855 4354 etiam
1897 4294 1991 4372 (in
2043 4293 2374 4356 infinitum

880 4392 1308 4476 procedendo)
1339 4410 1532 4453 unam
1565 4400 1705 4472 post
1735 4393 1923 4454 aliam
1950 4409 1965 4470 3
1997 4400 2060 4454 et
2090 4393 2212 4454 hoc
2243 4399 2378 4454 tan-

879 4500 944 4556 to
972 4491 1226 4554 facilius
1262 4497 1449 4571 atque
1494 4489 1821 4570 limpidius
1858 4490 2109 4570 singula
2144 4490 2378 4552 intelli-

876 4589 1103 4671 gendo,
1154 4596 1391 4670 quanto
1448 4585 1703 4649 habitus
1763 4587 1870 4649 ille
1926 4588 2125 4668 magis
2185 4588 2380 4650 fuerit

878 4686 1403 4749 indeterminatus
1456 4685 1519 4746 in
1569 4704 1683 4746 sua
1731 4691 1975 4758 natura,
2024 4686 2376 4749 secundum

877 4786 1045 4868 quod
1078 4784 1284 4865 angeli
1327 4783 1687 4865 superiores
1727 4781 2030 4844 dicuntur
2070 4784 2378 4865 intellige-

877 4901 945 4945 re
976 4901 1090 4964 per
1119 4881 1375 4945 habitus
1417 4881 1907 4943 universaliores
1938 4889 2000 4943 et
2035 4881 2382 4964 simplicio-

878 4999 979 5044 res
1026 4999 1218 5062 quam
1264 4978 1615 5043 inferiores

958 5080 1099 5142 Alia
1148 5079 1367 5161 opinio
1411 5079 1587 5152 dicit,
1625 5078 1795 5160 quod
1840 5095 1967 5141 non
2016 5086 2265 5161 oportet
2315 5079 2381 5144 in

878 5177 1103 5259 angelo
1150 5195 1385 5260 ponere
1430 5177 1718 5259 proprias
1763 5177 2038 5242 rationes
2088 5187 2382 5260 respectu

2490 4292 2684 4366 bitus,
2719 4293 2838 4354 hoc
2876 4293 3352 4355 accidentaliter
3383 4296 3681 4357 convenit
3715 4295 3809 4358 eis
3845 4314 3858 4358 :
3895 4316 3991 4358 ra-

2489 4391 2578 4451 tio
2607 4391 2845 4452 etenim
2886 4390 3140 4454 habitus
3179 4392 3655 4455 accidentaliter
3691 4395 3992 4456 convenit

2490 4487 2726 4569 speciei
2777 4496 2964 4569 prout
3013 4489 3259 4570 species
3307 4497 3403 4553 est
3452 4491 3519 4553 in
3569 4490 3920 4566 intellectu,
3953 4513 3991 4555 a

2490 4604 2618 4667 quo
2647 4585 2998 4648 difficulter
3026 4587 3291 4650 deletur.
3326 4589 3594 4670 Insuper
3620 4590 3785 4665 dict),
3815 4591 3990 4673 quod

2489 4685 2750 4764 angelus
2781 4685 3136 4766 quamlibet
3165 4686 3584 4767 quidditatem
3613 4687 3804 4752 aliam
3833 4709 3871 4751 a
3899 4709 3986 4764 se,

2490 4791 2552 4845 et
2581 4783 2772 4845 etiam
2813 4803 3016 4858 suam,
3051 4791 3258 4864 potest
3289 4803 3666 4865 cognoscere
3706 4805 3822 4868 per
3851 4807 3990 4870 spe-

2492 4882 2642 4956 cies,
2676 4890 2737 4944 et
2788 4882 2940 4944 item
2991 4901 3104 4964 per
3153 4883 3436 4965 ipsarum
3485 4886 3791 4948 essentias
3825 4904 3840 4949 ε
3874 4906 3991 4970 per

2489 4981 2830 5043 essentiam
2879 4981 3161 5062 quidem,
3214 4983 3651 5062 cognoscendo
3699 5003 3834 5047 rem
3885 5005 3988 5048 co-

2489 5080 2773 5160 gnitione
2807 5079 3120 5154 intuitiva,
3155 5080 3400 5142 scilicet
3430 5081 3549 5143 sub
3589 5082 3832 5145 ratione
3859 5103 3990 5167 qua

2492 5185 2905 5260 praesentatur
2930 5178 2995 5239 in
3027 5178 3256 5240 actuali
3288 5178 3688 5258 exsistentia3
3711 5199 3826 5262 per
3855 5202 3991 5265 spe-

879 5276 1273 5360 singularum
1301 5276 1720 5358 quidditatum
1751 5283 2182 5338 creaturarum
2203 5294 2216 5338 ε
2236 5295 2386 5359 quo-
2495 5277 2660 5340 ciem
2691 5294 2862 5353 vern,
2891 5278 3328 5358 cognoscendo
3359 5278 3719 5359 cognitione
3749 5279 3989 5346 abstra-
