4334 6242
137 2947 167 2986 Τ
165 2947 271 2992 hren.
290 2963 329 2996 v,

670 507 755 552 AN
798 505 1021 553 ANGELI
1066 507 1459 554 motem-:mm
1500 508 1723 554 GRATIA
1771 508 1854 553 AD
1896 507 2015 554 Hoc
2058 509 2217 564 Qt‘on
2260 507 2809 554 coNVEnTERENTcR
2853 508 2936 553 AD
2977 507 3143 552 DEL'M

3347 485 3461 550 331

354 675 509 739 ferri
562 695 690 741 non
733 679 921 750 valet,
963 679 1086 742 nisi
1130 678 1345 761 aliquo
1394 680 1859 761 supernaturali
1893 681 1942 743 A
1971 679 2204 760 gloriae.
2258 681 2386 742 Nec
2437 680 2559 743 fuit
2610 680 2966 742 necessaria
3020 678 3218 759 gratia
3275 676 3468 758 gratis

355 777 524 838 dono
569 777 787 857 adjuta
832 795 845 838 ε
890 778 1427 859 quemadmodum
1475 777 1639 856 ignis
1682 786 1861 839 natu-

356 873 575 937 raliter
623 876 937 950 calefacit,
989 896 1117 940 non
1166 885 1379 938 autem
1428 885 1686 956 generat
1732 896 1862 939 car—

356 994 528 1047 nem,
565 975 692 1037 nisi
735 977 1086 1038 secundum
1130 976 1298 1058 quod
1340 982 1631 1038 movetur
1670 983 1740 1037 ut
1771 977 1863 1038 in-

352 1080 787 1135 strumentum
822 1073 900 1135 ab
932 1075 1146 1136 anima
1176 1075 1500 1137 nutritiva.
1526 1075 1860 1155 Quumque

352 1171 517 1233 visio
560 1171 671 1233 Dei
720 1191 833 1253 per
876 1173 1157 1254 speciem
1210 1172 1291 1234 sit
1334 1173 1857 1255 supernaturaliS‚

352 1270 533 1332 nulla
582 1277 871 1332 creatura
920 1278 1128 1352 potest
1177 1270 1410 1333 habere
1460 1280 1703 1333 motum
1753 1290 1861 1334 vo-

356 1368 617 1430 luntatis
648 1369 726 1430 ad
759 1368 956 1442 illam,
990 1369 1113 1430 nisi
1144 1369 1362 1449 adjuta
1392 1369 1859 1450 supernaturali

351 1475 581 1547 agente
616 1485 629 1528 :
664 1467 833 1548 quod
879 1485 1326 1548 nuncupamus
1375 1467 1683 1530 auxilium
1728 1487 1863 1548 gra-

352 1565 479 1631 tiae.
524 1565 842 1647 loquendo
884 1566 961 1627 de
1006 1573 1230 1645 agente
1278 1564 1550 1627 formali.
1593 1566 1720 1628 Nec
1772 1573 1857 1626 ta-

354 1681 503 1723 men
537 1663 664 1725 itur
693 1663 757 1725 in
793 1662 1310 1726 infinitum.Nam
1347 1663 1619 1745 quilibet
1648 1671 1858 1726 motus

350 1760 699 1824 voluntatis
745 1761 809 1824 in
850 1762 1075 1836 Deum,
1110 1762 1234 1824 dici
1283 1769 1488 1844 potest
1526 1761 1857 1824 conversio

1971 780 2115 841 data
2161 787 2268 840 aut
2313 787 2564 860 gratum
2612 779 2875 854 facienS,
2916 779 2992 840 ad
3037 777 3472 857 abjiciendum

1971 877 2394 940 substantiam
2425 886 2602 940 actus
2634 875 2955 946 contrarii,
2991 885 3060 937 ut
3091 876 3349 957 quidam
3381 873 3476 936 di-

1971 985 2201 1037 xerunt
2245 995 2258 1040 :
2305 977 2456 1056 quia
2501 984 2726 1038 natura
2771 975 2880 1037 illa
2924 974 3046 1037 ruit
3087 993 3238 1036 sana
3279 982 3342 1035 et
3382 973 3476 1035 in-

1971 1081 2165 1154 tegra,
2211 1075 2371 1137 nulli
2415 1074 2574 1136 vitio
2622 1073 2893 1136 subdita.
2928 1108 3009 1118 —
3047 1073 3190 1135 Haec
3234 1073 3472 1134 PetruS.

1969 1173 2040 1234 ln
2084 1173 2270 1253 cujus
2312 1173 2525 1235 verbis
2569 1173 2782 1254 aliqua
2819 1172 3120 1235 videntur
3163 1171 3477 1234 contineri

1970 1270 2263 1344 obscura,
2309 1271 2661 1352 praesertim
2713 1271 2879 1352 quod
2931 1270 3086 1333 dicit
3136 1270 3202 1332 in
3251 1270 3476 1332 eodem

1972 1369 2234 1430 instanti
2279 1369 2399 1431 tria
2445 1369 2554 1432 illa
2600 1369 2796 1432 fuisse
2832 1368 2958 1432 :de
3003 1386 3131 1450 quo
3175 1368 3342 1430 infra
3383 1368 3475 1431 di-

1972 1475 2169 1529 cetur.
2215 1468 2344 1531 Nec
2393 1475 2696 1531 consonat
2744 1469 2864 1529 hoc
2913 1466 3212 1549 positioni
3263 1468 3475 1530 dicen-

1970 1565 2155 1638 tium,
2191 1566 2361 1647 quod
2395 1566 2601 1646 angeli
2636 1565 2895 1628 fuerunt
2926 1564 3118 1627 creati
3151 1564 3216 1627 in
3246 1566 3466 1645 gratia.

2048 1663 2398 1726 Richardus
2457 1682 2711 1746 quoque
2770 1663 2949 1725 Petro
3001 1664 3390 1725 concordans
3453 1683 3467 1726 :

1970 1761 2313 1824 Conversio
2327 1761 2975 1843 (inquit)angelorum
3007 1761 3320 1823 bonorum
3351 1759 3472 1822 fuit

350 1860 428 1920 ad
477 1859 711 1940 ipsum.
748 1858 906 1921 Hinc
947 1859 1178 1941 triplex
1220 1866 1317 1921 est
1356 1859 1420 1922 in
1462 1859 1662 1922 Deum
1708 1877 1855 1921 con·
1894 1859 1941 1921 B
1972 1879 2085 1940 per
2114 1867 2404 1922 naturam
2437 1859 2750 1933 inchoata,
2786 1879 2898 1941 per
2927 1859 3191 1941 gratiam
3221 1867 3472 1939 gratum

350 1957 583 2020 versio.
647 1958 780 2020 Una
840 1977 953 2038 per
1010 1957 1419 2020 dilectionem
1482 1956 1852 2039 perfectam,

350 2075 493 2137 quae
544 2065 640 2118 est
689 2063 993 2118 creatura>
1037 2056 1170 2135 jam
1220 2056 1348 2118 Deo
1399 2055 1670 2118 fruentis
1716 2073 1730 2117 :
1777 2057 1855 2118 ad

349 2174 545 2235 quam
606 2154 955 2236 requiritur
1001 2154 1201 2235 gratia
1251 2162 1711 2228 consummata,
1764 2162 1857 2215 ut-

350 2260 497 2333 pote
555 2252 775 2333 gloria.
832 2252 970 2314 Alia
1028 2261 1125 2314 est
1175 2252 1506 2314 conversio
1564 2272 1706 2333 quae
1760 2260 1856 2315 est

348 2350 765 2412 beatitudinis
798 2349 1097 2412 meritum
1130 2367 1143 2412 :
1172 2351 1250 2412 ad
1282 2369 1474 2432 quam
1510 2351 1855 2431 requiritur

346 2449 551 2529 gratia
598 2447 962 2520 habitualis,
1009 2467 1151 2529 quae
1199 2457 1295 2510 est
1345 2449 1630 2510 merendi
1681 2449 1852 2530 prin-

350 2543 615 2626 cipium.
661 2543 871 2606 Tertia
916 2553 1013 2606 est
1061 2564 1187 2626 qua
1236 2545 1379 2627 quis
1432 2553 1741 2626 praeparat
1786 2565 1853 2608 se

349 2643 421 2704 ad
452 2641 723 2722 gratiam
756 2641 929 2703 illam
967 2661 980 2705 :
1016 2648 1079 2703 et
1109 2643 1185 2704 ad
1226 2642 1389 2704 hanc
1419 2661 1546 2704 non
1580 2643 1855 2724 exigitur

349 2741 547 2821 gratia
579 2739 943 2814 habitualiS,
976 2741 1085 2801 sed
1116 2741 1401 2822 operatio
1431 2740 1541 2802 Dei
1572 2741 1851 2802 animam

352 2840 427 2900 ad
482 2859 553 2902 se
613 2839 1063 2910 convertentis,
1120 2838 1303 2919 juxta
1360 2838 1516 2901 illud
1578 2840 1853 2902 Threno-

356 2956 494 2999 rum
548 2957 563 3001 ε
618 2937 926 3000 Converte
986 2954 1122 3010 noS,
1172 2937 1462 3012 Domine,
1518 2938 1594 2998 ad
1658 2945 1738 3010 te,
1791 2946 1854 3000 et

1968 1956 2308 2020 facientem
2364 1967 2655 2040 promota
2700 1958 2956 2039 Deoque
3002 1957 3235 2039 placita
3281 1957 3469 2030 facta,

1967 2063 2155 2138 atque
2197 2075 2316 2138 per‘
2340 2056 2606 2136 gloriam
2649 2063 3107 2117 consummata.
3145 2055 3220 2117 Et
3252 2075 3474 2137 quam-

1965 2153 2062 2214 vis
2128 2155 2294 2215 inter
2353 2154 2472 2216 ista
2533 2173 2660 2216 non
2723 2153 2848 2216 fuit
2904 2154 3058 2215 ordo
3117 2154 3472 2216 secundum

1967 2252 2145 2333 prius
2181 2261 2244 2314 et
2276 2253 2592 2334 posterius
2633 2251 2698 2314 in
2739 2251 3095 2326 duratione,
3129 2258 3340 2314 tamen
3381 2252 3472 2313 in-

1968 2359 2061 2412 ter
2101 2371 2177 2412 ea
2215 2350 2338 2412 fuit
2370 2351 2523 2413 ordo
2564 2350 2916 2412 secundum
2959 2350 3138 2431 prius
3174 2357 3236 2412 et
3267 2358 3471 2432 poste-

1964 2449 2097 2511 rius
2145 2448 2368 2510 ordine
2418 2455 2676 2510 naturae.
2722 2448 2826 2510 Sic
2869 2448 3045 2511 enim
3096 2448 3303 2530 primo
3346 2448 3470 2509 fuit

1966 2554 2177 2609 motus
2241 2546 2423 2608 liberi
2482 2545 2732 2607 arbitrii
2784 2545 2847 2606 in
2899 2545 3101 2608 Deum
3155 2565 3168 2608 :
3224 2544 3290 2607 in
3339 2564 3467 2627 quo

1967 2651 2141 2704 motu
2184 2643 2307 2705 fuit
2335 2643 2770 2705 conversionis
2815 2642 2988 2704 illius
3030 2641 3328 2724 inceptio,
3366 2643 3469 2706 Se-

1966 2742 2175 2804 cundo
2218 2749 2505 2823 promota
2545 2739 2666 2803 fuit
2695 2760 2809 2823 per
2847 2741 3062 2821 gratiae
3092 2749 3341 2821 gratum
3381 2740 3470 2803 fa-

1966 2839 2192 2901 cientis
2237 2839 2650 2920 adjutorium,
2693 2839 2846 2900 dum
2897 2838 3064 2900 facta
3105 2845 3200 2900 est
3245 2839 3469 2919 angelo

1962 2936 2180 3020 gra-tiae
2217 2943 2466 3017 gratum
2510 2936 2804 3000 facientis
2843 2934 3103 2998 infusio.
3138 2936 3347 2999 Tertio
3379 2955 3472 2998 re-

356 3043 819 3098 convertemur.
844 3036 987 3098 Haec
1018 3035 1081 3096 in
1114 3037 1394 3098 Summa.
1419 3036 1649 3098 —Hoc
1681 3037 1851 3098 idem
1890 3036 1933 3098 C
1964 3034 2134 3116 cepit
2185 3036 2447 3114 angelus
2495 3034 2710 3115 gloriae
2759 3034 3072 3107 habitum,
3117 3052 3231 3116 per
3275 3054 3467 3116 quam

358 3133 577 3215 probat
629 3134 693 3194 in
744 3133 1007 3194 Summa
1053 3141 1273 3195 contra
1320 3132 1613 3213 gentileS,
1668 3134 1851 3196 tertio

355 3231 513 3294 libro
554 3239 619 3293 et
650 3239 893 3313 quarto.
1000 3235 1007 3243 ‘

428 3332 504 3392 At
554 3347 705 3392 vero
754 3330 972 3392 Petrus
1022 3348 1035 3393 :
1084 3328 1425 3390 Conversio
1473 3328 1616 3410 (ait)
1664 3348 1849 3410 ange-

354 3430 553 3492 lorum
614 3430 691 3492 ad
752 3430 975 3502 Deum,
1038 3429 1162 3490 fuit
1215 3428 1570 3491 secundum
1634 3439 1847 3492 actum

352 3528 725 3590 dilectionis
753 3527 947 3590 Actus
986 3535 1199 3589 autem
1236 3527 1595 3590 dilectionis
1627 3537 1723 3591 est
1752 3549 1849 3592 ac-

350 3633 447 3688 tus
498 3635 741 3688 naturae
790 3633 853 3687 et
901 3625 1117 3706 gratiae
1164 3645 1237 3686 ac
1286 3625 1503 3705 gloriae
1550 3643 1564 3688 ε
1618 3627 1729 3688 sed
1778 3635 1850 3688 ut

351 3733 607 3796 naturai,
641 3723 733 3784 sic
778 3731 874 3786 est
916 3720 1279 3785 meritorius
1330 3722 1537 3814 sol-um
1580 3724 1657 3785 de
1702 3743 1847 3786 con-

351 3839 547 3900 gruo;
608 3829 679 3882 ut
735 3820 971 3902 gratim,
1026 3821 1103 3882 de
1162 3820 1525 3900 condign03
1588 3829 1655 3883 ut
1712 3823 1845 3903 glo-

352 3919 476 3990 rim,
518 3917 609 3979 sic
660 3926 757 3980 est
805 3919 882 3980 de
934 3917 1215 3998 praemio.
1265 3918 1419 3980 Dico
1468 3938 1637 4000 ergo,
1680 3921 1847 4000 quod

349 4016 551 4098 angeli
601 4025 747 4078 actu
798 4015 1158 4078 dilectionis
1209 4017 1534 4089 naturalis,
1581 4037 1694 4099 per
1742 4038 1848 4079 na-

350 4115 573 4175 turalia
610 4123 756 4176 actu
796 4114 1082 4176 conversi
1128 4114 1373 4175 suntin
1415 4115 1615 4177 Deum
1656 4134 1850 4196 super

348 4211 557 4273 omnia
609 4210 1004 4291 diligendum
1059 4228 1073 4272 ε

348 4316 550 4390 potest
584 4309 750 4390 plus,
782 4307 935 4370 hinc
976 4309 1041 4370 in
1084 4308 1223 4390 ipso
1262 4316 1405 4370 actu
1439 4317 1741 4390 tanquam
1780 4310 1843 4371 in

348 4407 801 4488 praeparatione
833 4406 1209 4476 sufficienti,
1229 4406 1439 4468 infusa
1468 4415 1561 4468 est
1592 4407 1684 4469 eis
1715 4427 1846 4488 gra-

346 4507 428 4566 tia
455 4512 669 4567 actum
703 4504 887 4566 illum
920 4504 1310 4582 informans3
1347 4513 1407 4566 et
1440 4505 1591 4586 quia
1621 4514 1842 4568 natura

345 4603 649 4683 angelica,
702 4603 777 4665 ad
839 4604 1007 4684 quod
1068 4604 1459 4666 convertitur
1518 4611 1645 4666 tota
1699 4623 1843 4666 con-

348 4703 631 4774 vertitur,
688 4701 897 4764 infusa
954 4708 1050 4764 est
1097 4702 1287 4779 etiam
1349 4703 1549 4783 gloria
1607 4703 1841 4764 confir-

350 4819 542 4867 mans,
576 4807 791 4862 actum
843 4800 1024 4862 illum
1066 4819 1102 4860 a
1140 4819 1256 4862 suo
1300 4800 1553 4880 objecto
1591 4821 1663 4862 ac
1708 4801 1839 4863 fine

352 4897 739 4966 immobilem
795 4898 1053 4961 facienS.
1100 4899 1504 4981 Fueruntque
1557 4900 1674 4961 tria
1722 4901 1842 4962 ista

349 4996 528 5058 simul
576 4997 643 5059 in
683 4998 907 5059 eodem
953 4997 1235 5071 instanti,
1270 4999 1621 5059 secundum
1663 4999 1839 5080 prius

349 5101 405 5153 et
434 5094 749 5175 posterius
786 5102 1007 5156 natura
1036 5101 1096 5156 et
1130 5095 1519 5166 causalitate,
1558 5096 1641 5157 ita
1672 5097 1841 5176 quod

352 5191 550 5270 primo
597 5190 722 5252 fuit
766 5190 829 5252 in
880 5199 1023 5252 actu
1071 5191 1181 5252 illo
1225 5191 1532 5273 perfectio
1578 5201 1837 5266 naturae,

354 5289 621 5351 secundo
674 5287 979 5373 perfectio
1022 5289 1259 5372 gratiae,
1304 5291 1488 5352 tertio
1534 5289 1841 5372 perfectio

1965 3131 2129 3194 facta
2172 3141 2268 3194 est
2311 3152 2441 3194 suae
2493 3130 2926 3194 conversionis
2978 3133 3462 3195 consummatio.

1962 3231 2106 3293 Haec
2150 3231 2517 3294 Richardus.

2044 3330 2329 3411 Denique
2377 3330 2819 3392 Bonaventura
2864 3350 2877 3393 :
2930 3330 2998 3391 In
3050 3331 3465 3394 conversione

1961 3429 2103 3510 (ait)
2159 3427 2528 3509 angelorum
2587 3429 2664 3489 ad
2722 3428 2946 3500 Deum,
2997 3428 3346 3490 attenditur
3403 3437 3466 3490 et

1962 3526 2255 3589 consistit
2315 3526 2626 3588 rectitudo
2683 3525 3035 3607 spiritualis
3091 3526 3463 3590 substantiae

1960 3632 2270 3706 quantum
2305 3624 2382 3685 ad
2413 3624 2554 3704 ejus
2589 3632 2889 3698 mentem,
2925 3625 3273 3705 praesertim
3309 3643 3462 3707 quo-

1958 3724 2035 3785 ad
2084 3723 2214 3784 vim
2281 3722 2604 3794 motivam,
2658 3740 2775 3783 nec
2828 3730 3034 3804 potest
3080 3740 3220 3784 esse
3269 3730 3460 3797 recta,

1961 3821 2085 3883 nisi
2143 3828 2289 3882 actu
2348 3827 2456 3883 aut
2513 3819 2737 3881 habitu
2797 3819 2878 3882 sit
2926 3820 3004 3880 ad
3061 3820 3264 3882 Deum
3324 3840 3468 3884 con-

1959 3938 2159 3982 versa.
2196 3918 2741 3991 Quemadmodum
2785 3936 2933 3998 ergo
2973 3917 3210 3999 duplex
3251 3926 3346 3980 est
3377 3938 3468 3980 re-

1959 4017 2223 4090 ctitud0,
2245 4016 2331 4078 ita
2361 4025 2421 4078 et
2452 4016 2687 4097 duplex
2719 4015 3067 4078 conversio.
3087 4016 3195 4077 Est
3226 4017 3466 4099 quippe

1958 4115 2246 4196 quaedam
2291 4113 2604 4176 rectitudo
2634 4121 2875 4176 naturae
2907 4113 3234 4188 institutae,
3269 4123 3330 4176 et
3362 4135 3467 4196 pe-

1126 4219 1188 4272 ct
1237 4210 1388 4292 quia
1448 4218 1671 4272 natura
1717 4229 1845 4274 non
1878 4218 2069 4277 Dnes
2130 4212 2294 4272 hanc
2351 4219 2447 4272 est
2505 4209 2834 4290 originalis
2889 4209 3187 4290 justitia3
3249 4219 3312 4273 et
3369 4221 3464 4274 est

1958 4308 2271 4371 rectitudo
2315 4309 2550 4389 gratim,
2595 4327 2790 4390 penes
2837 4327 3029 4389 quam
3073 4318 3168 4370 est
3213 4310 3461 4390 justitia

1958 4405 2282 4468 meritoria
2317 4426 2330 4470 ε
2365 4426 2555 4488 quam
2599 4405 2798 4468 Judex
2840 4425 3131 4468 summus
3174 4417 3460 4490 acceptat

1956 4506 2031 4566 ad
2072 4504 2559 4566 retributionem
2592 4512 2914 4577 aeternam,
2951 4505 3251 4585 quoniam
3289 4507 3458 4569 videt

1957 4603 2019 4663 in
2051 4621 2125 4663 ea
2156 4601 2701 4683 pulchritudinem
2740 4601 2977 4682 gratim,
3015 4602 3240 4665 merito
3273 4604 3456 4685 cujus

1952 4701 2230 4762 animam
2266 4701 2539 4761 traducit
2573 4699 2636 4761 in
2669 4719 2991 4781 sponsam,
3015 4700 3283 4782 ejusque
3315 4720 3458 4783 ope·

1952 4818 2021 4860 ra
2068 4805 2218 4860 sunt
2268 4797 2392 4859 sibi
2442 4798 2742 4859 amabilia
2786 4806 2847 4859 et
2893 4808 3168 4880 accepta.
3219 4799 3319 4860 Sic
3365 4808 3458 4862 est¹

1951 4897 2187 4979 duplex
2245 4897 2597 4969 conversi0‚
2651 4897 2938 4978 quaedam
2993 4916 3030 4958 a
3080 4897 3456 4960 rectitudine

1952 4997 2247 5070 naturali,
2300 4997 2589 5077 quaedam
2639 5016 2674 5057 a
2724 4994 3103 5058 rectitudine
3161 4997 3450 5076 gratuita.

1951 5095 2226 5157 Primam
2290 5094 2531 5175 absque
2589 5093 2790 5174 gratia
2845 5094 3053 5174 angeli
3111 5102 3454 5176 potuerunt

1952 5192 2207 5265 habere,
2261 5209 2387 5254 non
2439 5192 2804 5254 secundam.
2848 5193 3096 5272 (Cetera
3144 5192 3306 5254 sicut
3353 5213 3454 5256 su-

1955 5310 2068 5373 pra
2113 5290 2176 5352 in
2224 5289 2585 5371 Richardo.)
2629 5291 2768 5352 Haec
2815 5290 3270 5354 Bonaventura.
