4334 6242
811 486 931 553 406

1465 504 1530 553 IN
1569 506 1792 552 Limum
1833 506 1877 550 11
1919 503 2403 551 SENTENTIARUM.
2448 522 2531 531 —
2569 504 2723 549 DIST.
2760 503 2886 564 vu3
2931 499 3155 557 QUAEST.
3199 500 3265 548 111

813 678 1040 752 tioneS,
1065 696 1192 740 non
1223 676 1428 740 solum
1458 693 1613 737 voce
1645 674 1941 756 prolataS,
1975 674 2085 735 sed
2118 672 2310 733 etiam
2342 672 2394 733 A
2424 678 2488 732 et
2535 678 2755 745 tentat,
2807 688 3077 752 quorum
3137 670 3191 733 si
3241 670 3545 733 virtutem
3604 670 3923 732 internam

813 776 1192 858 cogitatione
1236 782 1594 855 conceptaS,
1628 774 1705 835 ad
1749 772 2040 835 notitiam
2085 771 2314 833 daemo-

811 894 992 949 num,
1047 894 1162 957 per
1209 873 1517 936 nonnulla
1571 890 1826 954 quoque
1875 870 2313 953 experimenta

813 982 1210 1055 compertum
1245 980 1358 1035 est.
1386 972 1505 1034 Sed
1537 972 1858 1053 quomodo
1891 970 2011 1031 hoc
2043 970 2179 1042 fiat,
2202 977 2313 1030 aut

809 1071 1080 1134 difficile
1119 1079 1228 1134 aut
1258 1071 1436 1134 nullo
1476 1071 1664 1133 modo
1703 1077 1907 1151 potest
1936 1069 2016 1132 ab
2050 1068 2311 1130 homine

812 1171 1108 1245 inveniri,
1145 1178 1214 1232 ut
1258 1171 1430 1232 dicit.

889 1270 966 1332 Ut
1014 1277 1224 1331 tamen
1285 1268 1527 1349 aliquid
1586 1267 1756 1329 circa
1813 1267 1931 1328 hoc
1992 1264 2311 1347 possimus

813 1366 1191 1448 investigare
1231 1368 1365 1428 sive
1397 1366 1738 1446 conjicere,
1771 1364 2104 1427 sciendum
2142 1363 2311 1444 quod

810 1466 981 1527 circa
1027 1465 1438 1546 cogitationes
1493 1472 1738 1526 nostras
1787 1464 1912 1525 duo
1965 1470 2062 1524 est
2109 1462 2313 1523 consi-

812 1565 1052 1637 derare,
1097 1562 1394 1625 videlicet
1428 1582 1441 1626 :
1474 1570 1765 1624 naturam
1811 1569 1988 1623 actus
2033 1560 2311 1641 cogitan-

809 1664 896 1736 di,
939 1663 1108 1745 quod
1157 1662 1427 1744 pertinet
1471 1661 1548 1723 ad
1598 1660 1957 1723 intellectus
2007 1660 2310 1740 cognitio-

810 1778 996 1839 nem3
1045 1768 1235 1842 atque
1284 1758 1697 1821 directionem
1763 1758 1964 1840 ipsius
2012 1766 2191 1819 actus
2242 1757 2306 1818 in

2424 770 2768 833 voluntatis
2810 789 2937 851 qua
2978 769 3426 850 cogitationem
3476 770 3541 831 in
3586 769 3785 831 finem
3831 769 3928 831 di·

2425 870 2661 949 rigunt,
2708 876 3015 941 cerneret,
3058 886 3164 931 eos
3213 876 3455 931 tentare
3503 876 3799 941 cessaret,
3848 886 3929 930 ne

2425 968 2633 1029 victus
2684 967 2989 1030 confusus
3039 968 3381 1030 recede-ret.
3425 968 3585 1030 Hinc
3634 967 3932 1030 duodeci-

2428 1085 2532 1128 mo
2590 1085 2783 1149 super
2835 1067 3130 1129 Genesim
3190 1066 3418 1129 asserit
3463 1066 3860 1147 Augustinus
3913 1085 3929 1130 z

2426 1165 2813 1229 Certissimis
2856 1165 3111 1228 indiciis
3153 1167 3322 1247 apud
3369 1184 3483 1228 nos
3526 1173 3931 1247 compertum

2423 1272 2520 1325 est
2557 1263 2915 1326 enuntiatas
2945 1282 2982 1324 a
3012 1264 3411 1327 daemonibus
3451 1264 3787 1325 hominum
3828 1282 3932 1325 co·

2422 1362 2795 1443 gitationes3
2847 1362 2959 1443 qui
3008 1369 3222 1424 tamen
3274 1362 3325 1423 si
3374 1362 3686 1423 virtutum
3740 1362 3934 1424 inter·

2424 1480 2571 1522 nam
2622 1460 2903 1541 speciem
2949 1460 3013 1521 in
3062 1460 3431 1521 hominibus
3480 1468 3739 1540 possent
3782 1479 3931 1524 con-

2424 1558 2691 1641 spicere,
2727 1576 2854 1620 non
2898 1565 3214 1619 tentarent
3257 1558 3536 1632 eosdem,
3571 1577 3651 1619 ne
3690 1558 3929 1621 devicti

2422 1656 2671 1719 abirent
2716 1656 2965 1718 confusi
3012 1676 3025 1719 :
3070 1655 3237 1718 sicut
3281 1656 3333 1717 si
3380 1656 3556 1718 illam
3600 1656 3766 1719 beati
3811 1656 3929 1720 Job

2422 1754 2704 1817 nobilem
2734 1753 3303 1837 admirabilemque
3333 1754 3702 1836 patientiam
3737 1755 3927 1817 Satan

809 1858 1011 1920 finem
1063 1876 1276 1930 suum,
1329 1858 1497 1938 quod
1545 1858 1622 1919 ad
1672 1855 2017 1919 voluntatis
2067 1863 2309 1937 spectat
2346 1852 2396 1915 B
2424 1872 2682 1916 cernere
2727 1853 3058 1934 potuisset,
3092 1853 3401 1915 noluisset
3442 1872 3478 1914 a
3521 1861 3760 1917 tentato
3808 1854 3931 1915 uti·

811 1955 1247 2017 intentionem.
1281 1991 1362 1999 —
1389 1954 1481 2015 Ad
1525 1954 1944 2016 substantiam
1989 1962 2166 2016 actus
2212 1972 2311 2016 co-

807 2054 1049 2135 gitandi
1091 2071 1217 2115 non
1258 2060 1647 2116 concurrunt
1675 2052 1797 2114 nisi
1840 2052 2139 2135 potentiae
2177 2052 2311 2114 ani-

811 2172 952 2226 mae,
1005 2160 1066 2214 et
1119 2151 1364 2233 species
1425 2151 1515 2212 rei
1577 2151 1882 2231 cogitatae,
1933 2157 1995 2211 et
2053 2150 2311 2212 habitus

809 2250 1163 2311 secundum
1207 2267 1399 2330 quem
1447 2248 1699 2329 cogitat,
1735 2248 1786 2309 si
1831 2248 2182 2310 artificiosa
2229 2248 2312 2309 sit

809 2346 1130 2427 cogitatio,
1181 2354 1245 2409 et
1291 2346 1560 2408 verbum
1623 2354 1990 2427 conceptuS‚
2045 2346 2154 2427 qui
2214 2354 2313 2408 est

807 2445 1079 2508 effectus
1118 2452 1298 2507 actus
1331 2444 1669 2525 cogitandi,
1703 2452 1762 2506 et
1797 2444 1933 2526 ipse
1963 2452 2164 2518 actuS,
2199 2445 2308 2527 qui

807 2552 903 2605 est
935 2551 1144 2606 motus
1175 2544 1436 2625 quidam
1473 2542 1824 2623 spiritualis
1856 2541 1922 2602 in
1957 2541 2303 2604 intellectu.

807 2642 1034 2704 Omnia
1065 2642 1184 2705 ista
1214 2660 1415 2723 quum
1445 2640 1572 2703 sint
1602 2659 1702 2701 res
1734 2640 2022 2721 quaedam
2059 2648 2305 2713 creatae,

808 2739 1242 2820 intelligibiles
1283 2739 1636 2801 secundum
1678 2745 1969 2800 naturam
2008 2758 2213 2810 suam,
2247 2746 2311 2800 et

807 2837 1126 2900 daemones
1158 2835 1713 2919 perspicacissima
1749 2834 2024 2897 habeant
2056 2836 2311 2916 inge-nia

807 2934 1120 2998 naturalia
1157 2935 1235 2997 ad
1278 2934 1762 3015 intelligendum
1806 2942 2033 2995 cuncta
2076 2942 2306 3007 creata,

2423 1970 2547 2034 que
2578 1952 2884 2034 superari.
2910 1988 2990 1997 —
3009 1953 3198 2014 Porro
3228 1953 3305 2014 de
3336 1951 3571 2013 virtute
3604 1953 3929 2033 patientiae

2422 2060 2483 2113 et
2530 2051 2695 2125 aliis,
2750 2051 2814 2111 in
2873 2058 3185 2132 quantum
3246 2058 3396 2113 sunt
3441 2050 3697 2112 habitus
3759 2053 3929 2114 acci-

2422 2149 2705 2210 dentales
2746 2149 2811 2209 in
2854 2148 3089 2221 anima,
3131 2168 3205 2211 ac
3249 2168 3349 2212 res
3398 2148 3687 2230 quae-dam
3742 2150 3926 2212 intel-

2422 2246 2700 2327 ligibiles
2732 2248 2797 2308 in
2828 2248 3131 2329 qualitate
3162 2255 3226 2310 et
3255 2248 3605 2329 quantitate
3637 2265 3769 2309 suae
3800 2250 3927 2311 vir·

2421 2345 2597 2418 tutis,
2632 2346 2802 2427 quod
2844 2346 3037 2407 latere
3067 2346 3315 2427 possint
3346 2348 3673 2411 diabolum
3722 2350 3927 2429 magis

2422 2462 2613 2524 quam
2656 2451 2834 2505 actus
2880 2443 3301 2524 cogitationis,
3335 2463 3462 2507 non
3506 2447 3729 2525 video;
3774 2466 3927 2509 con-

2420 2541 2682 2603 trarium
2710 2549 2919 2603 tamen
2951 2560 3077 2603 non
3108 2544 3400 2605 assero.V
3404 2562 3579 2606 erum
3612 2546 3930 2607 internam

2422 2638 2723 2701 virtutem
2776 2640 3097 2733 patientiae
3139 2640 3577 2724 virtutumque
3624 2643 3921 2713 aliarum,

2423 2738 2485 2799 in
2528 2744 2837 2819 quantum
2881 2738 2947 2800 in
2986 2739 3119 2801 suis
3160 2739 3408 2801 actibus
3448 2742 3810 2823 dependent
3840 2742 3925 2803 ab

2422 2835 2707 2897 interiori
2747 2835 2984 2897 virtute
3025 2836 3208 2898 liberi
3250 2836 3498 2900 arbitrii
3539 2858 3666 2919 qua
3704 2839 3927 2921 dirigit

2419 2931 2701 2995 actiones
2744 2934 3056 2995 virtutum
3100 2934 3164 2995 in
3206 2953 3353 2997 suos
3397 2934 3560 2997 fines
3611 2936 3927 2999 intensius

808 3032 1109 3115 quoniam
1138 3032 1452 3094 naturalia
1479 3032 1695 3093 omnia
1724 3032 1817 3093 eis
1847 3032 2150 3111 subsunt;
2182 3051 2307 3094 non
2345 3036 2388 3100 C
2420 3039 2530 3092 aut
2560 3032 2913 3105 remissiuS,
2947 3032 3253 3114 possibile
3291 3042 3388 3095 est
3418 3035 3586 3115 quod
3619 3052 3744 3097 non
3786 3054 3931 3117 pos-

806 3131 993 3193 video
1036 3131 1354 3212 quomodo
1393 3128 1749 3191 substantia
1789 3129 2056 3192 actionis
2102 3130 2165 3192 in
2209 3149 2307 3192 co·

805 3230 1112 3311 gitatione
1153 3228 1534 3309 cujusquam
1569 3228 1886 3290 daemones
1929 3228 2130 3309 possit
2161 3228 2308 3291 late-

809 3328 970 3403 re,si
1002 3347 1068 3390 se
1101 3334 1470 3390 convertant
1501 3327 1579 3388 ad
1612 3326 1785 3387 illam
1818 3326 2306 3408 inspiciendam,

809 3446 1009 3509 quum
1067 3433 1130 3488 et
1190 3425 1493 3488 inferiora
1558 3424 1811 3486 subsint
1873 3424 2311 3505 intelligentiae

808 3525 1234 3607 superiorum.

888 3625 1076 3686 Porro
1107 3630 1415 3705 quantum
1457 3623 1535 3684 ad
1575 3622 1777 3703 ipsius
1808 3629 1986 3683 actus
2017 3622 2309 3684 directio-

809 3742 957 3785 nem
989 3723 1053 3784 in
1086 3722 1285 3784 finem
1319 3740 1431 3783 seu
1463 3720 1703 3782 bonum
1736 3738 1846 3782 seu
1881 3720 2144 3794 malum,
2182 3740 2311 3782 ma-

804 3822 906 3904 jor
948 3828 1045 3882 est
1082 3819 1414 3881 dubitatio.
1451 3821 1681 3881 Forsan
1722 3819 1894 3880 enim
1939 3818 2057 3880 etsi
2098 3819 2308 3881 videat

806 3921 1054 3983 daemon
1116 3918 1282 3979 clare
1332 3917 1744 3997 cogitationes
1804 3924 2050 3979 nostras
2101 3918 2308 3999 quoad

806 4037 940 4080 rem
976 4017 1334 4097 cogitatam,
1367 4033 1495 4077 non
1526 4022 1739 4076 tamen
1783 4015 2021 4076 idcirco
2061 4022 2311 4096 oportet

807 4125 878 4178 ut
917 4114 1262 4197 prospiciat
1301 4114 1378 4175 ad
1424 4131 1617 4195 quem
1660 4120 1770 4174 aut
1807 4112 2062 4194 qualem
2105 4112 2305 4175 finem

2423 3130 2506 3192 sit
2549 3131 2879 3211 attingere,
2923 3131 3087 3192 sicut
3135 3150 3251 3193 nec
3307 3132 3509 3213 ipsam
3554 3133 3685 3193 vim
3737 3133 3925 3197 liberi

2423 3228 2691 3290 arbitrii.
2730 3230 2805 3290 Et
2846 3229 3056 3302 credo,
3092 3230 3260 3309 quod
3301 3229 3544 3292 dictum
3585 3230 3928 3311 Augustini

2424 3326 2517 3388 sic
2559 3325 2748 3388 debet
2792 3326 3083 3407 intelligi.

2502 3425 2953 3486 Verumtamen
3011 3424 3116 3486 hic
3176 3424 3721 3506 distinguendum,
3774 3428 3929 3509 quia

2424 3523 2692 3586 intentio
2722 3523 3067 3585 voluntatis
3107 3524 3438 3604 dirigentis
3478 3533 3688 3607 potest
3719 3528 3925 3589 consi-

2423 3622 2629 3685 derari
2668 3620 3012 3701 dupliciter
3045 3640 3060 3683 t
3097 3622 3308 3702 primo
3349 3622 3412 3683 in
3449 3642 3539 3695 se,
3575 3632 3764 3705 prout
3792 3643 3927 3687 om-

2423 3721 2577 3783 nino
2610 3719 2812 3782 latitat
2842 3721 2907 3781 in
2947 3721 3190 3782 int-imis
3221 3720 3603 3800 voluntatis3
3642 3725 3925 3786 secundo

2423 3820 2486 3881 in
2534 3838 2650 3881 suo
2693 3818 2952 3892 effectu,
2989 3826 3177 3901 prout
3220 3838 3297 3881 ex
3341 3819 3590 3883 fervore
3631 3822 3926 3886 intentio-

2424 3918 2545 3991 niS,
2588 3925 2766 3979 actus
2808 3917 3083 3998 alicujus
3126 3916 3489 3979 affectionis
3532 3919 3597 3980 in
3643 3920 3783 4001 ipsa
3821 3940 3925 3985 vo-

2423 4016 2665 4077 luntate
2698 4015 3079 4096 concipitur,
3113 4023 3172 4076 et
3204 4035 3241 4077 a
3272 4017 3599 4078 voluntate
3630 4018 3925 4081 rationali

2425 4114 2489 4174 in
2519 4113 2755 4174 virtute
2786 4112 3091 4174 sensitiva
3120 4121 3184 4175 et
3214 4114 3406 4176 etiam
3449 4114 3661 4177 forsan
3695 4116 3760 4176 in
3793 4134 3927 4178 cor-

807 4214 1144 4293 dirigimus
1186 4232 1310 4275 eas.
1358 4212 1643 4291 Cogitare
1688 4211 2153 4293 namque·quis
2204 4230 2309 4293 po·
2340 4219 2389 4280 D
2423 4229 2573 4293 pore
2605 4210 2945 4271 derivatur.
2983 4210 3059 4271 Et
3089 4211 3208 4273 hoc
3240 4213 3519 4274 secundo
3550 4214 3759 4287 mod0‚
3798 4234 3925 4278 non

806 4320 930 4375 test
978 4313 1056 4374 de
1106 4310 1582 4392 pulchritudine
1636 4309 1947 4383 mulieriS,
2002 4310 2088 4370 ita
2137 4312 2307 4391 quod

806 4410 1096 4474 diabolus
1147 4426 1292 4470 mox
1340 4415 1552 4469 actum
1605 4408 1916 4489 percipiat
1966 4407 2304 4487 cogitandi.

807 4508 928 4571 Sed
960 4526 1159 4589 quum
1196 4507 1389 4568 homo
1420 4506 1864 4585 cogitationem
1905 4505 2074 4567 illam
2109 4506 2312 4586 possit

806 4606 1081 4686 dirigere
1139 4605 1215 4666 ad
1265 4603 1568 4665 vitiosum
1629 4601 2065 4677 concubitum,
2118 4612 2181 4665 et
2230 4605 2309 4665 ad

809 4704 1270 4767 consulendum
1332 4702 1454 4763 sibi
1518 4701 1640 4783 ipsi
1701 4719 1779 4762 ne
1830 4701 2308 4782 pulchritudine

810 4803 919 4865 illa
947 4801 1324 4883 decipiatur,
1359 4818 1485 4862 non
1529 4807 1776 4881 oportet
1807 4800 1975 4880 quod
2018 4800 2308 4862 diabolus

807 4902 928 4964 hoc
973 4900 1186 4963 statim
1231 4906 1566 4979 cognoscat
1599 4916 1613 4960 ι
1647 4898 1767 4960 hoc
1809 4897 1982 4958 enim
2035 4899 2311 4978 pertinet

806 4999 884 5062 ad
934 4998 1247 5060 internam
1299 4994 1696 5077 liberamque
1737 4994 2040 5056 virtutem
2087 4995 2309 5057 volun-

807 5097 954 5160 tatis
1001 5096 1315 5168 bumanae,
1367 5114 1510 5176 quae
1559 5094 1676 5157 soli
1727 5094 1947 5155 subest
1996 5094 2142 5167 De0‚
2197 5096 2307 5175 qui

809 5196 980 5257 solus
1038 5202 1133 5255 est
1193 5192 1395 5274 ipsius
1456 5199 1901 5274 perscrutator.
1965 5191 2307 5253 Multorum

809 5292 980 5358 enim
1033 5290 1442 5375 cogitationes
1487 5291 1733 5355 daernon
1787 5290 2048 5354 forsitan
2100 5290 2305 5353 noscit

2420 4309 2607 4372 video
2657 4308 2977 4389 quomodo
3027 4308 3171 4390 plus
3223 4310 3421 4390 possit
3470 4311 3663 4373 latere
3711 4311 3926 4376 diabo-

2422 4406 2556 4468 lum
2594 4405 2854 4468 affectio
2883 4406 3228 4469 voluntatis
3269 4428 3460 4489 quam
3502 4410 3800 4490 cogitatio
3832 4411 3926 4472 in·

2418 4504 2731 4577 tellectuS,
2778 4523 2979 4584 quum
3030 4513 3299 4588 utraque
3349 4526 3448 4568 res
3498 4507 3922 4589 intelligibilis

2419 4602 2501 4663 sit
2531 4610 2707 4663 extra
2734 4602 3158 4663 substantiam
3189 4603 3437 4666 animae.
3470 4640 3551 4649 —
3580 4605 3701 4667 Sed
3740 4625 3923 4667 num-

2420 4700 2572 4781 quid
2626 4701 2895 4763 intentio
2939 4700 3283 4763 voluntatis
3332 4702 3630 4764 similiter
3674 4703 3921 4785 aliquid

2419 4797 2823 4879 intelligibile
2869 4807 2965 4860 est
3006 4818 3200 4881 super
3238 4799 3655 4862 substantiam
3702 4803 3921 4865 volun·

2422 4897 2613 4958 tatis?
2664 4897 2901 4959 Revera
2948 4897 3288 4959 dicendum
3342 4899 3511 4979 quod
3570 4918 3720 4973 non,
3772 4919 3923 4982 quo-

2419 4996 2593 5056 niam
2655 5002 2984 5077 respectus
3050 4996 3222 5057 solus
3282 5004 3378 5058 est
3436 4997 3781 5061 voluntatis
3844 5001 3921 5061 ad

2419 5092 2642 5165 finem,
2688 5094 2796 5175 qui
2844 5094 3147 5156 fundatur
3198 5095 3260 5156 in
3306 5095 3579 5158 essentia
3622 5099 3919 5179 potentiae

2418 5191 2695 5254 volitivae
2734 5210 2747 5253 :
2784 5210 2910 5273 quo
2954 5192 3215 5273 quidem
3260 5202 3552 5275 respectu
3598 5195 3919 5275 cogitatio-

2418 5308 2529 5354 nes
2580 5290 2943 5374 diriguntur
2986 5309 3058 5353 ac
3106 5292 3373 5353 tendunt
3420 5293 3484 5357 in
3532 5293 3751 5359 finem.
3788 5295 3915 5359 Sic-
