4334 6242
153 4413 234 4458 Luc.
253 4433 356 4472 xxiv,

135 4807 214 4865 (Ἰν
228 4817 351 4865 tltB'.

687 499 774 548 AN
815 501 1039 550 Ancum
1081 502 1370 550 nantum·
1410 503 1684 552 CORPORA
1727 505 2150 551 NATURAMTBR
2193 504 2267 550 ET
2308 505 2851 554 msamaaulm‘run
2892 507 3009 553 sun
3052 506 3235 553 umTA

3395 484 3514 553 443

408 670 643 735 virtute
702 673 937 737 divina.
992 675 1446 738 Universaliter
1501 693 1756 758 quoque
1815 676 1904 737 lo-
1937 674 1988 738 Α
2025 682 2126 737 tur
2163 677 2350 739 aeria.
2386 677 2593 740 Prima
2633 685 2750 751 est,
2785 677 3087 759 quoniam
3128 676 3418 739 habitans
3456 683 3519 738 et

409 772 684 854 quendo,
719 793 920 856 quum
951 774 1212 855 angelus
1245 793 1478 856 corpus
1507 783 1908 856 assumptum

408 871 605 952 possit
652 891 929 948 movere,
963 891 1090 935 non
1132 872 1498 951 vivificare;
1531 879 1738 955 potest
1779 891 1908 935 om-

407 969 513 1030 nia
565 988 760 1052 opera
809 991 1104 1034 exercere
1161 972 1229 1034 in
1289 990 1551 1054 corpore
1605 971 1715 1034 illo
1767 991 1908 1053 quae

405 1070 763 1132 consistunt
797 1071 862 1134 in
894 1080 1093 1145 motu,
1123 1072 1231 1134 sed
1265 1072 1513 1133 nullum
1547 1089 1709 1153 opus
1739 1071 1903 1132 vitai.

485 1169 686 1230 Aliter
749 1177 963 1232 autem
1029 1169 1109 1231 ab
1178 1170 1494 1232 universis
1561 1170 1908 1251 praemissis

405 1266 597 1328 sentit
628 1267 848 1330 doctor
877 1287 1081 1343 meuS,
1105 1269 1402 1330 dominus
1432 1268 1749 1341 Albertus,
1775 1268 1907 1350 epi-

403 1383 636 1447 scopus
665 1366 984 1447 quondam
1017 1366 1514 1438 RatisbonensiS,
1549 1367 1648 1429 vir
1677 1367 1743 1428 in
1773 1384 1906 1428 om-

405 1462 469 1524 ni
501 1463 769 1526 scientia
805 1464 963 1526 adeo
1001 1464 1280 1538 divinuS,
1320 1471 1388 1525 ut
1429 1463 1625 1526 nostri
1664 1471 1906 1545 tempo-

403 1561 490 1622 ris
522 1569 744 1644 stupor
767 1569 956 1644 atque
987 1562 1368 1625 miraculum
1400 1581 1674 1643 congrue
1709 1563 1908 1644 possit

401 1660 646 1738 vocari3
701 1661 766 1722 in
819 1661 1084 1742 magicis
1142 1679 1396 1744 quoque
1455 1667 1776 1742 expertuS,
1828 1680 1906 1722 ex

401 1757 639 1840 quibus
691 1759 965 1822 multum
1018 1761 1333 1842 dependet
1383 1759 1662 1822 materia}
1711 1758 1904 1838 hujus

2020 773 2480 849 habitaculum,
2517 777 2729 839 locans
2760 784 2825 838 et
2863 776 3161 850 locatum,
3195 775 3385 839 unius
3413 775 3520 836 de-

2022 874 2177 935 bent
2218 893 2356 937 esse
2400 884 2659 938 naturae.
2695 876 2955 956 Propter
2992 875 3161 957 quod
3204 873 3524 936 terrestria

2022 973 2415 1036 collocantur
2475 975 2538 1036 in
2595 983 2783 1048 terra,
2838 974 3159 1056 aquestria
3212 973 3278 1035 in
3335 992 3520 1055 aqua,

2019 1072 2192 1135 aeria
2234 1073 2295 1134 in
2338 1092 2501 1134 aere.
2538 1074 2871 1156 Quumque
2904 1073 3221 1136 daemones
3256 1071 3523 1134 durante

2022 1171 2388 1233 tentationis
2418 1172 2721 1235 exercitio
2751 1177 3227 1234 commorentur
3256 1170 3322 1231 in
3352 1187 3519 1243 aere,

2021 1286 2286 1350 corpora
2343 1287 2591 1348 eorum¹
2624 1269 2923 1331 dicuntur
2980 1269 3168 1330 aeria.
3232 1268 3521 1330 Secunda

2019 1374 2136 1440 est,
2182 1366 2483 1449 quoniam
2537 1367 2702 1430 inter
2749 1367 3063 1430 elementa
3109 1385 3218 1429 aer
3264 1365 3520 1428 facilius

2020 1465 2249 1546 recipit
2287 1465 2845 1528 condensationem
2887 1471 2946 1527 et
2988 1464 3515 1538 subtiliationem‚

2021 1569 2355 1645 potestque
2398 1563 2672 1626 faciliter
2712 1563 3081 1626 condensari
3126 1563 3190 1625 in
3232 1580 3521 1644 corpora-

2021 1661 2110 1722 les
2142 1660 2383 1742 figuras
2414 1664 2491 1724 de
2524 1662 2695 1726 facili
2736 1662 3041 1726 solubiles
3075 1681 3087 1724 :
3123 1681 3264 1744 quae
3295 1661 3519 1742 figurae

2017 1759 2425 1822 continentur
2474 1761 2535 1822 in
2590 1762 2728 1843 ipso
2784 1779 2911 1824 non
2964 1762 3196 1824 virtute
3243 1759 3517 1841 alicujus

399 1856 686 1919 scientia.
723 1857 888 1920 Dicit
927 1877 1202 1941 namque
1247 1858 1616 1939 angelorum
1657 1858 1905 1940 appari·
1941 1855 1988 1917 Β
2019 1858 2201 1919 mixti
2253 1859 2535 1940 depressi
2584 1879 2659 1922 ac
2706 1860 2909 1934 densi,
2951 1860 3118 1922 sicut
3166 1858 3520 1922 retinentur

400 1955 640 2018 tionem
673 1974 800 2019 non
834 1956 976 2019 fieri
1010 1975 1123 2038 per
1152 1975 1492 2039 corporum
1521 1956 1902 2039 assumptio-

398 2073 569 2127 nem,
605 2055 716 2118 sed
757 2074 870 2136 per
911 2055 1158 2136 species
1197 2073 1534 2137 corporum
1575 2073 1734 2136 quas
1761 2073 1902 2115 sen-

397 2152 576 2215 sibus
630 2152 944 2234 ingerunt.
991 2153 1064 2214 Et
1113 2153 1430 2215 consentit
1477 2153 1904 2214 Damascenus

400 2250 562 2313 libro
626 2251 929 2322 secundo,
990 2249 1270 2332 capitulo
1301 2267 1306 2271 ·
1334 2249 1540 2324 tertio,
1601 2249 1820 2312 dicens
1882 2267 1896 2311 :

397 2349 957 2431 'transfigurantur
999 2349 1076 2410 ad
1127 2349 1576 2430 quodcumque
1626 2347 1902 2410 domina-

394 2455 492 2511 tor
527 2447 794 2528 jusserit
833 2447 1020 2520 DeuS,
1054 2453 1117 2508 et
1158 2447 1243 2509 ita
1275 2446 1642 2509 hominibus
1682 2466 1901 2528 super-

392 2552 725 2626 apparent,
757 2562 958 2626 quum
991 2544 1210 2606 divina
1237 2545 1330 2606 eis
1361 2545 1644 2607 revelant
1673 2553 1901 2628 myste-

393 2643 502 2704 ria.
541 2643 618 2704 Et
667 2643 746 2704 de
789 2643 1187 2704 daemonibus
1232 2644 1454 2706 eodem
1504 2643 1661 2705 dicit
1709 2642 1894 2716 libro,

393 2741 676 2822 capitulo
735 2749 958 2823 quarto
1018 2759 1032 2802 :
1089 2742 1509 2804 Permissione
1563 2741 1672 2804 Dei
1734 2741 1897 2802 facta

390 2838 835 2901 fortitudinem
888 2839 1145 2912 habent,
1177 2847 1240 2901 et
1287 2846 1793 2901 transmutantur
1835 2846 1899 2900 et

391 2937 930 3017 transfigurantur
962 2937 1026 2999 in
1067 2955 1539 3019 quamcumque
1571 2937 1792 3000 volunt
1821 2937 1896 2999 fi-

2015 1955 2240 2036 figurae
2301 1957 2363 2018 in
2420 1959 2671 2038 organis
2732 1958 3125 2021 naturalibus
3182 1957 3520 2039 corporali-

2016 2055 2158 2127 buS,
2207 2055 2273 2116 in
2319 2056 2555 2137 quibus
2607 2057 2942 2119 humidum
2994 2057 3349 2138 figuraliter
3396 2064 3517 2119 ter-

2016 2152 2296 2214 minatur
2343 2153 2513 2217 sicco
2557 2155 2839 2217 admixto
2883 2154 3006 2217 sibi
3057 2162 3121 2215 ut
3173 2153 3383 2235 figura
3430 2173 3521 2216 re-

2017 2258 2316 2330 maneat3
2377 2252 2486 2314 sed
2546 2251 2903 2314 retinentur
2959 2253 3192 2314 virtute
3251 2250 3515 2333 spiritus

2011 2350 2381 2431 apparentis
2433 2350 2496 2412 in
2550 2350 2643 2412 eis
2694 2349 2804 2432 qui
2854 2350 3085 2413 format
3132 2367 3256 2412 eas.
3308 2349 3517 2411 Tertia

2011 2456 2128 2522 est,
2176 2447 2476 2530 quoniam
2530 2467 2795 2530 corpora
2839 2449 2946 2510 illa
2993 2448 3375 2530 disparendo
3424 2467 3516 2510 re-

2013 2546 2349 2609 solvuntur
2388 2547 2452 2608 in
2495 2566 2706 2609 aerem
2743 2565 2756 2608 :
2793 2566 2906 2629 per
2949 2548 3115 2629 quod
3167 2547 3517 2628 probantur

2012 2643 2199 2706 aeriae
2258 2663 2397 2706 esse
2450 2652 2708 2707 naturae.
2762 2645 2956 2706 Multa
3006 2645 3103 2706 his
3158 2644 3517 2706 consimilia

2012 2741 2237 2802 scribit
2286 2741 2549 2816 ibidem,
2586 2749 2649 2804 et
2697 2743 3071 2804 auctoritate
3120 2742 3320 2805 divini
3374 2741 3515 2805 Dio-

2012 2839 2178 2922 nysii
2223 2839 2447 2921 probat
2492 2841 2611 2903 hoc
2658 2840 2888 2922 ipsum.

2091 2938 2357 3019 Insuper
2413 2939 2601 3000 solvit
2662 2939 2934 3000 rationes
2993 2939 3229 3020 quibus
3289 2940 3513 3021 probat

387 3054 612 3115 guram
646 3036 1000 3097 secundum
1035 3035 1376 3115 imaginem
1409 3035 1891 3118 phantasticam.
1935 3038 1979 3102 C
2011 3034 2359 3108 UdalricuS,
2394 3036 2561 3117 quod
2594 3054 2825 3118 corpus
2858 3055 2983 3100 non
3018 3045 3297 3099 assumat
3328 3056 3514 3118 ange-

389 3169 466 3179 —
485 3133 596 3195 His
624 3152 796 3214 ergo,
816 3134 1110 3215 quamvis
1143 3133 1570 3216 paucioribuS,
1595 3151 1711 3214 ego
1742 3151 1896 3215 quo-

389 3251 512 3313 que
564 3231 894 3294 consentio
930 3249 942 3294 :
980 3233 1130 3314 quia
1172 3239 1398 3293 natura
1447 3249 1572 3294 non
1621 3231 1894 3294 sustinet

387 3349 461 3392 ea
505 3349 650 3412 quae
697 3329 775 3392 de
820 3348 1082 3411 corpore
1126 3330 1298 3392 aerio
1341 3349 1532 3411 supra
1573 3329 1728 3392 dicti
1775 3338 1893 3392 tra-

387 3429 545 3490 dunt
575 3429 884 3490 doctores.
921 3429 1224 3491 Praeterea
1265 3427 1578 3490 inutiliter
1613 3435 1786 3490 tanta
1811 3428 1891 3490 ad

387 3526 506 3588 hoc
534 3545 729 3609 opera
769 3525 1199 3600 adhiberetur,
1237 3527 1402 3608 quod
1449 3545 1560 3608 per
1593 3525 1890 3608 spiritua-

391 3624 510 3686 lem
543 3624 974 3706 operationem
1005 3624 1324 3706 spirituali
1355 3625 1719 3688 substantiae
1749 3642 1893 3687 con·

385 3739 608 3802 gruam
643 3721 874 3783 melius
916 3720 1272 3802 perficitur,
1307 3722 1460 3783 dum
1501 3730 1563 3783 et
1596 3721 1730 3803 ipse
1762 3721 1888 3802 spi-

387 3819 545 3882 ritus
605 3838 882 3901 praesens
939 3827 1056 3892 est,
1119 3837 1428 3901 suamque
1487 3819 1886 3901 praesentiam

385 3936 498 3999 per
542 3918 822 3999 speciem
865 3916 1264 3999 spiritualem
1304 3917 1597 3979 ostendit.
1632 3917 1759 3980 Nec
1804 3926 1888 3979 ta-

387 4033 532 4077 men
573 4015 706 4078 haec
747 4023 896 4076 sunt
937 4014 1256 4096 praestigia
1298 4014 1458 4076 falsa
1501 4014 1602 4075 vel
1649 4014 1888 4077 illusio-

384 4112 650 4186 neS,nisi
684 4131 884 4194 quum
915 4112 991 4174 ad
1025 4111 1461 4194 deceptionem
1496 4113 1884 4186 ordinantur,

2008 3131 2106 3193 lus
2138 3133 2342 3195 bonus
2385 3153 2496 3196 seu
2542 3134 2764 3196 maluS.
2800 3135 2903 3197 Sic
2944 3135 3185 3217 quippe
3222 3135 3342 3198 hoc
3374 3154 3511 3218 pro-

2005 3230 2114 3292 bat
2151 3239 2217 3292 et
2254 3231 2463 3312 arguit
2497 3248 2511 3294 ε
2545 3233 2847 3315 quoniam
2892 3234 3003 3295 uni
3054 3241 3337 3315 apparet,
3380 3252 3506 3296 non

2005 3329 2208 3402 alteri,
2250 3330 2543 3411 quamvis
2588 3331 2921 3411 praesenti3
2954 3331 3210 3393 auditur
3253 3349 3507 3413 quoque

2003 3428 2084 3489 ab
2127 3446 2275 3494 uno.
2310 3445 2434 3490 non
2474 3427 2555 3490 ab
2595 3427 2742 3500 alio,
2779 3429 2924 3491 licet
2962 3430 3269 3491 adstante.
3303 3465 3383 3475 —
3412 3431 3506 3492 Ad

2005 3526 2173 3607 quod
2216 3527 2556 3607 respondet
2584 3526 2881 3588 Albertus
2914 3544 2928 3589 :
2962 3527 3136 3601 Quod
3175 3547 3339 3590 unus
3372 3547 3508 3609 per-

2004 3622 2161 3704 cipit
2210 3641 2397 3685 voces
2445 3624 2652 3704 angeli
2699 3624 3089 3706 apparentis,
3142 3643 3267 3690 non
3317 3626 3501 3700 alius,

2004 3719 2145 3782 ideo
2176 3729 2292 3793 est,
2326 3721 2477 3802 quia
2516 3721 2751 3784 locutio
2792 3722 2899 3784 illa
2938 3731 3136 3785 exstat
3170 3723 3500 3787 mirabilis

2001 3818 2546 3891 Quemadmodum
2605 3819 2777 3882 enim
2834 3836 2961 3883 non
3023 3821 3343 3902 profertur
3392 3841 3506 3904 per

2002 3916 2353 3978 materialia
2396 3935 2626 3998 organa
2668 3920 3021 3981 secundum
3067 3927 3383 3996 naturam,
3420 3920 3505 3983 ita

2000 4032 2118 4076 nec
2181 4015 2577 4077 circulariter
2638 4015 2934 4078 immutat
2996 4011 3277 4080 medium
3338 4017 3504 4081 sicut

1998 4131 2120 4175 vox
2152 4113 2478 4175 naturalis.
2514 4113 2717 4193 Hujus
2748 4114 2939 4178 etiam
2982 4135 3174 4177 causa
3202 4124 3318 4190 est,
3353 4118 3503 4198 quia

385 4211 549 4273 sicut
581 4229 696 4292 per
718 4210 1118 4292 operationes
1151 4211 1493 4292 spirituum
1527 4210 1886 4273 immundo·
1919 4217 1967 4279 D
1999 4211 2237 4275 locutio
2266 4212 2473 4292 angeli
2506 4211 2584 4273 fit
2624 4215 3036 4276 conversione
3076 4220 3137 4275 et
3172 4214 3393 4276 ordine
3424 4216 3499 4278 ad

385 4327 552 4386 rum;
571 4318 632 4370 et
661 4326 785 4371 non
819 4308 1068 4391 quando
1091 4309 1170 4371 ad
1196 4309 1677 4380 instructionem,
1691 4328 1887 4390 quum

383 4417 446 4470 ct
476 4407 763 4471 Christus
807 4409 872 4471 in
915 4409 1130 4491 specie
1172 4409 1489 4490 peregrini
1520 4410 1888 4490 apparuerit

383 4506 632 4568 duobus
672 4506 1008 4589 discipulis
1043 4525 1057 4568 :
1093 4526 1234 4589 quae
1273 4508 1519 4588 species
1564 4507 1626 4569 in
1663 4525 1884 4570 eorum

386 4611 628 4667 tantum
670 4605 874 4668 oculis
926 4605 1066 4667 fuit.
1111 4640 1191 4650 —
1233 4606 1374 4667 Haec
1420 4605 1767 4668 L’dalricuS.

461 4703 657 4783 Cujus
715 4703 955 4785 scripta
1016 4721 1307 4784 magnam
1371 4703 1529 4764 mihi
1590 4703 1888 4784 ingerunt

379 4803 865 4866 admirationem
911 4820 925 4864 ε
969 4802 1121 4884 quia
1167 4803 1267 4883 (ut
1315 4800 1544 4882 patuit)
1590 4801 1885 4864 Albertus

379 4920 571 4982 super
601 4901 882 4982 primurn
915 4910 977 4963 et
1011 4900 1074 4962 in
1102 4900 1264 4963 libro
1295 4901 1372 4962 de
1404 4900 1478 4961 lv
1507 4901 1885 4982 Coaequaevis

377 4999 777 5080 apertissime
837 4999 1082 5072 scribit,
1135 4999 1303 5082 quod
1353 5017 1499 5060 vere
1550 5009 1886 5062 assumunt

379 5114 640 5178 corpora
693 5097 755 5159 in
811 5096 1045 5179 quibus
1101 5103 1431 5178 apparent,
1485 5106 1548 5158 et
1597 5099 1767 5179 quod
1819 5098 1884 5160 in

379 5193 504 5256 illis
549 5201 887 5256 moventur
919 5194 1219 5256 localiter.
1257 5195 1389 5256 Imo
1430 5202 1494 5255 et
1537 5202 1662 5256 tres
1699 5195 1882 5259 ratio-

377 5311 486 5360 nes
513 5292 795 5373 assignat
839 5311 954 5354 cur
981 5311 1202 5361 eorum
1245 5311 1508 5375 corpora
1551 5293 1882 5358 nominan-

1997 4328 2146 4372 eum
2194 4309 2296 4371 cui
2345 4309 2630 4391 loquitur
2663 4326 2676 4372 :
2713 4311 2950 4374 idcirco
2990 4329 3115 4373 non
3156 4321 3338 4374 sonat
3376 4312 3500 4374 nisi

1997 4409 2169 4490 apud
2231 4408 2431 4470 illum.
2485 4409 2660 4472 idem
2711 4409 2788 4471 de
2844 4410 3353 4492 apparitionibus
3407 4419 3502 4474 cst

1998 4507 2361 4569 dicendum.
2407 4542 2487 4552 —
2526 4507 2669 4568 Haec
2707 4507 3020 4570 Albertus.
3068 4509 3301 4572 Eadem
3346 4529 3499 4593 quo-

1998 4623 2122 4686 que
2151 4613 2524 4685 argumenta
2556 4605 2829 4667 faciliter
2858 4605 3193 4668 solvuntur
3220 4608 3301 4670 ab
3332 4609 3496 4684 aliis,

2001 4709 2066 4763 ut
2113 4702 2371 4783 patebit.

2077 4801 2527 4864 Verumtamen
2585 4820 2709 4865 non
2760 4820 2922 4874 reor,
2974 4803 3336 4866 Udalricum
3389 4805 3499 4868 illa

1999 4901 2297 4962 recitasse
2330 4900 2649 4974 mendose,
2678 4920 2794 4962 nec
2827 4920 2942 4964 suo
2974 4903 3275 4983 magistro
3306 4903 3496 4965 talem

1995 4998 2365 5080 opinionem
2396 4999 2811 5081 adscripsisse
2844 5000 3252 5063 mendaciter.
3289 5002 3496 5065 Potest

1996 5097 2233 5159 etenim
2265 5113 2403 5158 esse
2440 5098 2607 5179 quod
2640 5098 2717 5160 de
2748 5099 2968 5161 eadem
3007 5100 3270 5161 materia
3300 5100 3363 5162 in
3403 5102 3497 5163 di-

1995 5193 2197 5256 versis
2250 5193 2404 5256 locis
2452 5202 2642 5277 atque
2685 5196 3081 5277 temporibus
3126 5197 3495 5262 diversimo-

1995 5293 2072 5356 de
2113 5293 2380 5356 senserit
2422 5311 2493 5355 ac
2534 5294 2861 5376 scripserit
2898 5313 2912 5356 :
2952 5297 3491 5380 quemadmodum
