4334 6242
171 2845 201 2871 ε.
220 2845 267 2882 ιι,
288 2834 348 2875 te.

583 481 671 528 Art
712 482 987 532 Anauros
1028 483 1383 533 nunc-nome
1428 484 1732 532 ΝΑτυιιΑιι
1772 483 1959 530 mois
2001 482 2322 528 nunxssnu·
2365 482 2530 528 unm
2571 483 2738 538 Qum
2781 483 2852 530 sn
2895 483 3095 540 ιΡευΜ,
3134 482 3262 529 mc.
3347 463 3466 530 279

372 669 439 713 re
474 670 629 715 vero
667 655 937 718 naturali
980 656 1090 738 qui
1135 664 1228 719 est
1269 673 1383 738 per
1420 656 1869 738 cognitionem,
1902 653 1955 716 A
1982 654 2190 717 solum
2247 653 2464 735 dirigit
2507 653 2914 717 dilectionem
2966 653 3466 727 deliberativam,

370 758 467 811 est
496 751 735 832 duplex
768 753 1321 837 impedimentum,
1342 755 1677 817 videlicet:
1708 756 1875 836 igno-

370 847 577 910 rantia
622 849 774 912 boni
821 850 887 913 in
934 852 1104 934 quod
1152 860 1317 915 esset
1366 855 1777 928 tendendum,
1811 861 1873 914 et

372 947 678 1010 violentia
736 949 949 1032 aliqua
1008 960 1213 1013 metus
1270 957 1380 1012 aut
1441 951 1707 1025 timoris,
1760 971 1871 1014 seu

372 1045 545 1108 aliud
606 1047 851 1130 aliquid
898 1049 1253 1131 impediens
1302 1051 1679 1113 exteriorem
1742 1068 1871 1112 mo-

375 1153 509 1206 tum
542 1146 679 1208 sive
714 1148 1121 1219 tendentiam,
1147 1147 1439 1229 quamvis
1470 1166 1597 1211 non
1628 1155 1872 1209 motum

374 1243 676 1306 desiderii
718 1245 1106 1310 interiorem.
1142 1247 1218 1308 Et
1252 1247 1433 1326 juxta
1471 1246 1604 1310 haec
1638 1245 1873 1308 diversi

372 1351 523 1405 sunt
570 1345 803 1425 gradus
847 1345 1227 1418 dilectioniS,
1261 1343 1495 1426 quibus
1537 1343 1615 1405 rit
1662 1351 1873 1406 motus

373 1441 439 1504 in
488 1441 729 1504 bonum
786 1443 1127 1524 dupliciter
1169 1460 1183 1504 ε
1227 1443 1457 1524 primo,
1510 1461 1624 1524 per
1673 1443 1871 1522 impe-

373 1547 509 1600 tum
558 1547 819 1614 naturae,
855 1540 955 1601 cui
998 1558 1123 1602 non
1166 1549 1372 1621 potest
1412 1541 1703 1602 resistere
1740 1558 1871 1602 mo·

372 1644 531 1709 tum,
586 1655 700 1698 seu
748 1655 967 1700 amans
1016 1638 1117 1700 vel
1166 1646 1515 1721 appetens3
1566 1639 1867 1710 secund0,

372 1753 487 1815 per
534 1734 895 1798 libertatem
946 1736 1297 1809 electioniS,
1350 1735 1459 1817 qui
1514 1743 1723 1797 motus
1775 1743 1871 1795 est

1981 772 2107 834 qua
2137 754 2302 815 Deus
2334 760 2428 814 est
2457 751 2814 832 diligendus
2846 752 2910 814 in
2943 751 3226 834 speciali,
3258 770 3474 834 quem-

1981 850 2323 912 admodum
2356 850 2632 930 cognitio
2671 851 2780 912 illa
2806 857 2902 911 est
2938 850 3004 912 in
3040 850 3324 932 speciali.
3356 849 3477 912 Sed

1980 949 2057 1010 ad
2088 949 2487 1030 propositum
2519 955 2759 1029 spectat
2799 947 3075 1028 cognitio
3105 949 3216 1010 Dei
3251 947 3316 1010 in
3346 966 3478 1009 cre-

1980 1047 2179 1108 aturis
2220 1054 2327 1107 aut
2367 1047 2433 1108 in
2473 1065 2540 1109 se
2583 1046 2742 1128 ipse,
2776 1065 2916 1128 quae
2955 1045 3171 1126 dirigit
3200 1045 3482 1108 dilectio-

1982 1164 2130 1206 nem
2162 1145 2272 1206 Dei
2304 1163 2463 1226 pure
2504 1145 2880 1218 naturalem,
2915 1163 3041 1226 qua
3079 1143 3482 1225 cognoscitur

1984 1242 2049 1304 in
2096 1242 2438 1304 universali
2484 1242 2714 1315 solum,
2748 1241 3286 1324 quemadmodum
3327 1241 3480 1303 dile-

1982 1340 2191 1402 ctione
2231 1359 2388 1421 pure
2428 1340 2698 1402 naturali
2741 1357 2865 1402 non
2907 1339 3194 1421 diligitur
3224 1339 3347 1401 nisi
3387 1338 3480 1400 di-

1983 1439 2253 1501 lectione
2286 1439 2348 1500 in
2389 1439 2729 1501 universali
2767 1456 2779 1499 :
2814 1439 3033 1500 eodem
3070 1440 3304 1501 etenim
3341 1457 3481 1500 cur-

1981 1557 2055 1598 su
2098 1539 2449 1618 procedunt
2488 1537 2764 1618 cognitio
2792 1544 2979 1618 atque
3021 1536 3278 1601 dilectio
3309 1537 3478 1599 circa

1979 1635 2202 1696 Deum.

2058 1734 2275 1815 Itaque
2322 1733 2636 1816 loquendo
2681 1734 2758 1795 de
2800 1733 3138 1795 dilectione
3182 1733 3476 1817 benepla-

373 1832 733 1895 dilectionis
762 1834 1043 1896 liberalis
1074 1853 1185 1896 seu
1227 1821 1672 1896 deliberativae‘.
1708 1832 1866 1894 Hinc
1905 1831 1950 1893 B
1981 1832 2224 1904 centiae,
2260 1851 2386 1912 qua
2426 1831 2712 1912 diligitur
2753 1831 2992 1894 bonum
3044 1833 3164 1913 ipsi
3214 1832 3473 1906 amanti,

373 1929 631 1993 dilectio
697 1932 1024 2007 naturaliS,
1085 1939 1325 1995 naturae
1394 1933 1704 2014 impetum
1768 1950 1867 1993 εε-

374 2047 597 2110 quenS,
631 2038 729 2092 est
767 2031 945 2110 quasi
987 2031 1235 2112 pondus
1276 2030 1650 2092 naturaliter
1694 2029 1871 2091 incli-

374 2145 529 2188 nans
578 2127 657 2188 ad
709 2136 949 2190 motum
998 2135 1059 2190 et
1105 2135 1340 2202 actum,
1384 2129 1548 2190 sicut
1594 2127 1867 2208 gravitas

372 2225 565 2286 trahit
614 2225 930 2288 deorsum.
966 2226 1141 2288 Unde
1190 2227 1255 2288 in
1305 2225 1467 2289 libro
1516 2225 1868 2288 Confessio-

374 2341 527 2384 num
589 2323 871 2404 loquitur
928 2323 1317 2405 Augustinus
1373 2343 1386 2387 ε
1438 2324 1630 2387 Amor
1689 2343 1868 2387 meus

376 2422 623 2502 pondus
656 2441 891 2496 meum,
926 2440 1012 2485 eo
1040 2421 1210 2484 feror
1238 2441 1643 2505 quocumque
1674 2422 1861 2484 seror.

374 2519 575 2581 Motus
604 2527 816 2582 autem
847 2519 1206 2582 dilectionis
1237 2520 1540 2594 liberalis,
1560 2529 1653 2582 est
1685 2521 1865 2602 quasi

375 2637 485 2698 pes
537 2619 891 2680 voluntarie
948 2637 1015 2680 sc
1072 2620 1417 2682 extendens
1473 2620 1550 2681 ad
1611 2638 1864 2703 proces-

376 2735 541 2790 sum,
590 2717 941 2778 secundum
992 2719 1159 2798 quod
1208 2718 1432 2780 asserit
1477 2717 1867 2798 Augustinus

376 2834 568 2896 super
616 2815 680 2878 id
733 2815 984 2890 Psalmi,
1038 2817 1546 2897 comprehensus
1603 2822 1699 2876 est
1757 2834 1868 2896 pes

376 2931 592 2975 eorum
619 2914 768 2976 :Pes
799 2914 1026 2977 animae
1062 2922 1229 2976 recte
1266 2913 1640 2994 intelligitur
1668 2931 1864 2975 amor.

1979 1931 2145 1992 Deus
2202 1931 2487 2011 diligitur
2535 1931 2803 1993 naturali
2858 1930 3197 1993 dilectione
3245 1951 3282 1992 a
3329 1950 3478 2012 qua-

1979 2046 2255 2109 cumque
2302 2028 2623 2091 voluntate
2663 2037 2872 2090 creata
2911 2047 3104 2110 super
3147 2029 3376 2101 omnia,
3411 2029 3476 2090 in

1980 2133 2288 2208 quantum
2320 2135 2415 2188 est
2444 2127 2648 2190 bonus
2680 2127 3073 2209 simpliciter,
3093 2135 3152 2188 et
3179 2127 3476 2209 quoniam

1979 2224 2185 2286 honus
2235 2232 2351 2299 est,
2400 2233 2462 2287 et
2511 2226 2668 2287 ratio
2717 2225 3021 2306 diligendi
3073 2225 3282 2287 omnis
3329 2225 3479 2288 alte-

1981 2322 2113 2384 rius
2146 2323 2319 2396 boni,
2353 2331 2415 2384 et
2447 2322 2804 2385 universale
2834 2323 3098 2396 bonum,
3123 2323 3260 2385 sine
3292 2323 3478 2402 cujus

1982 2422 2467 2503 participatione
2513 2421 2672 2484 nihil
2716 2430 2812 2483 est
2854 2421 3184 2502 diligibile.
3219 2422 3347 2484 Nec
3389 2421 3480 2483 di-

1982 2519 2184 2600 ligens
2230 2519 2439 2600 diligit
2480 2539 2548 2582 se
2590 2520 2800 2601 ipsum
2845 2539 2956 2581 seu
3000 2518 3243 2601 aliquid
3278 2518 3474 2593 aliud,

1981 2618 2103 2679 nisi
2155 2618 2218 2678 ‚in
2270 2626 2578 2700 quantum
2628 2617 2840 2698 aliqua
2887 2617 3045 2679 ratio
3092 2616 3243 2680 boni
3295 2617 3360 2678 in
3409 2636 3476 2679 se

1977 2723 2084 2777 aut
2117 2716 2183 2777 in
2214 2716 2340 2778 alio
2371 2723 2580 2778 creato
2611 2715 2900 2778 consistit
2933 2732 2946 2777 ε
2979 2734 3120 2797 quae
3151 2714 3310 2776 ratio
3340 2733 3478 2796 per-

1981 2814 2141 2877 fecte
2187 2815 2549 2876 continetur
2592 2815 2656 2876 in
2707 2815 2855 2887 De0,
2888 2813 2996 2895 qui
3045 2814 3109 2875 in
3158 2813 3265 2875 illo
3309 2814 3477 2876 bono

1978 2920 2188 2974 creato
2227 2913 2531 2993 diligitur.
2566 2913 2799 2973 Verum
2843 2912 2961 2973 ista
2999 2911 3258 2975 dilectio
3297 2919 3477 2974 natu-

375 3010 477 3072 11ae
525 3029 675 3092 ergo
726 3013 868 3074 duae
920 3011 1291 3073 dilectiones
1345 3011 1654 3073 differunt
1706 3011 1871 3073 sicut
1901 3007 1943 3070 C
1980 3010 2150 3084 ralis,
2185 3029 2310 3091 qua
2340 3029 2533 3092 super
2562 3011 2775 3071 omnia
2809 3009 3097 3090 diligitur
3126 3011 3312 3081 Βευε,
3347 3009 3476 3070 val-

376 3107 803 3188 impetuosum
835 3117 897 3171 et
928 3109 1234 3187 liberum3
1262 3116 1535 3189 suntque
1566 3110 1705 3170 duze
1735 3127 1872 3190 spe-

375 3206 501 3268 cies
531 3206 912 3280 dilectioniS,
944 3207 1260 3270 distinctae
1294 3225 1485 3288 penes
1525 3207 1744 3268 modos
1778 3207 1869 3268 in-

374 3303 733 3367 clinationis
776 3305 841 3365 in
886 3303 1144 3368 bonum.

449 3403 639 3466 Porro
680 3403 814 3464 haec
864 3403 1129 3483 quaestio
1175 3403 1550 3483 intelligitur
1591 3403 1669 3463 de
1716 3401 1869 3463 dile-

374 3501 581 3563 ctione
631 3499 902 3562 naturali
954 3500 1399 3561 intellectualis
1444 3508 1745 3562 creaturae
1791 3519 1869 3561 ex

374 3597 733 3680 cognitione
782 3598 1069 3661 rationali
1124 3598 1258 3660 sive
1314 3598 1699 3660 intellectiva
1756 3616 1868 3659 na-

373 3704 609 3770 scente,
646 3715 786 3777 quae
829 3703 925 3758 est
966 3695 1224 3758 dilectio
1267 3697 1610 3760 voluntatis
1652 3703 1721 3756 ut
1766 3715 1871 3756 na-

374 3801 511 3854 tura
549 3801 669 3866 est,
700 3800 891 3874 atque
931 3813 1044 3875 per
1074 3793 1193 3856 hoc
1232 3795 1425 3856 etiam
1466 3795 1543 3855 de
1583 3793 1691 3854 illa
1728 3812 1869 3874 quae

368 3898 463 3952 est
502 3890 849 3952 voluntatis
894 3898 964 3952 ut
1000 3891 1365 3965 voluntatiS,
1408 3898 1625 3972 utpote
1668 3899 1736 3951 ut
1776 3898 1869 3952 est

372 3989 573 4051 libera
602 3997 665 4051 et
705 3989 1135 4052 deliberativa.
1172 3990 1438 4052 Dilectio
1476 3991 1732 4051 demum
1768 4009 1871 4050 na-

372 4089 593 4151 turalis
621 4107 751 4150 non
784 4096 878 4150 est
908 4089 1031 4150 nisi
1064 4087 1213 4151 honi
1247 4089 1645 4170 simpliciter,
1665 4108 1873 4169 quam-

1979 3109 2055 3169 de
2086 3116 2183 3169 est
2215 3106 2608 3189 imperfecta,
2630 3107 2943 3188 habetque
2977 3106 3198 3188 perfici
3233 3107 3476 3169 dilecti-

1978 3225 2097 3269 one
2126 3206 2710 3287 deliberativa,quae
2741 3205 3027 3286 sequitur
3056 3205 3478 3286 cognitionem

1978 3305 2087 3368 Dei
2124 3306 2189 3366 in
2223 3304 2529 3366 creaturis
2563 3303 2626 3364 in
2659 3302 2916 3384 speciali
2955 3319 2967 3363 :
3001 3309 3064 3364 et
3094 3303 3235 3374 hoc,
3269 3302 3477 3383 quoad

1979 3401 2145 3464 bona
2195 3401 2505 3464 naturalia
2547 3420 2658 3462 seu
2705 3400 3002 3478 moralia3
3033 3406 3096 3461 et
3138 3418 3336 3481 quum
3389 3399 3478 3460 in-

1978 3499 2248 3561 formata
2297 3499 2490 3561 fuerit
2539 3498 2819 3570 caritate,
2871 3498 3078 3580 quoad
3130 3496 3292 3560 bona
3344 3514 3479 3577 gra-

1977 3597 2153 3658 tuita.

2058 3695 2179 3760 Sed
2224 3702 2436 3756 utrum
2480 3695 2820 3757 dilectione
2863 3692 3134 3755 naturali
3178 3691 3476 3756 amicitiae

1977 3803 2037 3856 et
2077 3793 2536 3856 benevolentiae
2575 3793 2740 3854 Deus
2781 3811 2975 3873 super
3004 3790 3218 3853 omnia
3254 3791 3473 3872 diliga-

1978 3900 2100 3966 tur,
2135 3909 2263 3955 non
2307 3897 2402 3953 est
2446 3910 2521 3952 ex
2560 3890 2660 3952 his
2705 3888 3135 3963 manifestum,
3169 3889 3319 3971 quia
3355 3909 3472 3950 nec

1978 3993 2042 4054 in
2082 4011 2149 4053 se
2192 3990 2598 4052 manifestum
2643 3997 2738 4050 est
2783 3996 2994 4049 utrum
3044 3987 3149 4049 tali
3189 3987 3472 4050 dilectio-

1976 4110 2055 4152 ne
2086 4089 2374 4151 absolute
2416 4087 2771 4167 diligendus
2803 4087 2903 4146 sit.
2943 4085 3047 4146 Est
3085 4103 3233 4166 ergo
3264 4086 3474 4148 dicen-

372 4188 466 4249 vis
506 4186 799 4250 voluntas
846 4195 917 4248 ut
960 4187 1179 4260 libera,
1225 4187 1450 4250 habeat
1498 4206 1565 4249 se
1616 4186 1869 4249 inditte-
1899 4191 1949 4252 D
1978 4192 2153 4260 dum,
2188 4189 2355 4268 quod
2386 4205 2584 4269 quum
2617 4185 2918 4257 amicitia,
2952 4184 3303 4245 secundum
3333 4185 3473 4246 Phi-

376 4295 587 4349 renter
623 4287 701 4347 ad
744 4285 984 4347 bonum
1024 4285 1402 4366 simpliciter
1438 4295 1497 4348 et
1532 4304 1863 4366 apparens

372 4387 703 4466 Quumque
734 4384 896 4445 nihil
926 4391 1111 4465 queat
1140 4384 1328 4444 amari
1364 4384 1481 4446 nisi
1516 4385 1870 4465 aliqualiter

372 4485 721 4566 cognitum,
753 4484 808 4544 si
838 4483 1004 4544 Deus
1034 4482 1341 4562 diligitur,
1376 4483 1493 4544 hoc
1525 4492 1621 4546 est
1650 4503 1872 4546 secun-

373 4585 525 4646 dum
575 4582 748 4663 quod
805 4581 1225 4662 cognoscitur.
1281 4581 1399 4643 Sed
1460 4582 1735 4663 cognitio
1792 4583 1869 4644 de

373 4683 499 4744 Deo
546 4688 644 4743 est
692 4679 925 4761 duplex
972 4697 987 4740 z
1032 4698 1159 4740 una
1208 4679 1271 4741 in
1326 4681 1713 4760 particulari,
1747 4700 1872 4762 qua

375 4778 776 4860 cognoscitur
805 4779 970 4858 quod
1006 4778 1137 4859 ipse
1170 4777 1252 4839 sit
1280 4779 1682 4858 singularitas
1713 4799 1875 4860 quae-

375 4879 542 4950 dam,
577 4897 720 4959 quaa
756 4883 855 4936 est
898 4875 1106 4956 ipsum
1153 4895 1411 4937 necesse
1449 4895 1587 4939 esse
1625 4877 1874 4938 absolu-

378 4985 471 5052 tez,
503 4977 630 5038 alia
658 4993 785 5056 qua
815 4975 1216 5054 cognoscitur
1246 4975 1411 5055 quod
1445 4975 1527 5036 sit
1557 4974 1581 5036 l
1586 4975 1705 5037 inis
1736 4976 1877 5037 bea-

378 5073 634 5138 tificans
666 5079 1039 5134 creaturam.
1076 5073 1162 5134 De
1204 5073 1318 5133 hac
1352 5073 1707 5153 cognitione
1738 5073 1873 5148 Dei,

380 5174 513 5236 sive
546 5190 660 5254 per
695 5171 917 5245 fidem,
950 5172 1083 5232 sive
1123 5190 1235 5253 per
1264 5172 1566 5253 speciem,
1602 5173 1759 5233 nihil
1798 5174 1876 5233 ad

382 5271 779 5354 propositum
806 5287 820 5332 :
844 5269 1147 5352 quoniam
1184 5269 1392 5331 omnis
1430 5270 1569 5332 talis
1605 5271 1877 5351 cognitio

1980 4288 2340 4368 losophum,
2385 4291 2624 4365 quaerat
2669 4283 3115 4364 aequalitatem,
3167 4288 3229 4343 et.
3276 4281 3474 4343 nimia

1977 4383 2276 4445 distantia
2316 4383 2661 4444 amicitiam
2705 4387 3090 4462 corrumpat,
3126 4380 3288 4442 Deus
3331 4397 3473 4460 pro-

1980 4483 2116 4564 prie
2169 4481 2484 4562 loquendo
2528 4480 2704 4541 nullo
2749 4481 2936 4541 modo
2979 4478 3336 4558 diligendus
3381 4485 3476 4539 est

1979 4580 2318 4642 dilectione
2362 4578 2681 4650 amicitiae,
2719 4579 2868 4659 quia
2907 4595 3032 4638 non
3078 4577 3259 4637 decet
3301 4594 3468 4638 eum.

1979 4679 2138 4740 Hinc
2172 4677 2424 4759 proprie
2455 4675 3141 4757 loquend0,dilectione
3170 4673 3476 4734 delibera-

1985 4779 2110 4839 tiva
2138 4777 2437 4838 amicitiae
2468 4775 2642 4836 nulla
2673 4782 2957 4835 creatura
2986 4772 3194 4852 diligit
3226 4771 3425 4833 Deum
3457 4789 3471 4832 t

1982 4895 2178 4957 quare
2230 4875 2432 4936 multo
2474 4873 2702 4935 fortius
2747 4891 2862 4934 nec
2911 4871 3250 4933 dilectione
3300 4876 3478 4931 natu-

1984 4972 2099 5035 rali
2150 4971 2468 5040 amicitiae,
2511 4990 2708 5052 quum
2761 4969 3015 5032 dilectio
3065 4968 3478 5031 deliberativa

1985 5071 2278 5152 perficiat
2319 5069 2688 5130 naturalem.
2727 5069 2798 5128 Et
2839 5068 3003 5128 sicut
3044 5068 3170 5129 Deo
3209 5083 3334 5128 non
3373 5067 3477 5126 de-

1984 5169 2172 5232 betur
2200 5168 2456 5229 dilectio
2484 5167 2801 5238 amicitur,
2836 5167 2920 5227 ita
2951 5184 3067 5227 nec
3098 5164 3480 5227 benevolen-

1988 5268 2110 5340 tia),
2154 5285 2354 5349 quum
2393 5263 2648 5327 dilectio
2685 5263 3142 5327 benevolentia}
3182 5263 3264 5326 sit
3302 5261 3476 5347 pedi-
