4334 6242
57 4459 106 4500 p.
139 4447 218 4488 ⁴01
236 4443 284 4488 C.

41 4641 164 4687 Dan.
181 4646 313 4692 καί.

953 512 1032 558 ΒΕ
1072 511 1347 560 onmNmt
1389 509 1830 568 DISTINCTIONE,
1870 509 2325 557 APPELLATIONE
2366 510 2441 556 m·
2480 510 2893 559 PRoPmETA'rE

3350 492 3470 558 493

365 680 656 760 intellige
699 680 963 761 spiritus
1007 678 1182 753 istoS,
1217 678 1284 740 in
1328 677 1564 761 quibus
1611 684 1868 760 stupen-
1895 675 1947 740 A
1977 696 2114 739 esse
2143 677 2537 760 principium
2567 680 3178 753 attendenteS‚tanta
3205 679 3472 761 proinde

365 779 448 840 da
491 778 855 860 dignatione
895 795 1006 838 rex
1047 777 1156 839 ille
1200 777 1604 858 omnipotens
1648 775 1868 837 sedere

364 877 577 957 elegit.

447 976 536 1037 De
585 976 703 1037 hac
747 973 1044 1038 ordinum
1097 973 1507 1036 distinctione
1553 971 1868 1054 angelico-

362 1093 511 1136 rum
551 1074 830 1136 multum
869 1071 1107 1134 diffuse
1147 1071 1370 1134 scribit
1407 1070 1705 1132 Albertus
1741 1077 1868 1132 tam

362 1172 474 1234 hic
503 1191 696 1254 quam
735 1170 800 1233 in
842 1169 1005 1232 libro
1044 1168 1122 1232 de
1150 1169 1228 1231 IV
1259 1167 1642 1251 Coaequaevis
1677 1185 1691 1230 :
1725 1188 1870 1250 quae

361 1269 664 1333 brevitati
715 1269 976 1332 studens
1037 1274 1425 1350 pertranseo
1489 1267 1566 1329 Et
1623 1267 1689 1328 in
1748 1267 1868 1329 hoc

363 1367 713 1432 conformis
761 1375 859 1430 est
899 1366 1040 1447 ejus
1089 1365 1322 1448 positio
1369 1365 1736 1448 praehabitis
1780 1365 1870 1426 di·

361 1467 484 1528 ctis
531 1466 808 1539 Thomae,
855 1465 1023 1546 quod
1071 1464 1151 1526 ad
1197 1463 1596 1545 Principatus
1643 1463 1870 1526 asserit

361 1565 682 1646 pertinere
728 1563 1202 1646 provinciarum
1250 1569 1315 1624 et
1355 1579 1698 1642 regnorum
1741 1562 1868 1624 dis-

360 1662 747 1744 positionem
798 1668 988 1743 atque
1039 1660 1430 1739 custodiam3
1461 1659 1538 1721 ad
1587 1659 1866 1722 Archan-

357 1760 557 1842 geloS,
609 1759 984 1822 denuntiare
1035 1759 1294 1840 maiora.
1348 1758 1425 1819 Et
1480 1758 1600 1820 hoc
1647 1757 1862 1820 verius

1978 775 2375 858 principatus
2423 777 2729 858 dignitate
2776 796 2849 840 ac
2896 777 3098 858 gloria
3144 778 3477 840 dominan-

1977 881 2101 947 tur,
2135 883 2208 935 ut
2252 874 2493 957 ubique
2538 884 2850 938 terrarum
2894 875 3166 938 habeant
3206 885 3478 958 potesta-

1977 980 2106 1033 tem
2147 972 2329 1053 quasi
2370 973 2449 1035 de
2489 992 2741 1036 summo
2779 974 3054 1055 quodam
3089 975 3346 1037 cardine
3384 994 3480 1037 re-

1977 1086 2101 1149 gna
2148 1077 2211 1132 et
2255 1070 2651 1152 principatus
2695 1070 3018 1152 quoslibet
3059 1090 3175 1154 pro
3216 1072 3481 1136 arbitrio

1979 1175 2249 1242 mutare,
2282 1168 2747 1251 dignitatesque
2791 1170 3086 1233 ordinare
3121 1188 3134 1232 :
3168 1189 3284 1253 pro
3327 1187 3480 1253 quo-

1978 1285 2120 1327 rum
2154 1266 2401 1328 meritis
2432 1265 2676 1328 faciunt
2706 1267 2946 1349 primos
2977 1267 3381 1343 novissimoS,
3413 1277 3478 1331 et

1978 1364 2363 1427 novissimos
2418 1365 2703 1446 primos3
2752 1373 2943 1448 atque
2990 1367 3319 1449 deponunt
3367 1385 3477 1450 po-

1977 1468 2181 1523 tentes
2212 1460 2291 1522 de
2322 1461 2492 1535 sede,
2516 1469 2578 1524 et
2608 1461 2885 1524 exaltant
2914 1463 3210 1526 humiles.
3236 1465 3313 1527 Et
3343 1483 3478 1527 rur-

1975 1577 2084 1621 sus
2133 1576 2148 1620 :
2194 1560 2591 1642 Principatus
2639 1579 2779 1624 esse
2828 1569 3151 1644 putemuS‚
3200 1581 3475 1645 quorum

1977 1657 2413 1720 moderamine
2466 1666 2528 1720 et
2575 1658 2890 1742 sapientia
2936 1659 3145 1736 omnis
3195 1661 3261 1724 in
3309 1669 3479 1725 terra

1975 1757 2374 1839 principatus
2404 1757 2834 1834 constituitur,
2855 1759 3116 1840 regitur,
3142 1760 3473 1836 limitatur,

358 1877 504 1922 reor
547 1876 739 1941 quam
783 1858 954 1940 quod
996 1857 1243 1940 praefati
1287 1857 1510 1919 dicunt
1546 1855 1858 1929 doctoreS‚
1898 1858 1946 1921 B
1974 1854 2373 1930 transfertur,
2419 1862 2528 1918 aut
2569 1857 2917 1919 mutilatur.

355 1964 714 2020 asserentes
761 1956 931 2038 quod
979 1956 1056 2019 ad
1100 1955 1500 2037 Principatus
1548 1953 1863 2036 pertineat

356 2055 632 2136 dirigere
670 2055 996 2137 principes
1038 2063 1102 2117 et
1140 2053 1452 2137 praelatos.
1487 2053 1622 2115 Imo
1658 2071 1860 2135 quum

355 2152 684 2235 principes
722 2159 787 2214 et
824 2150 1068 2234 praelati
1104 2151 1234 2214 sint
1270 2150 1608 2233 praecipuae
1652 2157 1862 2232 partes

354 2269 432 2312 ac
481 2250 692 2333 capita
739 2249 1296 2324 communitatum,
1345 2247 1548 2330 magis
1598 2254 1863 2330 apparet

355 2350 530 2432 quod
573 2350 652 2412 ad
690 2350 946 2412 eosdem
991 2349 1254 2431 spiritus
1291 2347 1609 2428 angelicos
1651 2347 1728 2408 de
1767 2364 1863 2408 or-

354 2447 506 2510 dine
555 2446 1035 2529 Principatuum
1093 2453 1338 2529 spectet
1393 2454 1524 2507 tam
1579 2445 1864 2527 praelato-

352 2566 502 2609 rum
551 2565 624 2609 ac
673 2546 1042 2628 principum
1085 2563 1278 2626 quam
1327 2544 1860 2607 communitatum

353 2645 486 2708 illis
528 2645 1018 2708 commissarum
1057 2643 1324 2706 directio
1362 2650 1426 2705 et
1459 2643 1611 2704 item
1652 2649 1860 2704 custo-

352 2743 482 2818 dia,
517 2744 683 2806 sicut
719 2750 783 2806 et
810 2743 1082 2804 Thomas
1119 2741 1338 2822 tangit.
1374 2741 1679 2822 Denique,
1713 2739 1860 2803 dato

351 2842 527 2923 quod
573 2841 1054 2924 Principatuum
1097 2848 1265 2904 esset
1307 2840 1582 2921 praelatis
1627 2838 1860 2920 princi-

353 2939 678 3022 pibusque
718 2939 988 3002 terrenis
1029 2955 1322 3020 praeesse,
1355 2955 1482 2999 non
1523 2943 1736 2998 tamen
1780 2953 1858 2998 ex

2052 1955 2320 2016 Proinde
2363 1955 2574 2018 recolo
2618 1973 2721 2018 me
2768 1964 2913 2018 ante
2959 1975 3159 2020 annos
3211 1959 3474 2040 quadra-

1971 2053 2164 2132 ginta,
2200 2053 2352 2116 dum
2395 2054 2461 2116 in
2502 2054 2777 2136 pueritia
2815 2055 3085 2118 Suollis*
3122 2057 3467 2132 studerem,

1970 2152 2207 2214 vidisse
2237 2171 2310 2214 ac
2353 2152 2578 2234 legisse
2614 2160 2957 2216 tractatum
2990 2172 3029 2215 a
3058 2154 3119 2217 S.
3153 2154 3471 2219 Bernardo

1971 2251 2423 2332 compositum,
2457 2252 2523 2314 in
2553 2269 2681 2333 quo
2712 2251 2977 2315 Sanctus
3018 2252 3127 2314 ille
3156 2254 3469 2335 poeniten·

1971 2347 2126 2410 tiam
2185 2348 2315 2430 agit
2374 2349 2451 2412 de
2510 2349 2629 2412 hoc
2678 2350 2847 2433 quod
2904 2351 2969 2412 in
3018 2352 3467 2433 assignatione,

1972 2445 2367 2508 ordinatione
2398 2454 2459 2508 et
2489 2447 2897 2510 distinctione
2928 2448 3358 2529 angelicorum
3386 2467 3476 2514 or-

1971 2543 2221 2618 dinum,
2281 2564 2319 2607 a
2376 2545 2713 2608 traditione
2770 2553 2837 2608 et
2892 2547 3318 2627 assignatione
3382 2549 3474 2611 di-

1970 2641 2313 2715 vinissimi,
2360 2644 2769 2706 sacratissimi
2826 2653 2890 2707 et
2947 2645 3473 2728 theologicissimi

1970 2741 2256 2823 Dionysii
2299 2761 2643 2825 parumper
2684 2744 2965 2806 recessit.

2050 2840 2275 2903 Adhuc
2313 2849 2527 2904 autem
2570 2842 2897 2904 Udalricus
2937 2843 3005 2905 in
3044 2843 3306 2906 Summa
3336 2863 3471 2918 sua,

1971 2938 2137 3002 libro
2176 2948 2423 3022 quarto,
2456 2940 2757 3003 disseruit
2789 2957 2803 3002 ε
2836 2942 3041 3015 Quum
3081 2942 3290 3004 omnis
3330 2961 3477 3025 ope·

352 3038 476 3100 hoc
505 3045 879 3121 sequeretur
908 3037 1076 3121 quod
1108 3036 1467 3119 superiores
1498 3042 1710 3097 essent
1739 3035 1862 3118 spi·
1895 3043 1939 3107 C
1972 3039 2130 3100 ratio
2187 3038 2380 3118 hujus
2444 3039 2668 3121 primae
2728 3038 3099 3102 hierarchiae
3160 3040 3244 3102 sit
3305 3041 3476 3104 circa

350 3135 590 3198 ritibus
633 3154 907 3219 quorum
954 3143 1050 3198 est
1098 3134 1448 3218 provinciis
1496 3133 1854 3216 praesidere.

345 3234 510 3296 Nam
565 3234 860 3316 quamvis
910 3233 1206 3316 praelatus
1260 3252 1374 3296 seu
1427 3232 1726 3314 princeps
1776 3232 1859 3293 sit

347 3333 606 3414 dignior
641 3350 830 3413 grege
873 3331 996 3394 sibi
1038 3331 1402 3404 commisso,
1438 3331 1503 3392 in
1543 3337 1856 3412 quantum

345 3429 664 3512 superior,
699 3447 828 3492 non
867 3436 1080 3492 tamen
1121 3437 1218 3492 est
1247 3428 1646 3502 melior,·nec
1680 3427 1856 3510 prin-

343 3527 623 3610 cipalius
665 3527 897 3589 cadens
937 3527 1057 3589 sub
1097 3526 1498 3609 providentia
1526 3525 1638 3588 Dei
1673 3543 1688 3587 ε
1723 3525 1855 3588 imo

341 3625 588 3689 bonum
621 3633 684 3687 et
713 3625 1164 3689 beatitudinem
1195 3625 1661 3688 communitatis
1691 3623 1854 3686 Deus

343 3724 551 3805 magis
586 3723 859 3787 intendit
885 3731 949 3786 et
978 3723 1227 3805 quaerit,
1262 3742 1454 3806 quam
1489 3721 1680 3784 unius
1711 3740 1852 3803 per-

342 3841 518 3886 sonae
547 3823 742 3885 etiam
786 3822 1204 3905 praesidentis.
1243 3822 1400 3884 Hinc
1436 3821 1760 3904 principes
1790 3828 1854 3882 et

341 3922 590 4006 praelati
641 3921 705 3982 in
757 3921 1104 3984 christiana
1151 3901 1456 4002 re’ligione
1509 3927 1855 3982 censentur

341 4020 748 4083 subditorum
781 4037 1042 4082 suorum
1076 4019 1354 4082 ministri
1381 4019 1570 4101 :quia
1597 4018 1675 4080 ad
1707 4018 1854 4080 sub-

343 4119 627 4181 ditorum
693 4118 1078 4201 profectum,
1142 4136 1364 4200 pacem
1425 4125 1487 4180 et
1554 4117 1846 4191 salutem,

1970 3135 2195 3208 Deum,
2228 3142 2291 3197 et
2329 3136 2663 3218 proprium
2701 3135 2759 3197 ei
2792 3136 2877 3198 sit
2916 3136 3282 3200 immediate
3319 3136 3473 3200 ferri

1970 3232 2036 3294 in
2075 3251 2248 3308 eum,
2280 3233 2450 3314 quod
2490 3234 2633 3296 f-ieri
2679 3234 2902 3316 nequit
2944 3235 3068 3296 nisi
3107 3235 3469 3317 tripliciter,

1968 3331 2289 3405 videlicet,
2332 3332 2686 3395 secundum
2724 3332 2923 3394 divini
2965 3333 3471 3415 superadventus

1967 3430 2404 3512 acceptionem
2470 3449 2583 3492 seu
2649 3431 3022 3506 tentionem,
3076 3432 3180 3494 vel
3243 3451 3467 3495 secun-

1967 3527 2120 3590 dum
2169 3527 2409 3610 recepti
2460 3528 2910 3609 cognitionem,
2961 3529 3064 3591 vel
3112 3530 3468 3594 secundum

1967 3625 2167 3688 habiti
2200 3633 2264 3688 et
2303 3626 2540 3707 cogniti
2580 3625 2950 3690 fruitionem
2986 3646 3102 3710 per
3137 3647 3465 3709 amorem3

1967 3731 2140 3806 patet
2170 3725 2341 3806 quod
2372 3731 2499 3786 tres
2531 3725 2659 3787 sint
2687 3725 2912 3807 primae
2941 3726 3197 3789 ordines
3228 3726 3465 3789 hierar-

1966 3823 2124 3886 chiae
2179 3841 2193 3885 :
2247 3842 2519 3906 quorum
2574 3824 2838 3886 infimus
2896 3831 2991 3886 est
3042 3825 3462 3900 Thronorum‚

1964 3922 2267 4003 quoniam
2310 3922 2524 3984 minus
2564 3931 2659 3984 est
2693 3923 2892 3984 Deum
2926 3929 3174 3986 tantum
3206 3923 3462 3998 habere,

1965 4037 2156 4098 quam
2197 4017 2432 4080 habere
2461 4026 2525 4079 et
2562 4035 2962 4099 cognoscere,
2994 4026 3057 4082 et
3096 4038 3286 4101 quam
3327 4020 3467 4103 ipso

1964 4115 2110 4177 frui.
2144 4151 2227 4161 ——
2255 4116 2555 4190 Quamvis
2590 4125 2801 4179 autem
2842 4117 3110 4181 thronus
3140 4118 3352 4182 Graece
3383 4119 3467 4182 sit

343 4218 635 4299 ipsorum
676 4215 988 4280 officiatio
1017 4235 1090 4278 ac
1121 4215 1526 4298 praesidentia
1557 4215 1851 4277 ordinan-
1881 4225 1932 4288 D
1965 4214 2135 4276 idem
2186 4215 2356 4297 quod
2414 4216 2594 4278 sedes
2644 4215 2885 4290 Latine,
2938 4217 3194 4299 proprie
3252 4224 3465 4280 tamen

343 4325 450 4378 tur
509 4335 583 4378 ac
641 4317 931 4379 tendunt.
993 4317 1064 4379 In
1122 4315 1381 4378 Daniele
1440 4333 1716 4396 quoque,
1777 4321 1850 4376 ut

347 4424 590 4479 tactum
649 4424 767 4490 est,
815 4415 1142 4497 Principes
1191 4414 1594 4497 appellantur
1641 4413 1850 4494 angeli

347 4514 576 4588 sancti,
611 4513 1086 4597 provinciarum
1121 4532 1232 4576 seu
1272 4513 1604 4592 regionum
1635 4511 1850 4594 praesi-

348 4614 460 4676 des
499 4620 567 4674 et
604 4613 920 4686 custodeS,
958 4619 1028 4674 ut
1065 4611 1327 4673 Michael
1365 4611 1667 4693 Princeps
1697 4618 1849 4672 tunc

347 4713 714 4795 Synagogae.
786 4711 1124 4792 Gregorius
1190 4711 1380 4772 etiam
1449 4710 1516 4771 in
1585 4709 1854 4773 homilia

343 4810 750 4893 apertissime
799 4817 1183 4892 protestatur
1222 4808 1649 4888 Archangelos
1697 4807 1848 4882 dici,

345 4909 459 4993 qui
509 4910 753 4991 maJora
801 4909 1198 4983 denuntiant,
1251 4925 1378 4970 non
1430 4907 1538 4989 qui
1596 4907 1850 4989 provin-

344 5011 466 5072 ciis
498 5009 855 5093 praesident.
878 5009 980 5072 Sic
1011 5015 1074 5071 et
1102 5008 1454 5069 Bernardus
1485 5025 1673 5088 super
1705 5005 1854 5068 Can·

344 5111 474 5172 tica
511 5117 575 5172 et
615 5109 841 5192 quinto
880 5108 958 5170 de
996 5106 1532 5178 consideratione,
1565 5105 1642 5166 de
1682 5105 1852 5167 Prin-

345 5208 668 5292 cipatibus
718 5208 998 5289 loquitur
1032 5223 1046 5268 ε
1081 5207 1240 5269 Sunt
1287 5204 1705 5286 Principatus,
1741 5203 1852 5284 qui

343 5309 552 5373 Deum
599 5307 791 5370 altius
838 5305 1262 5388 speculantes,
1306 5309 1372 5366 et
1419 5301 1852 5365 universitatis

1964 4332 2090 4377 non
2123 4314 2425 4396 quaslibet
2456 4315 2635 4376 sedes
2664 4320 2761 4376 est
2790 4315 3078 4390 thronuS‚
3112 4316 3222 4379 sed
3256 4316 3463 4381 solum

1964 4413 2145 4475 sedes
2176 4413 2427 4494 regaliS‚
2462 4412 2628 4474 sicut
2659 4411 2937 4475 tribunal
2968 4413 3149 4476 sedes
3179 4421 3275 4476 est
3300 4413 3467 4494 judi-

1965 4512 2078 4586 ciS,
2113 4519 2176 4575 et
2214 4511 2511 4573 cathedra
2553 4511 2849 4573 doctoris.
2886 4511 3045 4574 Hinc
3086 4513 3151 4574 in
3182 4512 3464 4594 Scriptu-

1964 4611 2052 4673 ris
2102 4611 2371 4672 thronus
2418 4609 2788 4690 frequenter
2831 4627 2947 4692 pro
2993 4628 3189 4692 regno
3234 4610 3465 4692 accipi-

3528 2075 3545 2094 ·
3569 2071 3729 2120 Zwollc

1963 4717 2088 4784 tur,
2131 4709 2314 4790 juxta
2362 4706 2520 4770 illud
2556 4707 2892 4772 :Thronus
2939 4715 3110 4782 tuuS,
3162 4709 3349 4783 DeuS,
3398 4709 3464 4771 in
3511 4731 3756 4786 1³0.xuv.·1;

1963 4807 2268 4870 saeculum
2310 4805 2546 4870 saeculi.
2580 4806 2797 4887 Itaque
2834 4805 2912 4868 ad
2952 4806 3145 4886 hujus
3176 4807 3343 4868 sedis
3382 4806 3465 4868 si·
3494 4797 3737 4848 Febr-¹¹⁸·

1964 4907 2396 4969 militudinem
2427 4904 2662 4967 Throni
2693 4903 3011 4966 dicuntur.
3046 4904 3211 4966 Talis
3248 4913 3462 4968 autem

1966 5004 2144 5066 sedes
2188 5003 2590 5066 altitudinem
2638 5001 2829 5064 habet
2876 5001 2942 5063 in
2989 5001 3137 5076 situ,
3171 5010 3463 5067 ornatum

1967 5103 2033 5166 in
2082 5109 2410 5184 apparatu,
2448 5109 2637 5184 atque
2687 5101 2981 5176 officium
3031 5101 3151 5164 loci
3202 5102 3268 5164 in
3320 5122 3461 5165 usu.

1965 5191 2112 5263 Ideo
2154 5200 2508 5262 secundum
2558 5200 2693 5263 haec
2740 5199 2958 5262 omnia
2999 5200 3197 5263 sumit
3234 5201 3293 5264 S.
3327 5201 3469 5265 Dio-

1967 5299 2188 5384 nysius
2244 5297 2325 5361 ab
2377 5298 2498 5362 hoc
2548 5299 2809 5362 nomine
2862 5299 3196 5382 proprium
3254 5308 3469 5366 actum
