4334 6242
589 1453 656 1511 Cf.
668 1454 850 1510 passm.

579 2240 688 2283 Luc.
704 2252 761 2291 tv,
778 2242 842 2284 3⁴.

883 442 1004 511 402

1543 468 1612 515 m
1651 470 1871 517 mmmm
1915 472 1958 517 11
2001 472 2483 518 SENTENTIARUM.
2527 491 2609 501 -
2647 473 2801 518 msT.
2840 473 2963 535 v113
3008 473 3232 529 QUAEs'r.
3276 472 3343 519 111

884 643 993 698 aut
1052 637 1469 719 impotentem
1525 638 1797 700 reddidit
1845 640 1923 701 ad
1981 640 2379 703 discendum.
2415 642 2464 703 Α.
2495 641 2638 703 liter
2668 641 2730 703 in
2764 661 2839 703 ea
2869 650 3157 704 crescant
3184 662 3257 704 ac
3290 640 3489 703 multa
3517 641 3596 703 de
3625 657 3797 703 novo
3824 638 3990 701 addi-

881 735 1023 797 Alio
1071 737 1278 809 mod0,
1328 738 1477 819 quia
1529 756 1640 819 per
1681 739 2057 801 delet-ionem
2108 740 2385 820 alicujus

886 853 1013 916 quo
1044 835 1232 897 scivit
1265 836 1552 909 interiuS,
1586 843 1682 898 est
1711 836 1947 899 oblitus
1978 838 2377 919 simpliciter.

883 933 1092 996 Tertio
1133 936 1343 1009 mod0,
1377 935 1680 1016 quoniam
1726 944 1984 1018 propter
2019 937 2381 1019 passionem

881 1034 1440 1114 supervenientem
1484 1052 1611 1095 non
1660 1033 1930 1096 advertit
1977 1036 2054 1097 ad
2105 1043 2379 1117 tempus.

880 1130 1092 1194 Primo
1123 1132 1311 1195 modo
1343 1132 1506 1207 dico,
1541 1133 1712 1215 quod
1744 1132 1945 1195 multa
1975 1134 2222 1214 ignorat
2252 1135 2382 1196 dia-

880 1227 1065 1291 bolus
1097 1249 1238 1311 quae
1269 1231 1442 1293 Beati
1473 1250 1644 1293 nunc
1676 1230 1904 1292 sciunt.
1932 1232 2223 1294 Secundo
2256 1252 2384 1296 mo·

879 1328 960 1390 do
1003 1329 1164 1390 nihil
1209 1330 1452 1411 ignorat
1493 1329 1807 1404 diaboluS,
1841 1332 2381 1411 quemadmodum

879 1444 997 1488 nec
1029 1426 1266 1489 oblitus
1298 1436 1410 1489 est.
1445 1428 1687 1510 Nempe
1722 1438 1788 1490 ut
1817 1428 1970 1490 alibi
2007 1429 2162 1502 dixi,
2195 1449 2381 1510 ange-

882 1523 980 1586 lus
1020 1542 1136 1607 per
1174 1525 1431 1587 habitus
1478 1526 1724 1588 innatos
1765 1527 2088 1607 cognoscit
2129 1529 2383 1590 univer-

877 1622 1054 1697 salia,
1090 1641 1204 1705 per
1234 1642 1376 1704 quae
1405 1623 1646 1705 absque
1679 1625 1850 1686 omni
1885 1644 1998 1687 sua
2031 1626 2381 1689 mutatione

879 1721 1204 1802 cognoscit
1233 1721 1578 1802 singularia
1608 1724 2001 1797 eorumdem,
2027 1725 2379 1787 secundum

2492 748 2670 801 scant
2701 748 2762 801 et
2792 740 3017 813 sciant,
3052 739 3275 801 scribit
3306 738 3688 803 Guillelmus
3721 738 3995 799 secunda

2492 847 2669 919 parte
2709 839 2785 899 de
2830 840 3137 901 Universo
3180 839 3425 921 prolixe
3461 856 3474 900 ε
3510 828 3855 919 in'primis
3898 836 3995 897 de-

2495 935 2761 1011 claranS,
2815 937 2985 1018 quod
3044 944 3108 999 et
3153 936 3453 999 omnibus
3512 934 3698 997 nobis
3760 942 3999 997 constat

2495 1032 2666 1114 ipsos
2698 1034 3017 1097 daemones
3047 1034 3454 1117 particularia
3484 1052 3755 1115 quaeque
3787 1050 4000 1113 cogno-

2494 1150 2691 1205 scere,
2726 1140 2790 1193 et
2829 1132 3214 1215 quibusdam
3252 1132 3715 1195 advocantibus
3751 1129 4000 1195 adveni-

2495 1248 2584 1303 re,
2627 1250 2955 1311 apparere,
3010 1232 3206 1314 loqui,
3250 1240 3441 1314 atque
3488 1231 3565 1293 ad
3619 1231 3999 1309 interrogata

2495 1328 2746 1407 singula
2794 1330 3200 1410 singulariter
3248 1329 3653 1412 respondere,
3698 1329 3997 1410 que-mad-

2496 1426 2757 1488 modum
2808 1435 2873 1489 et
2921 1427 3270 1490 idololatris
3320 1448 3435 1510 per
3484 1427 3652 1490 idola
3700 1428 3851 1522 dant
3900 1446 3994 1488 re-

2495 1542 2746 1605 sponsa.
2782 1526 3087 1598 Quocirca
3128 1528 3192 1589 in
3229 1527 3456 1609 primis
3494 1526 3797 1599 elucidat,
3830 1526 3993 1607 quod

2494 1624 2660 1685 sicut
2691 1624 2984 1686 homines
3016 1625 3229 1687 minus
3259 1626 3451 1687 astuti
3481 1624 3561 1687 ab
3592 1623 3995 1687 astutioribus

2495 1721 2694 1782 multa
2723 1722 3083 1797 addiscunt,
3117 1723 3209 1784 sic
3250 1723 3568 1785 daemones
3602 1720 3935 1783 inferiores
3962 1741 3997 1781 a

879 1820 1048 1901 quod
1078 1819 1198 1881 sibi
1233 1821 1584 1882 succedunt
1613 1828 1676 1883 et
1717 1822 2092 1903 contingunt
2125 1822 2189 1884 in
2223 1831 2379 1885 tem-
2416 1822 2463 1884 B
2492 1819 2933 1900 superioribus
2972 1821 3326 1895 daemoniiS‚
3359 1821 3471 1902 qui
3510 1840 3626 1902 per
3663 1819 3993 1882 inferiores

876 1936 1049 2000 pore.
1085 1918 1204 1981 Sed
1250 1937 1327 1980 ex
1372 1918 1498 1980 illis
1545 1919 1730 1982 tertio
1781 1923 1968 1984 modo
2015 1922 2231 2003 aliqua
2278 1940 2380 1984 co-

873 2015 1123 2096 gnoscit
1181 2016 1500 2078 interdum
1563 2025 1735 2079 certa
1795 2018 2209 2100 experientia,
2269 2020 2383 2082 ali-

873 2115 1127 2196 quando
1157 2115 1592 2196 conjecturali,
1626 2116 1793 2179 sicut
1821 2118 1899 2179 de
1931 2118 2179 2181 Christo
2210 2120 2379 2200 quod

873 2220 1040 2275 esset
1071 2213 1269 2275 Filius
1299 2213 1449 2291 Dei3
1483 2215 1974 2296 superveniente
2006 2223 2218 2278 tamen
2253 2236 2383 2279 mo-

873 2320 944 2373 tu
975 2311 1084 2375 irae
1111 2318 1303 2394 atque
1335 2311 1615 2386 invidiae,
1649 2313 1898 2395 putavit
1936 2315 2324 2377 contrarium
2361 2334 2375 2377 :

871 2410 1094 2492 sicque
1138 2410 1452 2492 ignoravit
1489 2411 1566 2472 ad
1607 2411 1827 2474 horam
1869 2412 2040 2494 quod
2080 2421 2227 2475 ante
2262 2414 2381 2475 sci—

872 2508 983 2570 vit.
1036 2509 1161 2570 Aut
1218 2507 1382 2570 forte
1431 2509 1600 2591 quod
1659 2509 2002 2591 aliquando
2061 2511 2250 2574 scivit
2301 2531 2378 2573 ex

870 2606 1093 2669 habitu
1143 2606 1454 2681 interiori,
1487 2615 1558 2668 ut
1600 2608 1768 2688 quod
1813 2609 1980 2671 Deus
2019 2610 2233 2690 justus
2281 2629 2377 2672 es-

869 2711 982 2777 set,
1001 2711 1144 2786 post
1175 2723 1288 2786 per
1319 2704 1644 2786 passiones
1675 2704 2088 2769 obnubilatus
2118 2708 2197 2769 ad
2228 2716 2379 2770 tem-

869 2820 1014 2882 puS,
1063 2802 1412 2864 variatione
1463 2802 1630 2864 facta
1678 2821 1804 2865 non
1856 2804 1921 2866 in
1971 2804 2217 2879 habitu,
2264 2806 2375 2868 sed

871 2899 1078 2962 solum
1139 2900 1206 2962 in
1257 2908 1402 2963 actu
1464 2902 1718 2972 mentis,
1771 2902 1980 2984 potuit
2024 2903 2102 2964 ad
2151 2903 2373 2966 horam

2491 1917 2811 1981 daemones
2843 1918 3097 1981 fraudes
3126 1928 3425 1981 exercent
3455 1920 3844 1981 innumeras.

2573 2016 2811 2079 Deinde
2856 2017 3190 2099 subjungit
3224 2038 3238 2081 :
3273 2018 3493 2080 Omnis
3534 2017 3818 2092 affectio,
3860 2019 3989 2079 sive

2492 2113 2576 2175 sit
2605 2112 2792 2189 bona,
2827 2116 2961 2177 sive
3003 2116 3190 2190 mala,
3225 2116 3499 2178 multum
3540 2116 3795 2177 exacuit
3824 2134 3991 2177 men-

2491 2220 2621 2274 tem
2666 2215 3291 2297 apprehensivasque
3335 2214 3502 2277 vires
3550 2214 3629 2276 ad
3670 2232 3747 2276 ea
3789 2215 3991 2275 consi-

2490 2312 2768 2373 deranda
2826 2330 2937 2373 seu
2996 2311 3342 2374 obtinenda
3396 2311 3475 2373 ad
3535 2331 3677 2393 quae
3734 2310 3993 2373 affectio

2492 2408 2629 2490 ipsa
2678 2410 2939 2472 inclinat
2986 2430 2999 2473 :
3042 2410 3209 2472 sicut
3256 2411 3321 2471 in
3370 2410 3600 2485 avaris,
3640 2410 3882 2491 gulosis
3930 2418 3991 2471 et

2491 2506 2851 2570 libidinosis
2899 2508 3216 2583 videmuS‚
3270 2509 3382 2592 qui
3431 2509 3509 2570 ad
3558 2509 3993 2590 conquirenda

2488 2604 2665 2667 lucra
2704 2624 2815 2668 seu
2859 2606 3326 2668 oblectamenta
3357 2605 3655 2681 carnalia,
3689 2606 3897 2668 varias
3930 2614 3993 2667 et

2485 2705 2909 2767 astutissimas
2968 2706 3329 2785 excogitant
3384 2705 3556 2784 vias3
3608 2705 3719 2788 qui
3780 2713 3991 2767 tamen

2486 2802 2743 2863 aliunde
2776 2810 2927 2864 sunt
2958 2803 3279 2864 interdum
3313 2803 3503 2865 rudes
3534 2820 3609 2864 ac
3638 2802 3987 2883 simplices.

2487 2936 2567 2945 —-
2609 2902 2871 2975 RursuS,
2914 2901 3081 2963 sicut
3130 2908 3289 2964 teste
3336 2901 3741 2983 Philosoph0‚
3786 2900 3993 2963 virtus

870 2996 1160 3077 ignorare
1191 2999 1361 3079 quod
1392 2998 1571 3080 prius
1606 2998 1812 3061 scivit.
1849 3000 2024 3072 Quod
2062 3009 2275 3063 autem
2310 3003 2373 3064 in
2408 3008 2450 3070 C
2487 3000 2663 3061 omni
2706 3007 2839 3061 arte
2884 3000 3115 3062 certior
3160 2999 3512 3080 meliorque
3551 2999 3865 3071 consistit,
3898 3000 3993 3059 sic

867 3096 1117 3159 actibus
1160 3097 1394 3159 mentis
1437 3103 1500 3159 et
1539 3097 1884 3159 voluntatis
1925 3108 2198 3180 ponatur
2238 3120 2373 3163 mu-

865 3192 1022 3255 tatio
1054 3192 1119 3254 in
1158 3193 1433 3269 diabolo,
1468 3195 1718 3256 nullum
1761 3195 2217 3259 inconveniens
2254 3206 2368 3261 est.

869 3289 1100 3372 Sicque
1132 3291 1554 3371 ignorantiam
1587 3292 1772 3355 istam
1804 3293 1882 3355 ad
1917 3302 2170 3376 tempus
2203 3295 2372 3376 large

867 3389 1153 3451 vocando
1183 3388 1597 3464 oblivionem,
1634 3390 1697 3451 in
1729 3391 1982 3454 diabolo
2016 3393 2187 3454 cadit
2216 3393 2375 3455 obli·

867 3487 1011 3565 vio;
1045 3506 1170 3549 non
1205 3488 1410 3550 aliter.
1446 3489 1594 3562 Quae
1632 3497 1846 3551 tamen
1887 3490 2128 3553 oblivio
2161 3492 2225 3553 in
2266 3510 2373 3553 an·

865 3584 1026 3665 gelis
1057 3584 1242 3648 bonis
1276 3585 1488 3648 locum
1520 3605 1644 3650 non
1686 3586 1898 3661 habet,
1933 3588 2083 3669 quia
2114 3589 2181 3651 in
2215 3590 2372 3671 ipsis

869 3700 995 3746 non
1028 3685 1322 3765 provenit
1351 3684 1566 3767 aliqua
1595 3686 1805 3766 passio
1837 3686 2241 3750 obnubilans.
2260 3689 2374 3750 Un-

867 3783 945 3845 de
983 3784 1254 3845 Joannes
1295 3783 1676 3846 Sarracenus
1710 3793 1934 3865 quarto
1974 3786 2255 3867 capitulo
2294 3788 2371 3849 de

866 3882 1112 3944 Divinis
1142 3882 1539 3956 nominibus,
1569 3881 1942 3963 loquens'de
1971 3884 2370 3948 daemonibus

865 3987 930 4041 et
958 3979 1036 4041 de
1076 3997 1297 4041 eorum
1337 3978 1660 4042 oblivione
1701 3981 1955 4061 proprie
1995 3981 2186 4057 dicta,
2219 3981 2373 4045 fate-

865 4082 970 4137 tur
1014 4092 1029 4137 τ
1070 4076 1290 4156 Angeli
1345 4094 1600 4159 semper
1647 4076 1892 4139 discere
1937 4088 2226 4159 possunt,
2260 4080 2370 4142 sed

2488 3098 2710 3179 utique
2744 3098 2987 3159 malitia
3017 3098 3191 3161 omni
3222 3098 3455 3159 astutia
3488 3097 3759 3177 nequior
3788 3104 3993 3158 exstat

2487 3202 2549 3257 et
2579 3195 2829 3257 certior.
2856 3194 3019 3276 Ergo
3050 3195 3217 3257 sicut
3248 3195 3451 3256 virtus
3484 3195 3760 3257 illustrat
3789 3196 3993 3257 scien-

2486 3292 2641 3353 tiam
2672 3292 2842 3354 circa
2872 3292 3255 3374 pertinentia
3285 3292 3361 3354 ad
3393 3292 3996 3374 doctrinam,quem-

2486 3391 2831 3453 admodum
2878 3390 3128 3471 justitia
3170 3390 3501 3453 scientiam
3549 3391 3751 3472 juris3
3792 3391 3886 3453 sic
3930 3400 3993 3453 et

2488 3490 2732 3551 malitia
2776 3490 2980 3571 ipsam
3030 3489 3419 3570 malignandi
3464 3490 3786 3564 astutiam,
3821 3490 3993 3552 circa

2486 3606 2558 3649 ea
2608 3608 2750 3669 quae
2799 3587 3213 3668 malignitatis
3262 3594 3432 3662 sunt,
3481 3588 3799 3650 illuminat
3847 3606 3861 3649 ε
3904 3588 3993 3650 ita

2486 3694 2556 3747 ut
2614 3694 2925 3767 quantum
2985 3687 3215 3749 crescit
3274 3686 3537 3760 malitia,
3585 3687 3673 3747 ita
3730 3695 3795 3749 et
3854 3687 3992 3770 ipsa

2488 3784 2877 3865 malignandi
2908 3784 3179 3863 astutia;
3219 3784 3763 3866 quemadmodum
3794 3785 3987 3847 etiam

2487 3882 2550 3944 in
2585 3882 2885 3945 virtuosis
2916 3891 3153 3964 quanto
3183 3883 3327 3965 plus
3370 3883 3434 3944 in
3467 3882 3815 3945 virtutibus
3855 3901 3989 3945 cre-

2485 3988 2693 4055 scunt,
2744 3988 2918 4044 tanto
2969 3980 3114 4062 plus
3170 3988 3439 4061 augetur
3496 3981 3561 4043 in
3614 3981 3704 4043 eis
3767 3982 3987 4044 lumen

2484 4079 2778 4143 salutaris
2826 4098 2899 4140 ac
2950 4079 3208 4141 moralis
3266 4080 3567 4143 scientiae.
3619 4080 3765 4143 Haec
3815 4081 3989 4145 Guil-

867 4193 1195 4255 nunquam
1228 4174 1542 4237 oblivisci.
1581 4174 1656 4236 Et
1694 4176 1985 4258 sequitur
2018 4194 2032 4237 ε
2065 4178 2369 4241 Malitiam
2401 4191 2450 4253 D
2486 4178 2734 4241 lelmus.

866 4290 1124 4336 omnem
1157 4281 1415 4355 superat
1453 4273 1714 4353 angelus
1746 4282 1808 4335 et
1846 4272 2257 4339 oblivionem.
2292 4312 2373 4323 —-

867 4372 1012 4435 Haec
1055 4371 1385 4433 HenricuS.

948 4470 1184 4532 Verum
1226 4489 1304 4532 ex
1343 4470 1718 4533 auctoritate
1759 4471 1867 4534 illa
1910 4471 2193 4554 Gregorii
2244 4494 2371 4539 non

865 4569 1122 4633 videtur
1160 4569 1439 4652 probari,
1471 4570 1640 4652 quod
1680 4570 1919 4635 oblivio
1956 4572 2107 4634 insit
2145 4573 2373 4638 daemo-

868 4667 1060 4730 nibus
1111 4668 1489 4750 subjective,
1541 4670 1652 4731 sed
1699 4668 2016 4750 objective
2071 4689 2084 4733 :
2138 4673 2289 4754 quia
2336 4694 2373 4735 a

867 4769 999 4831 Deo
1041 4768 1380 4831 traduntur
1416 4767 1725 4832 oblivioni
1771 4786 1846 4830 eo
1887 4771 2074 4834 modo
2113 4791 2241 4853 quo
2282 4792 2375 4835 re-

869 4867 1056 4949 probi
1086 4875 1149 4929 et
1187 4868 1486 4930 damnati.
1521 4868 1778 4949 Proprie
1818 4888 2072 4952 quoque
2111 4890 2239 4933 non
2279 4879 2375 4933 est

871 4966 938 5028 in
985 4966 1078 5029 eis
1127 4966 1525 5029 obnubilatio
1573 4967 1967 5049 passionum,
2020 4970 2130 5031 sed
2184 4990 2374 5034 merae

871 5065 1131 5129 malitiae
1159 5085 1232 5129 ac
1263 5066 1695 5148 spiritualium
1729 5066 2053 5141 vitiorum,
2073 5087 2217 5149 quae
2247 5089 2377 5134 cor-

869 5164 1199 5247 poralibus
1241 5174 1390 5228 sunt
1433 5165 1608 5227 vitiis
1651 5166 1956 5247 graviora.

948 5265 1254 5328 Praeterea
1283 5265 1360 5327 de
1401 5264 1668 5327 scientia
1707 5265 2092 5342 daemonum,
2126 5274 2190 5329 et
2221 5288 2373 5351 qua·

2563 4272 2681 4345 Qui
2725 4280 2788 4335 et
2827 4272 3145 4336 daemones
3186 4272 3251 4334 in
3299 4272 3543 4335 malitia
3585 4292 3893 4350 crescere,
3928 4283 3991 4339 et

2482 4372 2699 4453 augeri
2743 4391 2855 4433 seu
2908 4371 3151 4434 intendi
3196 4390 3418 4434 eorum
3468 4372 3803 4449 malit-iam,
3847 4393 3987 4456 pro·

2485 4478 2750 4533 testatur
2798 4470 3131 4533 subdendo
3175 4489 3189 4534 :
3234 4470 3586 4533 Pertinacia
3632 4472 3863 4535 crescit
3910 4493 3985 4535 ex

2484 4587 2679 4632 mora.
2714 4569 2859 4631 Ideo
2904 4569 3255 4651 pertinacia
3304 4578 3368 4631 et
3416 4572 3817 4634 contumacia
3866 4572 3986 4637 dae-

2485 4687 2750 4731 monum
2799 4668 3027 4730 crescit
3072 4668 3541 4749 indesinenter3
3583 4670 3884 4733 similiter
3925 4679 3986 4733 et

2483 4770 2771 4852 ipsorum
2835 4767 3099 4829 malitia.
3162 4768 3416 4830 Etenim
3480 4769 3982 4845 seductionibuS,

2484 4867 3032 4942 subversionibus,
3050 4867 3599 4930 ludificationibus
3628 4869 3984 4945 hominum,

2483 4974 2673 5049 atque
2714 4966 3015 5049 operibus
3067 4967 3354 5048 magicis,
3389 4966 3747 5030 inserviunt
3790 4970 3986 5032 inces-

2484 5074 2714 5129 santer.
2748 5068 3299 5141 Quemadmodum
3330 5086 3481 5149 ergo
3509 5087 3587 5130 ex
3618 5068 3986 5150 frequenter

2484 5168 2649 5229 male
2690 5186 2875 5248 agere
2920 5167 3151 5229 crescit
3190 5167 3436 5231 malitia
3478 5168 3545 5229 in
3588 5168 3979 5241 hominibuS,

2484 5267 2577 5329 sic
2636 5275 2699 5329 ct
2756 5268 2821 5329 in
2882 5266 3303 5343 daemonibu5‚
3366 5268 3718 5349 praesertim
3782 5288 3979 5351 quum
