4334 6242
532 3501 795 3557 p2830'ets.

817 437 938 504 336

1498 459 1563 507 ΙΝ
1603 459 1825 506 LIBRUM
1869 461 1910 505 ll
1954 458 2437 506 SEN‘rEN‘nAmm.
2485 478 2565 488 --
2606 461 2758 507 DIST.
2802 460 2882 522 νζ
2925 459 3150 517 QUAEST.
3199 460 3268 507 111

821 629 1155 710 praemium
1206 629 1499 710 pluribus
1550 630 1798 692 actibus
1848 638 2249 712 promeretur
2300 648 2314 694 ε
2349 631 2400 692 A
2431 630 2708 692 instanti.
2742 667 2823 677 —
2851 632 3028 705 Quod
3071 632 3125 694 si
3169 631 3427 703 dixeriS‚
3469 630 3622 712 quia
3659 629 3938 692 intentio

818 726 1037 808 sicque
1080 735 1359 789 meretur
1388 729 1555 808 quod
1588 728 1646 791 ei
1676 727 1807 809 jam
1844 728 2216 802 debebatur,
2251 736 2320 789 ut

817 826 872 888 ei
916 845 992 887 ex
1039 825 1333 907 pluribus
1380 827 1621 888 meritis
1670 834 1780 888 aut
1823 828 2177 890 rationibus
2220 828 2322 889 de-

818 925 1059 987 beatur.
1113 960 1194 970 —
1238 926 1506 1007 Insuper
1554 926 1681 988 dici
1743 932 1971 1008 potest,
2023 927 2194 1009 quod
2254 926 2322 988 in

818 1042 967 1086 casu
1019 1031 1319 1105 praetacto
1367 1042 1477 1085 rex
1521 1025 1627 1087 det
1670 1024 1860 1086 militi
1911 1043 2173 1106 equum,
2218 1043 2320 1086 ve-

818 1121 1047 1184 raciter
1089 1129 1301 1185 tamen
1347 1141 1493 1184 cum
1539 1140 1729 1185 onere
1779 1141 1892 1184 seu
1935 1122 2321 1204 obligatione

818 1220 1129 1302 obsequii.
1182 1256 1263 1266 —
1309 1222 1569 1296 Iterum,
1620 1229 1799 1283 actus
1850 1221 2322 1304 oppositionem

818 1319 989 1380 circa
1030 1327 1264 1382 statum
1304 1321 1549 1400 agentis
1594 1328 1923 1402 ponenteS,
1957 1328 2198 1403 queunt
2241 1320 2322 1382 si-

822 1418 953 1480 mul
988 1417 1217 1494 inesse,
1242 1420 1536 1501 quamvis
1568 1437 1696 1481 non
1728 1420 2080 1482 secundum
2115 1418 2318 1482 idem:

820 1515 1359 1597 quemadmodum
1412 1519 1580 1580 idem
1632 1518 1822 1580 homo
1870 1525 2077 1600 potest
2128 1517 2321 1580 simul

820 1633 958 1677 esse
999 1635 1219 1678 servus
1254 1624 1317 1678 et
1347 1616 1667 1692 dominuS,
1702 1617 2028 1680 servitutis
2068 1634 2323 1698 quoque

820 1720 1008 1794 atque
1052 1713 1320 1776 dominii
1364 1716 1625 1798 exsequi
1671 1723 1872 1778 actuS.

2429 729 2682 792 Thomae
2714 737 2830 804 est,
2850 731 3019 811 quod
3050 729 3174 791 fuit
3205 729 3382 811 prius
3413 746 3540 790 non
3571 727 3931 799 duratione,

2429 828 2540 889 sed
2572 835 2795 889 natura
2825 847 2934 890 seu
2969 847 3178 902 causa,
3205 835 3275 891 ut
3306 835 3541 889 tactum
3573 835 3690 898 est,
3713 826 3934 887 obviat

2433 926 2603 1007 quod
2633 927 2699 988 in
2730 926 3046 990 solutione
3077 927 3339 990 secundi
3371 923 3730 1007 argumenti
3757 924 3935 1006 ejus-

2431 1025 2574 1086 dem
2622 1025 2991 1106 quaestionis
3031 1034 3296 1088 testatur
3327 1043 3352 1086 :·
3375 1023 3652 1105 Angelus
3697 1031 3794 1085 est
3829 1043 3937 1084 su-

2433 1142 2547 1206 pra
2587 1129 2840 1206 tempus
2884 1124 3312 1206 corporalium
3351 1143 3588 1186 rerum.
3623 1123 3798 1186 Unde
3837 1121 3938 1184 in-

2433 1221 2664 1283 stantia
2723 1221 2976 1284 diversa
3037 1222 3103 1285 in
3171 1223 3272 1285 his
3335 1241 3477 1305 quae
3538 1221 3616 1284 ad
3677 1220 3942 1302 angelos

2433 1319 2777 1401 pertinent,
2811 1339 2939 1384 non
2979 1321 3386 1403 accipiuntur
3415 1319 3538 1382 nisi
3581 1320 3944 1382 secundum

2435 1419 2905 1482 successionem
2938 1420 3002 1482 in
3033 1420 3282 1482 actibus
3324 1419 3632 1501 ipsorum.
3665 1418 3804 1481 Non
3833 1437 3948 1480 au-

2435 1524 2564 1580 tem
2605 1518 2812 1600 potuit
2844 1519 3036 1581 simul
3077 1519 3142 1580 in
3178 1519 3272 1582 eis
3303 1537 3441 1581 esse
3471 1527 3650 1580 actus
3690 1516 3950 1580 merito-

4023 851 4080 890 ρ.
4109 840 4202 879 ³³2
4219 836 4272 886 B,

3965 905 4070 943 ³34
4085 900 4162 944 C'.

2435 1615 2569 1677 rius
2599 1616 3036 1692 beatitudiniS,
3056 1625 3118 1680 et
3151 1617 3286 1699 ipse
3317 1616 3732 1679 beatitudinis
3762 1623 3948 1676 actus
3985 1605 3996 1612 ’

2433 1714 2525 1796 (id
2559 1722 2655 1776 cst
2690 1715 2990 1777 meritum
3023 1723 3084 1777 et
3116 1715 3502 1797 praemium),
3537 1733 3738 1796 quum
3775 1732 3948 1775 unus

902 1811 1133 1874 Verum
1173 1813 1342 1875 circa
1381 1815 1516 1877 haec
1556 1814 1759 1876 oritur
1788 1812 2100 1875 dubitatio
2138 1832 2320 1894 gran·
2361 1817 2408 1878 B
2438 1813 2518 1874 sit
2565 1813 2780 1893 gratiae
2835 1813 3249 1895 imperfectae,
3299 1813 3464 1875 alius
3520 1811 3737 1894 gratiae
3797 1829 3948 1873 con-

822 1911 918 1973 dis
979 1910 1459 1994 difficultasque
1519 1913 1762 1993 ingens,
1814 1912 2056 1994 Nempe
2116 1919 2187 1973 ut
2245 1930 2322 1973 ex

823 2009 1234 2091 praeinductis
1273 2010 1487 2074 verbis
1520 2010 1796 2084 Thomae‚
1828 2010 2094 2084 Alberti,
2127 2010 2326 2072 Bona-

819 2116 1124 2184 venturae,
1150 2109 1335 2183 Petri,
1370 2109 1665 2172 Richardi
1697 2109 1986 2181 habetur,
2024 2108 2323 2170 meritum

821 2214 884 2267 et
926 2208 1264 2290 praemium
1312 2207 1682 2288 angelorum
1735 2207 2047 2270 bonorum
2099 2207 2326 2269 eodem

820 2307 1081 2368 fuerunt
1112 2306 1411 2386 instanti3
1453 2325 1569 2369 nec
1604 2326 1802 2368 unum
1834 2306 2007 2367 aliud
2038 2312 2326 2388 tempore

821 2423 934 2466 seu
965 2405 1296 2467 duratione
1328 2405 1671 2486 praecessit,
1706 2405 1815 2466 sed
1854 2399 2067 2466 solum'
2103 2411 2328 2466 natura

821 2521 933 2564 seu
965 2503 1350 2566 causalitate.
1388 2503 1451 2566 Si
1483 2521 1632 2584 ergo
1661 2503 1843 2584 juxta
1872 2503 2202 2575 Thomam,
2227 2502 2327 2565 Al·
2358 2565 2364 2570 ,

820 2599 1096 2673 bertum,
1150 2599 1535 2673 Udalricum,
1596 2599 2099 2681 Praepositivum‚
2163 2597 2325 2659 mul-

822 2705 1044 2779 tosque
1074 2697 1254 2771 alios,
1288 2698 1581 2760 dicantur
1622 2696 1827 2778 angeli
1871 2696 2063 2758 creati
2096 2697 2160 2758 in
2192 2715 2326 2776 gra-

820 2796 909 2858 tia
939 2803 1187 2876 gratum
1221 2796 1525 2874 faciente3
1548 2795 1799 2858 videtur
1829 2795 1993 2877 quod
2027 2794 2089 2856 in
2124 2795 2326 2876 primo

822 2915 952 2957 suae
984 2894 1319 2957 creationis
1354 2894 1637 2966 instanti,
1667 2893 2025 2956 habuerunt
2059 2901 2170 2956 aut
2201 2912 2328 2955 cer-

2436 1912 3052 1974 summatae.1dcirco
3083 1918 3328 1993 oportet
3360 1909 3610 1972 diversa
3639 1907 3949 1971 instantia

2434 2009 2661 2090 accipi,
2698 2009 2762 2071 in
2808 2028 3080 2091 quorum
3127 2027 3254 2072 uno
3297 2009 3759 2071 beatitudinem
3810 2027 3946 2069 me-

2435 2108 2656 2182 ruerit,
2709 2116 2901 2191 atque
2953 2109 3017 2171 in
3071 2108 3197 2171 alio
3245 2106 3468 2170 beatus
3524 2107 3740 2170 fuerit.
3794 2107 3944 2171 Haec

2437 2206 2552 2268 ibi.
2588 2207 2678 2268 Ex
2721 2207 2956 2289 quibus
3001 2215 3172 2290 patet
3215 2207 3634 2289 propositum.

2516 2306 2841 2380 Praeterea,
2887 2305 2952 2367 in
2997 2306 3218 2368 eadem
3265 2306 3547 2378 Summa,
3590 2305 3946 2388 quaestione

2436 2403 2830 2484 sexagesima
2873 2403 3077 2478 tertia,
3119 2403 3389 2466 articulo
3430 2404 3677 2486 quium,
3713 2404 3806 2466 sic
3847 2423 3948 2466 ar-

2436 2501 2574 2582 guit
2609 2521 2624 2565 :
2658 2501 2892 2564 Natura
2931 2502 3217 2584 angelica
3244 2503 3589 2565 virtuosior
3621 2510 3718 2564 est
3750 2522 3947 2585 quam

2439 2609 2664 2663 natura
2695 2619 3016 2683 corporea.
3052 2602 3173 2664 Sed
3204 2621 3303 2664 res
3339 2601 3686 2682 corporalis
3727 2602 3947 2664 statim

2438 2697 2503 2759 in
2556 2699 2764 2780 primo
2817 2698 3078 2761 instanti
3137 2718 3267 2762 suae
3318 2699 3654 2761 creationis
3715 2699 3948 2781 incipit

2437 2797 2873 2878 operationem
2933 2817 3112 2860 suam
3175 2797 3409 2859 habere
3462 2814 3476 2858 ε
3529 2799 3947 2879 quemadmo-

2437 2894 2592 2956 dum
2637 2894 2802 2976 ignis
2845 2896 2910 2958 in
2952 2895 3161 2977 primo
3200 2915 3330 2958 suae
3369 2896 3810 2976 productionis
3854 2897 3948 2958 in-

823 3002 884 3056 te
917 3001 1261 3076 potuerunt
1290 2992 1524 3054 habere
1556 3001 1767 3055 actum
1804 2992 2224 3066 meritorium,
2249 3011 2326 3054 ex
2363 2994 2406 3057 C
2437 2995 2627 3056 stanti
2659 2995 2886 3077 incipit
2917 3015 3170 3057 sursum
3205 2995 3648 3076 moveri.Ergo
3674 2996 3946 3077 angelus

823 3093 1023 3173 gratia
1071 3091 1441 3172 hujusmodi
1486 3091 1953 3173 procedentem.
1991 3091 2326 3172 Quumque

825 3191 1179 3253 secundum
1220 3189 1353 3271 jam
1395 3198 1581 3265 tacta,
1616 3190 1809 3252 simul
1854 3189 1918 3251 in
1962 3190 2188 3252 eodem
2232 3189 2326 3251 in-

826 3289 1015 3352 stanti
1045 3288 1305 3351 fuerunt
1338 3288 1638 3351 meritum
1668 3295 1732 3351 et
1762 3287 2330 3369 praemium‚sequi-

824 3395 931 3448 tur
962 3386 1129 3468 quod
1171 3386 1234 3447 in
1276 3386 1485 3468 primo
1519 3405 1649 3448 suae
1690 3385 2026 3448 creationis
2066 3384 2326 3448 instanti

825 3485 1101 3548 fuissent
1137 3483 1302 3546 beati
1340 3501 1354 3546 :
1389 3485 1559 3566 quod
1598 3492 1693 3546 est
1724 3492 1943 3546 contra
1981 3484 2330 3566 praehabita

828 3583 1237 3646 distinctione
1285 3590 1529 3664 quarta,
1575 3601 1689 3645 nec
1733 3603 1769 3644 a
1811 3601 2133 3664 quoquam
2181 3599 2328 3644 con-

828 3681 1095 3744 ceditur.
1130 3681 1205 3743 Et
1234 3681 1288 3742 si
1319 3699 1541 3744 omnes
1578 3680 1839 3742 fuerunt
1870 3681 2063 3743 creati
2097 3680 2161 3742 in
2191 3699 2328 3760 gra-

829 3781 938 3856 tia,
972 3799 1193 3843 omnes
1224 3780 1597 3843 habuissent
1630 3781 2029 3842 meritorium
2060 3787 2273 3842 actum
2311 3796 2325 3841 :

829 3899 1157 3963 quumque
1189 3879 1477 3942 conversi
1508 3879 1584 3941 ad
1618 3879 1842 3953 Deum,
1867 3878 2326 3942 beatitudinem

830 3979 1120 4063 protinus
1170 3979 1298 4040 sint
1339 3978 1574 4060 adepti,
1618 3997 1839 4040 omnes
1890 3977 2160 4040 fuissent
2202 3977 2331 4058 glo-

830 4078 1084 4142 rificati.

2437 3093 2502 3155 in
2564 3093 2773 3174 primo
2830 3093 3090 3156 instanti
3149 3113 3280 3157 suae
3337 3093 3675 3156 creationis
3731 3095 3946 3175 potuit

2436 3191 2702 3274 operari.
2738 3192 2862 3254 Aut
2902 3209 3052 3272 ergo
3097 3191 3324 3254 habuit
3363 3193 3795 3274 operationem
3841 3212 3941 3256 re-

2437 3297 2626 3364 ctam,
2677 3298 2786 3352 aut
2843 3308 2970 3353 non
3029 3298 3286 3353 rectam.
3347 3291 3410 3353 Si
3469 3299 3729 3365 rectam,
3783 3310 3938 3372 ergo

2439 3408 2637 3470 quum
2683 3388 2978 3451 habuerit
3019 3389 3308 3470 gratiam,
3352 3408 3465 3470 per
3507 3408 3646 3451 eam
3701 3390 3940 3452 meruit

2437 3487 2917 3549 beatitudinem.
2954 3488 3022 3549 In
3063 3486 3305 3567 angelis
3348 3493 3560 3549 autem
3599 3489 3816 3550 statim
3854 3489 3936 3551 ad

2439 3585 2738 3648 meritum
2783 3585 3073 3667 sequitur
3115 3585 3473 3666 praemium,
3506 3585 3671 3647 sicut
3712 3593 3810 3648 est
3845 3586 3940 3648 di·
3969 3601 4216 3660 crasa-2·
4231 3605 4286 3650 Β.

2439 3691 2612 3745 ctum
2639 3700 2826 3763 :ergo
2858 3682 3128 3745 fuissent
3157 3683 3371 3745 statim
3404 3683 3592 3757 beati,
3626 3692 3690 3746 et
3719 3685 3938 3748 nullus

2437 3800 2658 3845 eorum
2700 3789 3057 3864 peccasset3
3099 3782 3268 3863 quod
3307 3790 3402 3843 est
3438 3781 3692 3844 falsum.
3727 3783 3938 3846 Relin-

2439 3881 2658 3964 quitur
2701 3899 2871 3962 ergo,
2915 3880 3083 3962 quod
3128 3881 3195 3942 in
3246 3881 3453 3962 primo
3495 3880 3757 3944 instanti
3809 3901 3937 3946 non

2439 3987 2608 4042 recte
2647 3978 2968 4062 operando
3005 3986 3446 4061 peccaverunt.
3482 4014 3563 4025 —-
3591 3979 3720 4043 Hoc
3759 3999 3943 4062 argu·

2441 4085 2727 4140 mentum
2787 4078 2879 4140 sic
2928 4077 3117 4140 solvit
3169 4094 3182 4139 :
3234 4077 3400 4140 Deus
3460 4096 3587 4140 non
3636 4079 3942 4142 discrevit

914 4177 1200 4258 Denique
1261 4184 1517 4239 sanctus
1575 4176 1805 4239 Doctor
1864 4176 1931 4238 in
1991 4175 2093 4238 his
2151 4175 2327 4238 vide·
2359 4176 2408 4239 D
2442 4177 2605 4240 inter
2641 4176 2897 4257 angelos
2937 4183 3084 4238 ante
3122 4175 3603 4239 conversionem
3641 4195 3944 4260 quorum-

827 4284 933 4338 tur
976 4275 1101 4338 sibi
1148 4275 1269 4356 ipsi
1316 4275 1689 4338 contrarius,
1724 4274 2053 4357 Siquidem
2094 4274 2200 4342 hic
2240 4273 2330 4335 fa-

824 4382 1016 4448 tetur,
1067 4373 1233 4455 quod
1287 4374 1588 4436 meritum
1638 4382 1701 4436 et
1750 4373 2085 4455 praemium
2134 4372 2328 4434 simul

824 4472 1157 4535 duratione
1190 4471 1449 4534 fuerunt
1481 4470 1545 4534 in
1580 4472 1843 4552 angelis.
1878 4472 2067 4534 Porro
2098 4471 2163 4532 in
2201 4471 2327 4551 pri-

826 4590 930 4632 ma
976 4578 1153 4654 parte
1199 4570 1497 4644 Summae,
1542 4570 1889 4650 quaestione
1939 4570 2330 4649 sexagesima

824 4671 1125 4744 secunda,
1179 4669 1447 4731 articulo
1504 4669 1751 4751 quint0,
1803 4668 2029 4731 scribit
2079 4669 2145 4731 in
2193 4688 2328 4732 cor-

825 4788 978 4854 pore
1026 4769 1397 4851 quaestionis
1450 4787 1465 4832 :
1518 4767 1795 4848 Angelus
1854 4775 1996 4850 post
2046 4769 2326 4849 primum

822 4875 1036 4931 actum
1078 4867 1356 4930 caritatis
1397 4885 1523 4949 quo
1564 4867 2021 4929 beatitudinem
2072 4867 2325 4940 meruit,

824 4967 1039 5030 statim
1090 4965 1312 5027 beatus
1362 4965 1505 5038 fuit,
1560 4965 1648 5026 ita
1696 4965 1863 5046 quod
1924 4965 2137 5026 statim
2188 4972 2331 5045 post

827 5066 1129 5128 meritum
1180 5062 1504 5127 beatitudo
1558 5062 1678 5124 t'uit
1726 5070 2065 5125 consecuta
2117 5063 2182 5124 in
2230 5081 2324 5125 eo.

826 5165 919 5227 Ex
961 5164 1199 5247 quibus
1238 5162 1452 5225 verbis
1495 5169 1778 5245 apparet,
1813 5163 1981 5244 quod
2028 5161 2328 5223 meritum

827 5264 953 5327 fuit
1000 5263 1179 5346 prius
1230 5262 1493 5344 praemio
1542 5261 1674 5337 illo,
1717 5268 1781 5323 et
1823 5279 1949 5324 non
1994 5261 2060 5323 in
2104 5261 2329 5324 eodem

2439 4277 2584 4339 dam
2623 4283 2686 4338 et
2725 4275 3198 4357 perversionem
3240 4275 3576 4351 malorum,
3609 4284 3680 4338 ut
3714 4277 3944 4340 asserit

2439 4374 2830 4456 Augustinus
2862 4374 3204 4436 undecimo
3235 4374 3311 4436 de
3341 4373 3607 4437 Civitate
3636 4374 3768 4438 Dei.
3793 4375 3941 4438 Ideo

2439 4491 2659 4536 omnes
2719 4473 2925 4554 angeli
2978 4473 3045 4535 in
3093 4473 3294 4553 gratia
3343 4473 3558 4547 creati,
3613 4472 3678 4536 in
3732 4474 3942 4556 primo

2442 4572 2701 4634 instanti
2763 4579 3151 4634 meruerunt.
3215 4571 3336 4635 Sed
3397 4571 3658 4654 quidam
3717 4591 3940 4636 eorum

2440 4671 2651 4733 statim
2697 4669 3230 4750 impedimentum
3275 4670 3707 4752 praestiterunt
3747 4671 3942 4734 beati-

2439 4769 2678 4832 tudinis
2723 4788 2873 4842 suae,
2916 4767 3279 4850 praecedens
3322 4767 3624 4830 meritum
3673 4769 3941 4832 mortifi-

2441 4875 2654 4930 cantes
2681 4887 2694 4931 :
2724 4867 2864 4929 ideo
2895 4866 3288 4928 beatitudine
3320 4886 3511 4948 quam
3543 4877 3935 4942 meruerunt,

2440 4975 2590 5029 sunt
2632 4965 2882 5048 privati.
2933 4965 3075 5028 Haec
3118 4965 3227 5026 ibi.

2521 5064 2682 5125 Ecce
2726 5063 2789 5124 in
2836 5063 2933 5124 llis
2975 5062 3187 5124 verbis
3225 5061 3496 5124 Thomas
3538 5062 3940 5146 apertissime

2440 5161 2616 5236 dicit,
2662 5160 2830 5243 quod
2879 5161 3085 5242 angeli
3136 5161 3562 5234 condemnati,
3609 5162 3676 5224 in
3727 5163 3940 5245 primo

2442 5279 2572 5324 suae
2621 5259 2959 5322 creationis
3016 5259 3276 5322 instanti
3335 5277 3403 5321 se
3449 5260 3529 5322 ad
3578 5260 3938 5326 Creatorem
