4334 6242
1140 673 1562 737 DISTINCTIO
1606 674 1916 736 XXXVIII.

1203 808 1347 870 Post
1386 808 1706 889 praedicta,
1740 814 1859 869 etc.

899 1016 944 1070 X
985 1015 1099 1071 fine
1142 1032 1246 1071 suo
1289 1015 1554 1072 voluntas
1593 1015 2002 1072 rectitudinem
2033 1012 2123 1069 vel
2152 1028 2281 1084 per-

923 1104 1256 1161 versitatem
1296 1103 1523 1177 accipit,
1554 1108 1621 1160 ut
1649 1121 1683 1159 a
1713 1105 1862 1159 bono
1893 1105 2046 1160 bona
2076 1101 2191 1165 fiat,
2225 1102 2282 1157 et

782 1210 818 1248 a
857 1194 1012 1250 malo
1053 1195 1228 1250 mala.
1259 1195 1358 1250 Est
1395 1198 1590 1250 autem
1633 1194 1765 1250 linis
1805 1195 1991 1250 bonus
2029 1192 2278 1248 caritas:

782 1283 880 1355 qui
912 1287 1109 1340 tamen
1139 1286 1214 1340 ad
1246 1283 1580 1341 ulteriorem
1614 1283 1788 1338 finem
1821 1282 2143 1344 ordinatur,
2177 1280 2283 1337 sci-

783 1373 918 1430 licet
946 1376 1022 1430 ad
1053 1375 1254 1430 Deum.
1286 1373 1431 1428 llinc
1469 1373 1636 1429 bonae
1667 1372 1981 1429 voluntatis
2023 1371 2156 1427 finis
2195 1373 2281 1426 est

781 1463 1011 1529 caritas,
1044 1463 1359 1528 beatitud0‚
1401 1462 1518 1518 vita
1566 1465 1802 1528 aeterna,
1845 1463 1902 1517 et
1940 1462 2090 1517 Deus
2136 1460 2277 1532 ipse.

781 1552 940 1608 Finis
970 1556 1168 1610 autem
1197 1553 1389 1609 malus
1417 1556 1504 1608 cst
1532 1550 1837 1609 delectatio
1867 1550 1928 1605 in
1962 1549 2158 1622 aliquo
2198 1549 2281 1604 vi-

780 1642 945 1699 tioso.
978 1644 1229 1701 Possunt
1255 1659 1393 1715 ergo
1421 1645 1544 1698 tam
1575 1643 1743 1698 bonae
1771 1656 1948 1712 quam
1984 1638 2154 1695 malae
2182 1655 2279 1694 vo-

780 1730 1022 1788 luntatis
1059 1749 1183 1790 esse
1223 1733 1418 1804 plures
1448 1732 1592 1788 fines
1621 1730 1973 1794 intermedii,
2010 1729 2112 1801 qui
2141 1731 2280 1785 sunt

779 1821 947 1893 quasi
985 1822 1097 1878 iter
1134 1823 1432 1894 quoddam
1473 1825 1530 1878 et
1565 1820 1659 1877 via
1685 1822 1760 1876 ad
1789 1819 2066 1876 ultImum
2097 1819 2275 1875 finem
2314 1811 2361 1872 B

779 1910 1170 1982 perveniendi.
1204 1910 1306 1968 Cui
1347 1927 1453 1967 nec
1492 1911 1697 1974 obstat,
1730 1911 1889 1982 quod
1918 1907 2276 1980 Augustinus

778 1998 922 2056 dicit
947 2016 1064 2056 non
1095 2017 1262 2072 posse
1289 2002 1435 2057 duos
1463 1999 1640 2056 simul
1671 1999 1814 2056 fines
1843 1997 2135 2054 constitui.
2158 1998 2277 2053 Hoc

778 2088 938 2146 enim
967 2107 1169 2147 verum
1199 2094 1303 2154 est.
1333 2090 1431 2146 ubi
1468 2106 1622 2146 unus
1660 2089 1720 2144 in
1759 2088 2010 2145 alterum
2043 2103 2159 2143 non
2191 2103 2279 2142 or-

780 2179 1016 2236 dinetur
1045 2197 1058 2236 :
1092 2182 1248 2253 quod
1287 2183 1485 2236 tamen
1527 2179 1590 2234 fit
1618 2178 1676 2234 in
1719 2178 2028 2250 proposito.
2061 2177 2276 2232 Notan-

780 2270 922 2326 dum
969 2269 1146 2325 etiam
1195 2286 1313 2325 non
1361 2268 1518 2326 idem
1565 2285 1690 2325 esse
1733 2267 1976 2324 omnino
2016 2266 2280 2323 volunta·

777 2361 916 2424 tem,
945 2374 1078 2430 quae
1106 2358 1374 2415 nominat
1401 2358 1750 2430 potentiam;
1781 2360 1839 2413 et
1867 2355 2271 2420 intentionem,

778 2463 909 2520 quoe
937 2451 1130 2504 motus
1159 2450 1246 2504 est
1268 2466 1384 2520 quo
1411 2450 1486 2504 ad
1517 2447 1708 2520 ipsum
1738 2446 1914 2503 finem
1946 2445 2272 2511 tendimus;

777 2539 836 2592 et
875 2537 1050 2594 finem
1095 2537 1154 2593 in
1193 2555 1368 2610 quem
1405 2537 1722 2595 tendimus,
1764 2537 1849 2591 An
1893 2535 2072 2592 etiam
2115 2535 2275 2591 idem

777 2629 940 2683 actus
977 2625 1052 2681 sit
1090 2643 1204 2698 quo
1245 2627 1376 2698 quis
1406 2626 1531 2683 vult
1569 2625 1744 2682 finem
1787 2628 1845 2681 et
1875 2641 1942 2681 ea
1971 2640 2102 2696 quae
2139 2626 2278 2679 sunt

777 2716 853 2771 ad
885 2713 1082 2780 finem,
1113 2715 1201 2773 vel
1239 2715 1358 2771 sint
1393 2717 1557 2772 actus
1598 2715 1827 2779 diversi,
1856 2713 2128 2786 Magister
2165 2714 2274 2769 sub

779 2804 956 2860 dubio
975 2804 1270 2877 relinquit.
1287 2806 1398 2861 Sed
1421 2806 1684 2861 doctores
1704 2806 2033 2859 concedunt
2053 2807 2277 2860 utrum-

779 2910 890 2966 que
919 2895 1026 2950 sub
1057 2893 1446 2951 distinctione.
1465 2896 1655 2950 Potest
1677 2893 1835 2950 enim
1866 2893 1927 2948 in
1956 2896 2273 2964 utrumque

1543 484 1818 532 emolu-2
1860 482 2325 530 ms'rmcnoNuu
2370 483 2527 529 unm
2570 484 2613 528 11
2656 479 3120 528 SENTEN'rlAnun

2308 654 2363 716 Α
2389 651 2655 725 quamvis
2693 652 2918 709 actibus
2954 668 3159 709 earum
3188 651 3456 708 voluntas
3492 649 3653 707 abuti
3689 649 3885 722 possit.

2391 743 2595 798 Utrum
2638 745 2833 798 autem
2878 741 3035 798 idem
3079 740 3155 796 sit
3189 739 3501 797 voluntatis
3542 742 3735 796 motus
3771 755 3887 811 quo

2390 833 2610 888 bonum
2651 831 2813 904 eligit
2848 835 2904 887 et
2943 830 3168 887 malum
3206 830 3443 902 respuit,
3474 829 3561 887 vel
3608 829 3885 894 diversus,

2388 920 2659 992 Magister
2698 919 2872 977 refert
2914 919 3237 977 contrarias
3284 920 3605 992 opiniones,
3638 934 3744 976 nec
3790 920 3889 974 de-

2392 1008 2569 1075 finit;
2619 1012 2884 1066 doctores
2939 1013 3135 1067 autem
3194 1008 3585 1066 communiter
3630 1007 3889 1065 sentiunt

2391 1102 2547 1171 quod
2586 1100 2705 1156 sint
2742 1101 2971 1158 diversi.

2391 1223 2525 1275 Sola
2554 1224 2858 1275 voluntatis
2891 1225 3041 1276 mala
3072 1224 3279 1276 dicitur
3304 1224 3470 1280 actio,
3504 1223 3761 1289 quamvis

2454 1306 2651 1357 Cetera
2680 1306 2947 1357 virtutum
2978 1307 3052 1356 sit
3081 1305 3363 1356 maculata
3391 1305 3613 1357 cohors.

2843 1549 3267 1612 DISTINCTIO
3311 1549 3431 1611 XL.

2684 1693 2827 1754 Post
2869 1693 3003 1755 haec
3045 1693 3122 1753 de
3163 1691 3434 1766 actibuS,
3468 1698 3587 1753 etc.

2518 1899 2685 1955 CI'US
2714 1898 3027 1956 exteriores
3064 1899 3200 1955 boni
3238 1902 3375 1956 sunt
3402 1898 3639 1971 quidem
3680 1913 3883 1954 omnes

2536 1988 2595 2044 in
2636 1992 2924 2062 quantum
2972 1993 3127 2054 sunt,
3160 1989 3332 2062 juxta
3378 1991 3533 2060 quod
3580 2004 3759 2060 supra
3802 2002 3887 2042 se·

2388 2081 2649 2135 cundum
2698 2079 3034 2150 opinionem
3081 2077 3267 2151 magis
3310 2079 3615 2150 probatam
3659 2077 3883 2135 dictum

2388 2171 2490 2224 est.
2521 2168 2813 2224 Moraliter
2849 2172 3045 2225 autem
3097 2167 3233 2224 boni
3275 2171 3377 2224 aut
3418 2167 3577 2232 mali,
3608 2184 3681 2224 ex
3727 2171 3886 2224 recta

2384 2258 2473 2314 vel
2520 2257 2855 2315 inordinata
2891 2257 3186 2314 voluntate
3223 2256 3479 2329 judicari
3530 2257 3761 2322 babent,
3802 2257 3885 2313 sic

2386 2346 2606 2404 scilicet
2652 2350 2716 2404 ut
2763 2346 2824 2403 hi
2868 2346 3004 2403 boni
3052 2345 3399 2419 simpliciter
3443 2345 3733 2412 dicantur,
3783 2346 3883 2419 qui

2386 2435 2600 2492 bonam
2632 2452 2699 2492 ac
2736 2440 2956 2493 rectam
2994 2452 3232 2492 causam
3262 2435 3479 2493 habent
3514 2452 3583 2492 ex
3621 2436 3774 2492 bona
3807 2435 3886 2492 fa-

2386 2527 2463 2582 cti
2518 2527 2860 2591 intentione,
2912 2526 3022 2583 hoc
3076 2529 3179 2592 est,
3229 2528 3302 2582 ad
3358 2527 3577 2583 bonum
3632 2527 3884 2584 tendunt

2387 2617 2590 2683 tinem3
2624 2617 2765 2672 mali
2794 2633 2928 2673 vero
2956 2616 3317 2689 simpliciter,
3350 2633 3480 2688 quae
3516 2633 3587 2673 ex
3618 2633 3884 2689 perversa

2385 2709 2708 2778 procedunt
2736 2707 3075 2763 intentione.
3107 2707 3252 2762 Hinc
3278 2709 3337 2763 et
3374 2706 3651 2763 Dominus
3680 2706 3881 2764 volun-

2383 2800 2562 2854 tatem
2606 2795 2817 2861 arbori,
2850 2799 2907 2852 et
2953 2795 3236 2852 fructibus
3282 2812 3460 2868 opera
3503 2796 3877 2867 comparavit.

2384 2888 2534 2950 Haec,
2549 2887 2920 2959 opinionibus
2945 2886 3074 2942 aliis
3100 2885 3376 2950 dimissis,
3391 2888 3461 2942 de
3491 2885 3765 2942 omnibus
3792 2902 3883 2942 ac-

776 2983 1044 3040 voluntas
1072 2983 1331 3040 absolute
1361 2988 1418 3040 et
1443 2985 1768 3040 secundum
1809 2999 1870 3039 se
1910 2982 2063 3046 ferri,
2095 2986 2152 3040 et
2190 2982 2273 3038 sic
2308 2969 2351 3032 C
2382 2976 2538 3032 tibus
2584 2975 2990 3032 universaliter
3026 2974 3405 3047 intelligenda
3442 2977 3595 3040 sunt,
3628 2974 3881 3048 exceptis

777 3075 916 3128 sunt
951 3074 1067 3129 duo
1103 3075 1297 3129 motus
1333 3071 1684 3138 voluntatis3
1715 3071 1802 3128 vel
1836 3070 1893 3127 in
1925 3087 2108 3128 unum
2142 3087 2273 3143 pro·

777 3165 904 3233 pter
939 3161 1118 3226 aliud,
1149 3165 1208 3218 et
1243 3162 1326 3218 sic
1365 3161 1477 3218 erit
1515 3177 1684 3218 unus.

775 3285 954 3335 Recta
983 3284 1328 3336 voluntatem
1359 3285 1574 3350 profert
1604 3283 1838 3335 intentio
1868 3287 2098 3344 rectam,

837 3357 908 3407 Et
934 3356 1134 3421 probat
1163 3357 1359 3408 intenti
1389 3356 1585 3420 regula
1613 3356 1741 3406 tinis
1771 3370 1934 3420 opus.

1157 3597 1581 3663 DISTINCTIO
1623 3599 1884 3660 XXXIX.

963 3749 1077 3814 Hie
1119 3759 1330 3814 autem
1373 3751 1578 3814 oritur
1618 3749 1906 3832 quaestio,
1951 3757 2070 3811 etc.

905 3957 1219 4014 OLUNTAS
1279 3955 1518 4029 quidem
1580 3957 1652 4012 de
1711 3971 1772 4012 se
1837 3956 1990 4012 bona
2047 3959 2151 4020 est,
2209 3954 2270 4010 in

922 4049 1209 4120 quantum
1237 4045 1458 4102 seilicet
1485 4045 1766 4102 naturalis
1795 4045 2078 4118 potentia;
2110 4044 2271 4101 mala

774 4141 973 4194 tamen
1015 4136 1231 4193 dicitur
1264 4137 1338 4192 ob
1381 4135 1882 4192 deordinationem
1926 4151 2057 4207 quae
2099 4134 2158 4190 in
2204 4151 2271 4191 ea
2302 4133 2351 4194 D

777 4225 1079 4298 contingit.
1108 4227 1176 4280 Et
1221 4225 1316 4282 bic
1361 4225 1601 4297 quidem
1647 4227 1735 4280 est
1779 4227 1990 4281 modus
2036 4224 2271 4281 dicendi

775 4332 880 4374 seu
923 4315 1210 4372 sententia
1253 4331 1457 4371 eorum
1505 4313 1604 4386 qui
1653 4313 1854 4372 dicunt
1899 4314 2102 4370 omnia
2145 4329 2272 4370 esse

777 4406 931 4462 bona
971 4405 1031 4459 in
1070 4407 1356 4477 quantum
1399 4407 1552 4461 sunt.
1583 4404 1695 4460 Sed
1734 4406 2060 4461 secundum
2098 4403 2275 4476 Magi-

776 4499 984 4559 strum,
1025 4494 1207 4567 quoeri
1245 4497 1386 4550 tunc
1423 4494 1495 4549 ab
1531 4493 1615 4550 eis
1654 4495 1854 4565 potest,
1892 4511 1997 4550 cur
2037 4509 2153 4550 non
2192 4493 2275 4551 ita

775 4585 852 4641 sit
887 4588 945 4641 et
979 4584 1038 4639 in
1077 4583 1280 4640 ceteris
1315 4583 1532 4638 animae
1568 4583 1857 4655 potentiis,
1887 4586 1952 4640 ut
1985 4583 2274 4640 memoria

776 4679 834 4732 et
882 4673 1104 4731 ceteris.
1153 4671 1258 4729 Ubi
1313 4672 1556 4729 ulterius
1603 4671 1686 4727 illi
1735 4673 1955 4736 dicunt,
2005 4674 2162 4745 quod
2210 4673 2269 4728 in

777 4765 1004 4822 actibus
1046 4763 1256 4820 harum
1301 4779 1417 4818 non
1465 4761 1751 4834 contingit
1792 4763 2157 4819 deordinatio
2204 4779 2271 4819 eo

775 4857 953 4910 modo
996 4870 1110 4925 quo
1149 4852 1208 4908 in
1247 4855 1378 4909 actu
1416 4851 1749 4916 voluntatiS,
1780 4854 1882 4908 sed
1921 4851 2145 4909 ratione
2190 4851 2275 4907 in-

776 4943 1062 5001 ordinatae
1100 4942 1410 4999 voluntatis
1453 4945 1618 4999 actus
1664 4958 1866 4999 earum
1916 4941 2056 4998 mali
2105 4942 2270 4999 fiunt.

776 5035 943 5099 Quod
972 5033 1210 5106 quidem
1241 5032 1376 5088 inde
1410 5034 1513 5097 est,
1543 5033 1699 5104 quod
1737 5032 2078 5088 carumdem
2109 5035 2273 5089 actus

776 5140 894 5180 non
923 5125 1060 5180 sunt
1084 5122 1344 5194 ejusdem
1388 5122 1615 5193 generis
1642 5137 1778 5178 cum
1819 5121 2042 5178 actibus
2069 5121 2273 5178 volun-

776 5212 928 5278 tatis,
961 5228 1066 5284 pro
1095 5227 1161 5267 co
1200 5212 1356 5283 quod
1393 5211 1468 5265 ad
1507 5210 2038 5282 concupiscendum
2067 5211 2155 5268 vel
2191 5229 2275 5268 re-

775 5302 1104 5376 spuendum
1138 5315 1256 5356 non
1283 5299 1646 5366 ordinantur,
1662 5302 1725 5356 ut
1752 5302 1916 5356 actus
1938 5300 2269 5367 voluntatis,

2384 3067 2579 3121 tamen
2622 3065 2705 3121 eis
2745 3065 2843 3138 qui
2882 3066 2953 3120 de
2991 3081 3050 3121 se
3090 3064 3229 3121 mali
3266 3068 3420 3131 sunt,
3460 3068 3527 3122 ut
3564 3062 3878 3120 adulterari

2382 3157 2438 3210 et
2484 3154 2842 3227 hujusmodi.
2876 3154 2942 3210 Hi
2990 3153 3148 3210 enIm
3198 3170 3301 3226 per
3339 3153 3695 3210 voluntatem
3744 3151 3879 3209 boni

2382 3243 2505 3300 sseri
2546 3259 2662 3300 non
2705 3247 2961 3316 possunt.
2992 3242 3207 3301 Malum
3247 3260 3456 3315 nempe
3492 3243 3669 3300 etiam
3704 3241 3754 3298 si
3784 3241 3882 3314 pia

2384 3333 2705 3390 intentione
2753 3333 2876 3390 fieri
2922 3333 3205 3399 videatur,
3237 3334 3452 3390 bonam
3499 3336 3697 3389 tamen
3744 3349 3879 3388 cau-

2381 3439 2509 3479 sam
2537 3422 2819 3479 veraciter
2846 3423 3057 3479 babere
3097 3422 3316 3495 nequit.
3346 3422 3543 3494 Neque
3582 3422 3740 3479 enim
3781 3423 3879 3478 bo·

2382 3527 2527 3568 num
2557 3515 2744 3585 potest
2772 3529 2896 3570 esse
2934 3512 3174 3577 furtum,
3207 3511 3385 3569 etiam
3424 3511 3473 3566 si
3514 3511 3643 3568 ideo
3682 3511 3782 3568 fiat
3812 3513 3878 3567 ut

2381 3601 2622 3674 pauperi
2659 3600 3053 3664 subveniatur,
3092 3617 3279 3672 neque
3316 3599 3556 3672 rapina;
3588 3599 3645 3656 et
3679 3599 3764 3655 sic
3806 3601 3878 3656 de

2381 3689 2530 3755 aliis,
2564 3689 2833 3762 quamvis
2863 3691 3044 3746 bonas
3072 3706 3277 3746 causas
3312 3689 3525 3746 habere
3550 3688 3879 3746 videantur.

2383 3813 2674 3879 Praecipua
2702 3812 3059 3864 commendat
3086 3827 3231 3878 opus
3260 3812 3509 3864 bonitate
3544 3811 3825 3873 voluntas,

2442 3884 2713 3942 Quamvis
2745 3889 2800 3934 et
2827 3884 3054 3950 propria
3086 3883 3161 3934 sit
3188 3884 3403 3936 ratione
3432 3883 3661 3936 bonum.

2818 4124 3244 4188 DISTINCTIO
3286 4125 3434 4187 XLI.

2715 4268 3048 4350 Quumque
3093 4267 3381 4344 intenti0,
3418 4275 3537 4330 ete.

2507 4493 2602 4548 ΟΝ
2641 4493 2835 4550 omnis
2874 4493 3199 4550 infidelium
3238 4492 3389 4549 actio
3430 4495 3730 4565 peccatum
3768 4496 3875 4560 est,

2524 4585 2627 4640 sed
2656 4583 2841 4640 multa
2871 4583 2928 4638 in
2962 4599 3171 4656 genere
3200 4584 3348 4639 bona
3378 4583 3607 4655 operari
3637 4586 3880 4656 possunt

2382 4673 2560 4730 etiam
2601 4673 2712 4730 fide
2750 4677 3031 4738 carentes,
3064 4673 3331 4746 quamvis
3369 4690 3471 4745 per
3512 4673 3872 4747 huJusmodi‚

2380 4762 2560 4818 vitam
2609 4764 2839 4819 beatam
2896 4779 3013 4819 non
3062 4766 3415 4827 mereantur,
3464 4766 3661 4834 utpote
3710 4766 3877 4819 extra

2383 4853 2633 4924 gratiam
2681 4851 2849 4908 facta.
2896 4853 3124 4909 Bonum
3174 4868 3429 4924 namque
3474 4851 3879 4924 multipliciter

2383 4941 2633 4999 dicitur:
2664 4943 3015 5014 quandoque
3053 4941 3273 4998 scilicet
3310 4943 3465 5013 quod
3504 4945 3591 4998 est
3627 4940 3873 5006 licitum,

2382 5032 2731 5104 quandoque
2760 5033 2917 5104 quod
2947 5031 3103 5096 utile,
3136 5033 3486 5104 quandoque
3512 5030 3691 5087 etiam
3720 5033 3879 5103 quod

2382 5126 2486 5179 aut
2511 5125 2599 5178 est
2620 5120 2862 5193 signum
2892 5121 3047 5186 boni,
3079 5123 3181 5178 aut
3216 5119 3467 5192 speciem
3510 5120 3646 5176 boni
3686 5121 3877 5178 habet.

2381 5212 2709 5285 Aliquando
2764 5213 2962 5268 autem
3018 5209 3127 5267 hoc
3172 5211 3393 5266 bonum
3442 5209 3672 5276 dicitur,
3722 5211 3879 5282 quod

2380 5301 2630 5375 dignum
2672 5303 2757 5358 est
2784 5299 3257 5358 remuneratione
3284 5298 3453 5357 vitae:
3483 5316 3598 5371 quo
3638 5298 3878 5372 quidem
