<?xml version="1.0" encoding="UTF-8"?>
<!DOCTYPE html PUBLIC "-//W3C//DTD XHTML 1.0 Transitional//EN"
    "http://www.w3.org/TR/xhtml1/DTD/xhtml1-transitional.dtd">
<html xmlns="http://www.w3.org/1999/xhtml" xml:lang="en" lang="en">
 <head>
  <title>
</title>
<meta http-equiv="Content-Type" content="text/html;charset=utf-8" />
  <meta name='ocr-system' content='tesseract 3.04.00' />
  <meta name='ocr-capabilities' content='ocr_page ocr_carea ocr_par ocr_line ocrx_word'/>
</head>
<body>
  <div class='ocr_page' id='page_1' title='image "./doctorisecstati01denigoog_0582.png"; bbox 0 0 4334 6242; ppageno 0'>
   <div class='ocr_carea' id='block_1_1' title="bbox 807 465 2970 537">
    <p class='ocr_par' dir='ltr' id='par_1_1' title="bbox 807 465 2970 537">
     <span class='ocr_line' id='line_1_1' title="bbox 807 465 2970 537; baseline 0.001 -5"><span class='ocrx_word' id='word_1_1' title='bbox 807 465 930 534; x_wconf 75' lang='lat'><strong>540</strong></span> <span class='ocrx_word' id='word_1_2' title='bbox 1701 521 1706 528; x_wconf 92' lang='lat'><strong>.</strong></span> <span class='ocrx_word' id='word_1_3' title='bbox 1745 487 1929 534; x_wconf 75' lang='lat' dir='ltr'><strong>marm</strong></span> <span class='ocrx_word' id='word_1_4' title='bbox 1969 487 2015 534; x_wconf 89' lang='lat' dir='ltr'><strong>n</strong></span> <span class='ocrx_word' id='word_1_5' title='bbox 2055 485 2539 537; x_wconf 63' lang='lat' dir='ltr'><strong>surtran-mauu.</strong></span> <span class='ocrx_word' id='word_1_6' title='bbox 2584 505 2665 518; x_wconf 93' lang='lat'><em>-</em></span> <span class='ocrx_word' id='word_1_7' title='bbox 2705 488 2859 535; x_wconf 80' lang='lat' dir='ltr'><strong>msr.</strong></span> <span class='ocrx_word' id='word_1_8' title='bbox 2904 488 2970 534; x_wconf 80' lang='lat' dir='ltr'><strong>xl</strong></span> 
     </span>
    </p>
   </div>
   <div class='ocr_carea' id='block_1_2' title="bbox 513 655 4231 1432">
    <p class='ocr_par' dir='ltr' id='par_1_2' title="bbox 513 655 3919 1138">
     <span class='ocr_line' id='line_1_2' title="bbox 809 655 3917 742; baseline 0.001 -24"><span class='ocrx_word' id='word_1_9' title='bbox 809 655 1010 719; x_wconf 86' lang='lat' dir='ltr'><strong>nexis.</strong></span> <span class='ocrx_word' id='word_1_10' title='bbox 1073 657 1217 721; x_wconf 80' lang='lat' dir='ltr'><strong>Haec</strong></span> <span class='ocrx_word' id='word_1_11' title='bbox 1273 659 1512 722; x_wconf 88' lang='lat' dir='ltr'><strong>Petrus.</strong></span> <span class='ocrx_word' id='word_1_12' title='bbox 1563 695 1644 704; x_wconf 90' lang='lat'><strong>—</strong></span> <span class='ocrx_word' id='word_1_13' title='bbox 1697 661 1868 723; x_wconf 85' lang='lat' dir='ltr'>Idem</span> <span class='ocrx_word' id='word_1_14' title='bbox 1931 659 2303 734; x_wconf 80' lang='lat' dir='ltr'><strong>RicharduS,</strong></span> <span class='ocrx_word' id='word_1_15' title='bbox 2334 657 2387 723; x_wconf 81' lang='lat' dir='ltr'><strong>A</strong></span> <span class='ocrx_word' id='word_1_16' title='bbox 2414 657 2583 723; x_wconf 84' lang='lat' dir='ltr'><strong>tetur</strong></span> <span class='ocrx_word' id='word_1_17' title='bbox 2623 659 2961 741; x_wconf 82' lang='lat' dir='ltr'><strong>Gregorius</strong></span> <span class='ocrx_word' id='word_1_18' title='bbox 2995 678 3009 722; x_wconf 75' lang='grc' dir='ltr'>ε</span> <span class='ocrx_word' id='word_1_19' title='bbox 3044 660 3321 742; x_wconf 79' lang='lat' dir='ltr'><strong>Angelus</strong></span> <span class='ocrx_word' id='word_1_20' title='bbox 3358 661 3439 722; x_wconf 92' lang='lat' dir='ltr'><strong>ad</strong></span> <span class='ocrx_word' id='word_1_21' title='bbox 3476 659 3787 723; x_wconf 80' lang='lat' dir='ltr'><strong>exteriora</strong></span> <span class='ocrx_word' id='word_1_22' title='bbox 3814 658 3917 722; x_wconf 88' lang='lat' dir='ltr'><strong>sic</strong></span> 
     </span>
     <span class='ocr_line' id='line_1_3' title="bbox 565 755 3917 842; baseline 0.002 -28"><span class='ocrx_word' id='word_1_23' title='bbox 565 770 742 815; x_wconf 67' lang='lat' dir='ltr'><strong>uana.</strong></span> <span class='ocrx_word' id='word_1_24' title='bbox 809 755 1161 831; x_wconf 79' lang='lat' dir='ltr'><strong>UdalricuS,</strong></span> <span class='ocrx_word' id='word_1_25' title='bbox 1208 763 1270 819; x_wconf 91' lang='lat' dir='ltr'><strong>et</strong></span> <span class='ocrx_word' id='word_1_26' title='bbox 1317 758 1445 819; x_wconf 91' lang='lat' dir='ltr'><strong>alii.</strong></span> <span class='ocrx_word' id='word_1_27' title='bbox 1493 757 1669 820; x_wconf 88' lang='lat' dir='ltr'><strong>Unde</strong></span> <span class='ocrx_word' id='word_1_28' title='bbox 1718 758 2000 821; x_wconf 80' lang='lat' dir='ltr'><strong>Salvator</strong></span> <span class='ocrx_word' id='word_1_29' title='bbox 2035 776 2049 820; x_wconf 76' lang='grc' dir='ltr'>ε</span> <span class='ocrx_word' id='word_1_30' title='bbox 2081 758 2304 839; x_wconf 88' lang='lat' dir='ltr'><strong>Angeli</strong></span> <span class='ocrx_word' id='word_1_31' title='bbox 2418 758 2714 835; x_wconf 78' lang='lat' dir='ltr'><strong>mittitur,</strong></span> <span class='ocrx_word' id='word_1_32' title='bbox 2746 760 2916 842; x_wconf 87' lang='lat' dir='ltr'><strong>quod</strong></span> <span class='ocrx_word' id='word_1_33' title='bbox 2964 759 3044 821; x_wconf 89' lang='lat' dir='ltr'><strong>ab</strong></span> <span class='ocrx_word' id='word_1_34' title='bbox 3087 760 3335 822; x_wconf 88' lang='lat' dir='ltr'><strong>interna</strong></span> <span class='ocrx_word' id='word_1_35' title='bbox 3376 758 3917 841; x_wconf 80' lang='lat' dir='ltr'><strong>contemplatione</strong></span> 
     </span>
     <span class='ocr_line' id='line_1_4' title="bbox 513 837 3917 940; baseline 0.001 -25"><span class='ocrx_word' id='word_1_36' title='bbox 513 847 627 885; x_wconf 63' lang='lat' dir='ltr'>&#39;‘w&#39;’</span> <span class='ocrx_word' id='word_1_37' title='bbox 660 837 723 878; x_wconf 90' lang='lat'><strong>¹⁰·</strong></span> <span class='ocrx_word' id='word_1_38' title='bbox 807 871 1030 916; x_wconf 91' lang='lat' dir='ltr'><strong>eorum</strong></span> <span class='ocrx_word' id='word_1_39' title='bbox 1079 874 1332 937; x_wconf 86' lang='lat' dir='ltr'><strong>semper</strong></span> <span class='ocrx_word' id='word_1_40' title='bbox 1374 856 1593 919; x_wconf 86' lang='lat' dir='ltr'><strong>vident</strong></span> <span class='ocrx_word' id='word_1_41' title='bbox 1634 856 1864 919; x_wconf 82' lang='lat' dir='ltr'><strong>faciem</strong></span> <span class='ocrx_word' id='word_1_42' title='bbox 1909 857 2105 920; x_wconf 91' lang='lat' dir='ltr'><strong>Patris</strong></span> <span class='ocrx_word' id='word_1_43' title='bbox 2153 857 2301 920; x_wconf 86' lang='lat' dir='ltr'><strong>mei.</strong></span> <span class='ocrx_word' id='word_1_44' title='bbox 2416 875 2542 919; x_wconf 91' lang='lat' dir='ltr'><strong>non</strong></span> <span class='ocrx_word' id='word_1_45' title='bbox 2601 858 2976 938; x_wconf 83' lang='lat' dir='ltr'><strong>elongatur3</strong></span> <span class='ocrx_word' id='word_1_46' title='bbox 3027 866 3091 921; x_wconf 90' lang='lat' dir='ltr'><strong>et</strong></span> <span class='ocrx_word' id='word_1_47' title='bbox 3148 859 3375 921; x_wconf 87' lang='lat' dir='ltr'><strong>iterum</strong></span> <span class='ocrx_word' id='word_1_48' title='bbox 3432 877 3447 921; x_wconf 74' lang='grc' dir='ltr'>ε</span> <span class='ocrx_word' id='word_1_49' title='bbox 3497 859 3917 940; x_wconf 87' lang='lat' dir='ltr'><strong>Quocumque</strong></span> 
     </span>
     <span class='ocr_line' id='line_1_5' title="bbox 888 952 3913 1039; baseline 0.001 -24"><span class='ocrx_word' id='word_1_50' title='bbox 888 952 1131 1015; x_wconf 82' lang='lat' dir='ltr'><strong>Dicitur</strong></span> <span class='ocrx_word' id='word_1_51' title='bbox 1161 972 1414 1036; x_wconf 88' lang='lat' dir='ltr'><strong>quoque</strong></span> <span class='ocrx_word' id='word_1_52' title='bbox 1452 955 1714 1037; x_wconf 89' lang='lat' dir='ltr'><strong>angelus</strong></span> <span class='ocrx_word' id='word_1_53' title='bbox 1743 956 1822 1017; x_wconf 91' lang='lat' dir='ltr'><strong>ad</strong></span> <span class='ocrx_word' id='word_1_54' title='bbox 1859 957 2060 1030; x_wconf 86' lang='lat' dir='ltr'><strong>Deum</strong></span> <span class='ocrx_word' id='word_1_55' title='bbox 2102 975 2308 1018; x_wconf 87' lang='lat' dir='ltr'><strong>rever·</strong></span> <span class='ocrx_word' id='word_1_56' title='bbox 2418 957 2713 1032; x_wconf 75' lang='lat' dir='ltr'><strong>mittitur,</strong></span> <span class='ocrx_word' id='word_1_57' title='bbox 2761 957 2925 1018; x_wconf 86' lang='lat' dir='ltr'><strong>intra</strong></span> <span class='ocrx_word' id='word_1_58' title='bbox 2972 957 3174 1019; x_wconf 89' lang='lat' dir='ltr'><strong>Deum</strong></span> <span class='ocrx_word' id='word_1_59' title='bbox 3224 957 3445 1030; x_wconf 91' lang='lat' dir='ltr'><strong>currit,</strong></span> <span class='ocrx_word' id='word_1_60' title='bbox 3492 965 3563 1019; x_wconf 87' lang='lat' dir='ltr'><strong>ut</strong></span> <span class='ocrx_word' id='word_1_61' title='bbox 3609 955 3913 1039; x_wconf 83' lang='lat' dir='ltr'><strong>Raphael,</strong></span> 
     </span>
     <span class='ocr_line' id='line_1_6' title="bbox 809 1049 3919 1138; baseline 0.001 -26"><span class='ocrx_word' id='word_1_62' title='bbox 809 1049 878 1124; x_wconf 90' lang='lat' dir='ltr'><strong>ti,</strong></span> <span class='ocrx_word' id='word_1_63' title='bbox 902 1051 968 1112; x_wconf 93' lang='lat' dir='ltr'><strong>in</strong></span> <span class='ocrx_word' id='word_1_64' title='bbox 999 1059 1308 1132; x_wconf 87' lang='lat' dir='ltr'><strong>quantum</strong></span> <span class='ocrx_word' id='word_1_65' title='bbox 1339 1053 1502 1116; x_wconf 86' lang='lat' dir='ltr'><strong>redit</strong></span> <span class='ocrx_word' id='word_1_66' title='bbox 1530 1054 1608 1116; x_wconf 90' lang='lat' dir='ltr'><strong>ad</strong></span> <span class='ocrx_word' id='word_1_67' title='bbox 1639 1054 1870 1117; x_wconf 90' lang='lat' dir='ltr'><strong>coelum</strong></span> <span class='ocrx_word' id='word_1_68' title='bbox 1905 1073 2301 1138; x_wconf 82' lang='lat' dir='ltr'><strong>empyreum,</strong></span> <span class='ocrx_word' id='word_1_69' title='bbox 2415 1055 2525 1137; x_wconf 87' lang='lat' dir='ltr'><strong>qui</strong></span> <span class='ocrx_word' id='word_1_70' title='bbox 2556 1055 2737 1129; x_wconf 87' lang='lat' dir='ltr'><strong>dixit,</strong></span> <span class='ocrx_word' id='word_1_71' title='bbox 2756 1056 3031 1138; x_wconf 90' lang='lat' dir='ltr'><strong>Tempus</strong></span> <span class='ocrx_word' id='word_1_72' title='bbox 3062 1063 3158 1118; x_wconf 89' lang='lat' dir='ltr'><strong>est</strong></span> <span class='ocrx_word' id='word_1_73' title='bbox 3186 1063 3259 1117; x_wconf 88' lang='lat' dir='ltr'><strong>ut</strong></span> <span class='ocrx_word' id='word_1_74' title='bbox 3288 1063 3582 1131; x_wconf 89' lang='lat' dir='ltr'><strong>revertar,</strong></span> <span class='ocrx_word' id='word_1_75' title='bbox 3609 1075 3676 1118; x_wconf 92' lang='lat' dir='ltr'><strong>se</strong></span> <span class='ocrx_word' id='word_1_76' title='bbox 3706 1055 3919 1118; x_wconf 89' lang='lat' dir='ltr'><strong>nihilo</strong></span> 
     </span>
    </p>

    <p class='ocr_par' dir='ltr' id='par_1_3' title="bbox 513 1148 4231 1335">
     <span class='ocr_line' id='line_1_7' title="bbox 513 1148 4231 1236; baseline 0.002 -27"><span class='ocrx_word' id='word_1_77' title='bbox 513 1165 580 1210; x_wconf 67' lang='lat'><strong>12.</strong></span> <span class='ocrx_word' id='word_1_78' title='bbox 607 1149 777 1217; x_wconf 66' lang='lat' dir='ltr'><strong>..x-1121.</strong></span> <span class='ocrx_word' id='word_1_79' title='bbox 809 1148 1050 1231; x_wconf 84' lang='lat' dir='ltr'><strong>inquo</strong></span> <span class='ocrx_word' id='word_1_80' title='bbox 1099 1151 1264 1213; x_wconf 88' lang='lat' dir='ltr'><strong>Deus</strong></span> <span class='ocrx_word' id='word_1_81' title='bbox 1313 1151 1676 1233; x_wconf 83' lang='lat' dir='ltr'><strong>specialiter</strong></span> <span class='ocrx_word' id='word_1_82' title='bbox 1723 1172 1862 1215; x_wconf 87' lang='lat' dir='ltr'><strong>esse</strong></span> <span class='ocrx_word' id='word_1_83' title='bbox 1910 1160 1972 1216; x_wconf 92' lang='lat' dir='ltr'><strong>et</strong></span> <span class='ocrx_word' id='word_1_84' title='bbox 2019 1152 2305 1216; x_wconf 90' lang='lat' dir='ltr'><strong>habitare</strong></span> <span class='ocrx_word' id='word_1_85' title='bbox 2416 1154 2629 1216; x_wconf 91' lang='lat' dir='ltr'><strong>minus</strong></span> <span class='ocrx_word' id='word_1_86' title='bbox 2659 1154 2788 1217; x_wconf 92' lang='lat' dir='ltr'><strong>Deo</strong></span> <span class='ocrx_word' id='word_1_87' title='bbox 2818 1162 3196 1236; x_wconf 83' lang='lat' dir='ltr'><strong>praesentem</strong></span> <span class='ocrx_word' id='word_1_88' title='bbox 3225 1173 3365 1217; x_wconf 90' lang='lat' dir='ltr'><strong>esse</strong></span> <span class='ocrx_word' id='word_1_89' title='bbox 3395 1154 3759 1228; x_wconf 88' lang='lat' dir='ltr'><strong>insinuavit,</strong></span> <span class='ocrx_word' id='word_1_90' title='bbox 3778 1154 3917 1234; x_wconf 84' lang='lat' dir='ltr'><strong>Ego</strong></span> <span class='ocrx_word' id='word_1_91' title='bbox 3954 1167 4231 1218; x_wconf 56' lang='lat' dir='ltr'><strong>ruamus.</strong></span> 
     </span>
     <span class='ocr_line' id='line_1_8' title="bbox 805 1248 3917 1335; baseline 0.002 -26"><span class='ocrx_word' id='word_1_92' title='bbox 805 1248 1132 1323; x_wconf 85' lang='lat' dir='ltr'><strong>asseritur,</strong></span> <span class='ocrx_word' id='word_1_93' title='bbox 1165 1250 1467 1331; x_wconf 86' lang='lat' dir='ltr'><strong>quoniam</strong></span> <span class='ocrx_word' id='word_1_94' title='bbox 1509 1250 1600 1312; x_wconf 90' lang='lat' dir='ltr'><strong>ibi</strong></span> <span class='ocrx_word' id='word_1_95' title='bbox 1632 1251 1866 1314; x_wconf 89' lang='lat' dir='ltr'><strong>clarius</strong></span> <span class='ocrx_word' id='word_1_96' title='bbox 1905 1252 2209 1325; x_wconf 89' lang='lat' dir='ltr'><strong>cernitur,</strong></span> <span class='ocrx_word' id='word_1_97' title='bbox 2242 1259 2306 1314; x_wconf 82' lang='lat' dir='ltr'><strong>et</strong></span> <span class='ocrx_word' id='word_1_98' title='bbox 2415 1272 2557 1315; x_wconf 90' lang='lat' dir='ltr'><strong>sum</strong></span> <span class='ocrx_word' id='word_1_99' title='bbox 2602 1253 2880 1334; x_wconf 89' lang='lat' dir='ltr'><strong>(dicens)</strong></span> <span class='ocrx_word' id='word_1_100' title='bbox 2921 1273 3087 1316; x_wconf 93' lang='lat' dir='ltr'><strong>unus</strong></span> <span class='ocrx_word' id='word_1_101' title='bbox 3134 1271 3212 1316; x_wconf 86' lang='lat' dir='ltr'><strong>ex</strong></span> <span class='ocrx_word' id='word_1_102' title='bbox 3262 1260 3509 1335; x_wconf 89' lang='lat' dir='ltr'><strong>septem</strong></span> <span class='ocrx_word' id='word_1_103' title='bbox 3555 1252 3665 1335; x_wconf 92' lang='lat' dir='ltr'><strong>qui</strong></span> <span class='ocrx_word' id='word_1_104' title='bbox 3708 1254 3917 1315; x_wconf 84' lang='lat' dir='ltr'><strong>adsta-</strong></span> 
     </span>
    </p>

    <p class='ocr_par' dir='ltr' id='par_1_4' title="bbox 807 1345 3013 1432">
     <span class='ocr_line' id='line_1_9' title="bbox 807 1345 3013 1432; baseline 0.002 -25"><span class='ocrx_word' id='word_1_105' title='bbox 807 1345 1142 1426; x_wconf 86' lang='lat' dir='ltr'><strong>gratiosius</strong></span> <span class='ocrx_word' id='word_1_106' title='bbox 1180 1366 1254 1409; x_wconf 90' lang='lat' dir='ltr'><strong>ac</strong></span> <span class='ocrx_word' id='word_1_107' title='bbox 1293 1347 1630 1430; x_wconf 89' lang='lat' dir='ltr'><strong>gloriosius</strong></span> <span class='ocrx_word' id='word_1_108' title='bbox 1674 1357 1988 1432; x_wconf 84' lang='lat' dir='ltr'><strong>operatur.</strong></span> <span class='ocrx_word' id='word_1_109' title='bbox 2022 1350 2185 1412; x_wconf 88' lang='lat' dir='ltr'><strong>Hinc</strong></span> <span class='ocrx_word' id='word_1_110' title='bbox 2219 1349 2307 1413; x_wconf 84' lang='lat' dir='ltr'><strong>fa·</strong></span> <span class='ocrx_word' id='word_1_111' title='bbox 2417 1371 2562 1413; x_wconf 91' lang='lat' dir='ltr'><strong>mus</strong></span> <span class='ocrx_word' id='word_1_112' title='bbox 2604 1357 2749 1414; x_wconf 86' lang='lat' dir='ltr'><strong>ante</strong></span> <span class='ocrx_word' id='word_1_113' title='bbox 2792 1352 3013 1413; x_wconf 91' lang='lat' dir='ltr'><strong>Deum.</strong></span> 
     </span>
    </p>
   </div>
   <div class='ocr_carea' id='block_1_3' title="bbox 1763 1757 2948 1871">
    <p class='ocr_par' dir='ltr' id='par_1_5' title="bbox 1763 1757 2948 1871">
     <span class='ocr_line' id='line_1_10' title="bbox 1763 1757 2948 1871; baseline 0.002 -3"><span class='ocrx_word' id='word_1_114' title='bbox 1763 1757 2672 1871; x_wconf 87' lang='lat' dir='ltr'><strong>DISTINCTIO</strong></span> <span class='ocrx_word' id='word_1_115' title='bbox 2788 1759 2948 1870; x_wconf 87' lang='lat' dir='ltr'><strong>-Xl</strong></span> 
     </span>
    </p>
   </div>
   <div class='ocr_carea' id='block_1_4' title="bbox 803 2095 3911 2280">
    <p class='ocr_par' dir='ltr' id='par_1_6' title="bbox 803 2095 3911 2280">
     <span class='ocr_line' id='line_1_11' title="bbox 803 2095 3911 2177; baseline 0.001 -17"><span class='ocrx_word' id='word_1_116' title='bbox 803 2095 888 2161; x_wconf 88' lang='lat' dir='ltr'><strong>A.</strong></span> <span class='ocrx_word' id='word_1_117' title='bbox 943 2101 1140 2166; x_wconf 79' lang='lat' dir='ltr'><strong>Quod</strong></span> <span class='ocrx_word' id='word_1_118' title='bbox 1167 2113 1464 2176; x_wconf 80' lang='lat' dir='ltr'><strong>quoeque</strong></span> <span class='ocrx_word' id='word_1_119' title='bbox 1501 2102 1760 2162; x_wconf 77' lang='lat' dir='ltr'><strong>anima</strong></span> <span class='ocrx_word' id='word_1_120' title='bbox 1792 2099 2010 2162; x_wconf 78' lang='lat' dir='ltr'><strong>habet</strong></span> <span class='ocrx_word' id='word_1_121' title='bbox 2046 2103 2395 2174; x_wconf 73' lang='lat' dir='ltr'><strong>anaelum</strong></span> <span class='ocrx_word' id='word_1_122' title='bbox 2424 2101 2693 2162; x_wconf 74' lang='lat' dir='ltr'><strong>bonum</strong></span> <span class='ocrx_word' id='word_1_123' title='bbox 2728 2103 2828 2162; x_wconf 84' lang='lat' dir='ltr'><strong>ad</strong></span> <span class='ocrx_word' id='word_1_124' title='bbox 2861 2103 2980 2163; x_wconf 75' lang='lat' dir='ltr'><strong>sui</strong></span> <span class='ocrx_word' id='word_1_125' title='bbox 3016 2101 3428 2164; x_wconf 78' lang='lat' dir='ltr'><strong>custodiam</strong></span> <span class='ocrx_word' id='word_1_126' title='bbox 3464 2103 3911 2177; x_wconf 69' lang='lat' dir='ltr'><strong>dezeqatu-m,</strong></span> 
     </span>
     <span class='ocr_line' id='line_1_12' title="bbox 1837 2217 2870 2280; baseline -0.001 -2"><span class='ocrx_word' id='word_1_127' title='bbox 1837 2217 1910 2278; x_wconf 84' lang='lat' dir='ltr'><strong>et</strong></span> <span class='ocrx_word' id='word_1_128' title='bbox 1945 2220 2235 2279; x_wconf 82' lang='lat' dir='ltr'><strong>malum</strong></span> <span class='ocrx_word' id='word_1_129' title='bbox 2274 2220 2370 2280; x_wconf 82' lang='lat' dir='ltr'><strong>ad</strong></span> <span class='ocrx_word' id='word_1_130' title='bbox 2405 2217 2870 2280; x_wconf 75' lang='lat' dir='ltr'><strong>exercitium.</strong></span> 
     </span>
    </p>
   </div>
   <div class='ocr_carea' id='block_1_5' title="bbox 508 2535 3919 4010">
    <p class='ocr_par' dir='ltr' id='par_1_7' title="bbox 985 2535 3915 2618">
     <span class='ocr_line' id='line_1_13' title="bbox 985 2535 3915 2618; baseline 0.002 -21"><span class='ocrx_word' id='word_1_131' title='bbox 985 2536 1356 2617; x_wconf 91' lang='lat' dir='ltr'><strong>hominum,</strong></span> <span class='ocrx_word' id='word_1_132' title='bbox 1399 2537 1491 2600; x_wconf 85' lang='lat' dir='ltr'><strong>ita</strong></span> <span class='ocrx_word' id='word_1_133' title='bbox 1543 2537 1620 2600; x_wconf 87' lang='lat' dir='ltr'><strong>ut</strong></span> <span class='ocrx_word' id='word_1_134' title='bbox 1667 2538 1948 2617; x_wconf 89' lang='lat' dir='ltr'><strong>quisque</strong></span> <span class='ocrx_word' id='word_1_135' title='bbox 1993 2535 2350 2600; x_wconf 89' lang='lat' dir='ltr'><strong>electorum</strong></span> <span class='ocrx_word' id='word_1_136' title='bbox 2388 2537 2625 2600; x_wconf 86' lang='lat' dir='ltr'><strong>habeat</strong></span> <span class='ocrx_word' id='word_1_137' title='bbox 2668 2536 2974 2618; x_wconf 83' lang='lat' dir='ltr'><strong>angelum</strong></span> <span class='ocrx_word' id='word_1_138' title='bbox 3027 2537 3108 2600; x_wconf 86' lang='lat' dir='ltr'><strong>ad</strong></span> <span class='ocrx_word' id='word_1_139' title='bbox 3145 2537 3250 2600; x_wconf 90' lang='lat' dir='ltr'><strong>sui</strong></span> <span class='ocrx_word' id='word_1_140' title='bbox 3296 2537 3667 2618; x_wconf 87' lang='lat' dir='ltr'><strong>profectum</strong></span> <span class='ocrx_word' id='word_1_141' title='bbox 3712 2540 3915 2618; x_wconf 88' lang='lat' dir='ltr'><strong>atque</strong></span> 
     </span>
    </p>

    <p class='ocr_par' dir='ltr' id='par_1_8' title="bbox 983 2651 3911 2735">
     <span class='ocr_line' id='line_1_14' title="bbox 983 2651 3911 2735; baseline 0 -21"><span class='ocrx_word' id='word_1_142' title='bbox 983 2651 1352 2715; x_wconf 85' lang='lat' dir='ltr'><strong>custodiam</strong></span> <span class='ocrx_word' id='word_1_143' title='bbox 1410 2653 1780 2735; x_wconf 87' lang='lat' dir='ltr'><strong>specialiter</strong></span> <span class='ocrx_word' id='word_1_144' title='bbox 1843 2651 2242 2732; x_wconf 88' lang='lat' dir='ltr'><strong>delegatum.</strong></span> <span class='ocrx_word' id='word_1_145' title='bbox 2302 2651 2491 2716; x_wconf 91' lang='lat' dir='ltr'><strong>Unde</strong></span> <span class='ocrx_word' id='word_1_146' title='bbox 2550 2653 2620 2714; x_wconf 93' lang='lat' dir='ltr'><strong>in</strong></span> <span class='ocrx_word' id='word_1_147' title='bbox 2672 2651 3030 2733; x_wconf 87' lang='lat' dir='ltr'><strong>Evangelio</strong></span> <span class='ocrx_word' id='word_1_148' title='bbox 3086 2651 3369 2733; x_wconf 82' lang='lat' dir='ltr'><strong>Veritas,</strong></span> <span class='ocrx_word' id='word_1_149' title='bbox 3419 2669 3458 2716; x_wconf 90' lang='lat' dir='ltr'><strong>a</strong></span> <span class='ocrx_word' id='word_1_150' title='bbox 3512 2653 3911 2734; x_wconf 87' lang='lat' dir='ltr'><strong>pusillorum</strong></span> 
     </span>
    </p>

    <p class='ocr_par' dir='ltr' id='par_1_9' title="bbox 511 2734 3917 3080">
     <span class='ocr_line' id='line_1_15' title="bbox 511 2734 3917 2850; baseline -0.003 -8"><span class='ocrx_word' id='word_1_151' title='bbox 511 2734 781 2847; x_wconf 54' lang='lat' dir='ltr'><strong>{licffift</strong></span> <span class='ocrx_word' id='word_1_152' title='bbox 806 2766 1111 2832; x_wconf 82' lang='lat' dir='ltr'><strong>scandalo</strong></span> <span class='ocrx_word' id='word_1_153' title='bbox 1159 2768 1537 2848; x_wconf 81' lang='lat' dir='ltr'><strong>prohibenS,</strong></span> <span class='ocrx_word' id='word_1_154' title='bbox 1583 2769 1676 2832; x_wconf 86' lang='lat' dir='ltr'><strong>ait</strong></span> <span class='ocrx_word' id='word_1_155' title='bbox 1717 2789 1730 2829; x_wconf 90' lang='lat'>:</span> <span class='ocrx_word' id='word_1_156' title='bbox 1773 2766 2011 2848; x_wconf 86' lang='lat' dir='ltr'><strong>Angeli</strong></span> <span class='ocrx_word' id='word_1_157' title='bbox 2049 2785 2277 2831; x_wconf 91' lang='lat' dir='ltr'><strong>eorum</strong></span> <span class='ocrx_word' id='word_1_158' title='bbox 2316 2785 2575 2850; x_wconf 90' lang='lat' dir='ltr'><strong>semper</strong></span> <span class='ocrx_word' id='word_1_159' title='bbox 2613 2769 2838 2830; x_wconf 88' lang='lat' dir='ltr'><strong>vident</strong></span> <span class='ocrx_word' id='word_1_160' title='bbox 2876 2767 3112 2832; x_wconf 88' lang='lat' dir='ltr'><strong>faciem</strong></span> <span class='ocrx_word' id='word_1_161' title='bbox 3148 2769 3387 2832; x_wconf 89' lang='lat' dir='ltr'><strong>Patris.</strong></span> <span class='ocrx_word' id='word_1_162' title='bbox 3422 2769 3710 2850; x_wconf 87' lang='lat' dir='ltr'><strong>Angelos</strong></span> <span class='ocrx_word' id='word_1_163' title='bbox 3747 2769 3917 2833; x_wconf 84' lang='lat' dir='ltr'><strong>dicit</strong></span> 
     </span>
     <span class='ocr_line' id='line_1_16' title="bbox 512 2859 3916 2974; baseline 0.001 -28"><span class='ocrx_word' id='word_1_164' title='bbox 512 2859 744 2974; x_wconf 53' lang='lat' dir='ltr'><strong>mfffflss&#39;f&#39;</strong></span> <span class='ocrx_word' id='word_1_165' title='bbox 807 2899 1036 2946; x_wconf 89' lang='lat' dir='ltr'><strong>eorum</strong></span> <span class='ocrx_word' id='word_1_166' title='bbox 1088 2900 1230 2946; x_wconf 85' lang='lat' dir='ltr'><strong>esse</strong></span> <span class='ocrx_word' id='word_1_167' title='bbox 1277 2883 1518 2963; x_wconf 90' lang='lat' dir='ltr'><strong>quibus</strong></span> <span class='ocrx_word' id='word_1_168' title='bbox 1567 2883 1649 2946; x_wconf 87' lang='lat' dir='ltr'><strong>ad</strong></span> <span class='ocrx_word' id='word_1_169' title='bbox 1695 2882 2062 2947; x_wconf 84' lang='lat' dir='ltr'><strong>custodiam</strong></span> <span class='ocrx_word' id='word_1_170' title='bbox 2118 2883 2415 2963; x_wconf 88' lang='lat' dir='ltr'><strong>deputati</strong></span> <span class='ocrx_word' id='word_1_171' title='bbox 2471 2883 2646 2946; x_wconf 89' lang='lat' dir='ltr'><strong>sunt.</strong></span> <span class='ocrx_word' id='word_1_172' title='bbox 2690 2883 2900 2964; x_wconf 89' lang='lat' dir='ltr'><strong>Super</strong></span> <span class='ocrx_word' id='word_1_173' title='bbox 2946 2900 3144 2964; x_wconf 88' lang='lat' dir='ltr'><strong>quem</strong></span> <span class='ocrx_word' id='word_1_174' title='bbox 3200 2883 3422 2947; x_wconf 89' lang='lat' dir='ltr'><strong>locum</strong></span> <span class='ocrx_word' id='word_1_175' title='bbox 3460 2885 3916 2966; x_wconf 86' lang='lat' dir='ltr'><strong>Hieronymus</strong></span> 
     </span>
     <span class='ocr_line' id='line_1_17' title="bbox 806 2998 3917 3080; baseline 0.001 -19"><span class='ocrx_word' id='word_1_176' title='bbox 806 2999 1026 3080; x_wconf 86' lang='lat' dir='ltr'><strong>tradit,</strong></span> <span class='ocrx_word' id='word_1_177' title='bbox 1067 3016 1601 3080; x_wconf 88' lang='lat' dir='ltr'><strong>unamquamque</strong></span> <span class='ocrx_word' id='word_1_178' title='bbox 1631 2999 1920 3063; x_wconf 86' lang='lat' dir='ltr'><strong>animam</strong></span> <span class='ocrx_word' id='word_1_179' title='bbox 1959 2999 2041 3062; x_wconf 86' lang='lat' dir='ltr'><strong>ab</strong></span> <span class='ocrx_word' id='word_1_180' title='bbox 2079 2999 2347 3064; x_wconf 85' lang='lat' dir='ltr'><strong>exordio</strong></span> <span class='ocrx_word' id='word_1_181' title='bbox 2387 2999 2751 3062; x_wconf 84' lang='lat' dir='ltr'><strong>nativitatis</strong></span> <span class='ocrx_word' id='word_1_182' title='bbox 2790 2998 3028 3062; x_wconf 88' lang='lat' dir='ltr'><strong>habere</strong></span> <span class='ocrx_word' id='word_1_183' title='bbox 3066 2999 3373 3080; x_wconf 86' lang='lat' dir='ltr'><strong>angelum</strong></span> <span class='ocrx_word' id='word_1_184' title='bbox 3415 3000 3497 3064; x_wconf 89' lang='lat' dir='ltr'><strong>ad</strong></span> <span class='ocrx_word' id='word_1_185' title='bbox 3538 3001 3645 3064; x_wconf 86' lang='lat' dir='ltr'><strong>sui</strong></span> <span class='ocrx_word' id='word_1_186' title='bbox 3689 3003 3917 3064; x_wconf 87' lang='lat' dir='ltr'><strong>custo-</strong></span> 
     </span>
    </p>

    <p class='ocr_par' dir='ltr' id='par_1_10' title="bbox 575 3116 3917 3200">
     <span class='ocr_line' id='line_1_18' title="bbox 575 3116 3917 3200; baseline 0.001 -21"><span class='ocrx_word' id='word_1_187' title='bbox 575 3135 692 3180; x_wconf 64' lang='lat' dir='ltr'><strong>nter.</strong></span> <span class='ocrx_word' id='word_1_188' title='bbox 732 3138 778 3180; x_wconf 66' lang='lat' dir='ltr'><strong>sn</strong></span> <span class='ocrx_word' id='word_1_189' title='bbox 805 3117 984 3180; x_wconf 86' lang='lat' dir='ltr'><strong>diam</strong></span> <span class='ocrx_word' id='word_1_190' title='bbox 1021 3116 1432 3197; x_wconf 89' lang='lat' dir='ltr'><strong>deputatum,</strong></span> <span class='ocrx_word' id='word_1_191' title='bbox 1472 3117 1779 3198; x_wconf 87' lang='lat' dir='ltr'><strong>inquiens</strong></span> <span class='ocrx_word' id='word_1_192' title='bbox 1807 3118 1900 3180; x_wconf 89' lang='lat' dir='ltr'><strong>ita</strong></span> <span class='ocrx_word' id='word_1_193' title='bbox 1933 3137 1947 3178; x_wconf 92' lang='lat'>:</span> <span class='ocrx_word' id='word_1_194' title='bbox 1981 3117 2219 3198; x_wconf 89' lang='lat' dir='ltr'><strong>Magna</strong></span> <span class='ocrx_word' id='word_1_195' title='bbox 2245 3117 2531 3197; x_wconf 84' lang='lat' dir='ltr'><strong>dignitas</strong></span> <span class='ocrx_word' id='word_1_196' title='bbox 2558 3117 2929 3179; x_wconf 88' lang='lat' dir='ltr'><strong>animarum</strong></span> <span class='ocrx_word' id='word_1_197' title='bbox 2959 3117 3081 3197; x_wconf 88' lang='lat' dir='ltr'><strong>est,</strong></span> <span class='ocrx_word' id='word_1_198' title='bbox 3111 3119 3189 3180; x_wconf 87' lang='lat' dir='ltr'><strong>ut</strong></span> <span class='ocrx_word' id='word_1_199' title='bbox 3224 3134 3636 3200; x_wconf 66' lang='lat' dir='ltr'><strong>unaquaeque</strong></span> <span class='ocrx_word' id='word_1_200' title='bbox 3672 3118 3917 3182; x_wconf 84' lang='lat' dir='ltr'><strong>habeat</strong></span> 
     </span>
    </p>

    <p class='ocr_par' dir='ltr' id='par_1_11' title="bbox 508 3199 3919 3663">
     <span class='ocr_line' id='line_1_19' title="bbox 509 3199 3909 3315; baseline 0.001 -21"><span class='ocrx_word' id='word_1_201' title='bbox 509 3199 775 3306; x_wconf 50' lang='lat' dir='ltr'>ffifflm&#39;ffi</span> <span class='ocrx_word' id='word_1_202' title='bbox 805 3232 888 3294; x_wconf 88' lang='lat' dir='ltr'><strong>ab</strong></span> <span class='ocrx_word' id='word_1_203' title='bbox 937 3234 1084 3296; x_wconf 90' lang='lat' dir='ltr'><strong>ortu</strong></span> <span class='ocrx_word' id='word_1_204' title='bbox 1135 3233 1499 3296; x_wconf 87' lang='lat' dir='ltr'><strong>nativitatis</strong></span> <span class='ocrx_word' id='word_1_205' title='bbox 1550 3233 1621 3295; x_wconf 91' lang='lat' dir='ltr'><strong>in</strong></span> <span class='ocrx_word' id='word_1_206' title='bbox 1657 3233 2026 3297; x_wconf 87' lang='lat' dir='ltr'><strong>custodiam</strong></span> <span class='ocrx_word' id='word_1_207' title='bbox 2063 3233 2168 3296; x_wconf 91' lang='lat' dir='ltr'><strong>sui</strong></span> <span class='ocrx_word' id='word_1_208' title='bbox 2218 3233 2523 3313; x_wconf 82' lang='lat' dir='ltr'><strong>angelum</strong></span> <span class='ocrx_word' id='word_1_209' title='bbox 2571 3232 2966 3313; x_wconf 86' lang='lat' dir='ltr'><strong>delegatum.</strong></span> <span class='ocrx_word' id='word_1_210' title='bbox 3009 3233 3365 3313; x_wconf 82' lang='lat' dir='ltr'><strong>Gregorius</strong></span> <span class='ocrx_word' id='word_1_211' title='bbox 3412 3251 3675 3314; x_wconf 89' lang='lat' dir='ltr'><strong>quoque</strong></span> <span class='ocrx_word' id='word_1_212' title='bbox 3722 3234 3909 3315; x_wconf 87' lang='lat' dir='ltr'><strong>dicit,</strong></span> 
     </span>
     <span class='ocr_line' id='line_1_20' title="bbox 508 3348 3917 3430; baseline 0 -16"><span class='ocrx_word' id='word_1_213' title='bbox 508 3369 777 3427; x_wconf 63' lang='lat' dir='ltr'><strong>caegoemo-</strong></span> <span class='ocrx_word' id='word_1_214' title='bbox 805 3349 984 3430; x_wconf 89' lang='lat' dir='ltr'><strong>quod</strong></span> <span class='ocrx_word' id='word_1_215' title='bbox 1036 3349 1314 3430; x_wconf 90' lang='lat' dir='ltr'><strong>quisque</strong></span> <span class='ocrx_word' id='word_1_216' title='bbox 1365 3349 1612 3412; x_wconf 90' lang='lat' dir='ltr'><strong>bonum</strong></span> <span class='ocrx_word' id='word_1_217' title='bbox 1660 3349 1966 3430; x_wconf 86' lang='lat' dir='ltr'><strong>angelum</strong></span> <span class='ocrx_word' id='word_1_218' title='bbox 2018 3349 2145 3412; x_wconf 90' lang='lat' dir='ltr'><strong>sibi</strong></span> <span class='ocrx_word' id='word_1_219' title='bbox 2196 3348 2279 3411; x_wconf 88' lang='lat' dir='ltr'><strong>ad</strong></span> <span class='ocrx_word' id='word_1_220' title='bbox 2337 3348 2705 3411; x_wconf 86' lang='lat' dir='ltr'><strong>custodiam</strong></span> <span class='ocrx_word' id='word_1_221' title='bbox 2756 3349 3142 3430; x_wconf 85' lang='lat' dir='ltr'><strong>deputatum</strong></span> <span class='ocrx_word' id='word_1_222' title='bbox 3182 3350 3246 3412; x_wconf 90' lang='lat' dir='ltr'><strong>et</strong></span> <span class='ocrx_word' id='word_1_223' title='bbox 3287 3367 3495 3412; x_wconf 90' lang='lat' dir='ltr'><strong>unum</strong></span> <span class='ocrx_word' id='word_1_224' title='bbox 3538 3349 3789 3414; x_wconf 83' lang='lat' dir='ltr'><strong>malum</strong></span> <span class='ocrx_word' id='word_1_225' title='bbox 3826 3351 3917 3414; x_wconf 90' lang='lat' dir='ltr'><strong>ad</strong></span> 
     </span>
     <span class='ocr_line' id='line_1_21' title="bbox 509 3435 3919 3546; baseline 0.001 -18"><span class='ocrx_word' id='word_1_226' title='bbox 509 3435 692 3541; x_wconf 62' lang='lat'><strong>{⁸¹29¹‚&#39;¹&#39;</strong></span> <span class='ocrx_word' id='word_1_227' title='bbox 719 3450 774 3486; x_wconf 63' lang='lat'><strong>&#39;¹¹&#39;</strong></span> <span class='ocrx_word' id='word_1_228' title='bbox 805 3465 1191 3528; x_wconf 86' lang='lat' dir='ltr'><strong>exercitium</strong></span> <span class='ocrx_word' id='word_1_229' title='bbox 1231 3465 1446 3530; x_wconf 86' lang='lat' dir='ltr'><strong>habet.</strong></span> <span class='ocrx_word' id='word_1_230' title='bbox 1482 3465 1703 3540; x_wconf 90' lang='lat' dir='ltr'><strong>Quum</strong></span> <span class='ocrx_word' id='word_1_231' title='bbox 1732 3467 1910 3529; x_wconf 90' lang='lat' dir='ltr'><strong>enim</strong></span> <span class='ocrx_word' id='word_1_232' title='bbox 1948 3483 2180 3528; x_wconf 89' lang='lat' dir='ltr'><strong>omnes</strong></span> <span class='ocrx_word' id='word_1_233' title='bbox 2216 3465 2431 3546; x_wconf 84' lang='lat' dir='ltr'><strong>angeli</strong></span> <span class='ocrx_word' id='word_1_234' title='bbox 2468 3464 2624 3527; x_wconf 89' lang='lat' dir='ltr'><strong>boni</strong></span> <span class='ocrx_word' id='word_1_235' title='bbox 2662 3466 2960 3528; x_wconf 90' lang='lat' dir='ltr'><strong>nostrum</strong></span> <span class='ocrx_word' id='word_1_236' title='bbox 2998 3464 3245 3528; x_wconf 90' lang='lat' dir='ltr'><strong>bonum</strong></span> <span class='ocrx_word' id='word_1_237' title='bbox 3274 3465 3503 3546; x_wconf 83' lang='lat' dir='ltr'><strong>velint,</strong></span> <span class='ocrx_word' id='word_1_238' title='bbox 3543 3469 3919 3530; x_wconf 90' lang='lat' dir='ltr'><strong>communi-</strong></span> 
     </span>
     <span class='ocr_line' id='line_1_22' title="bbox 803 3580 3911 3663; baseline 0.001 -20"><span class='ocrx_word' id='word_1_239' title='bbox 803 3582 1032 3662; x_wconf 85' lang='lat' dir='ltr'><strong>terque</strong></span> <span class='ocrx_word' id='word_1_240' title='bbox 1069 3582 1266 3645; x_wconf 88' lang='lat' dir='ltr'><strong>saluti</strong></span> <span class='ocrx_word' id='word_1_241' title='bbox 1305 3583 1602 3644; x_wconf 88' lang='lat' dir='ltr'><strong>omnium</strong></span> <span class='ocrx_word' id='word_1_242' title='bbox 1641 3582 1978 3662; x_wconf 82' lang='lat' dir='ltr'><strong>studeant3</strong></span> <span class='ocrx_word' id='word_1_243' title='bbox 2019 3581 2128 3644; x_wconf 89' lang='lat' dir='ltr'><strong>ille</strong></span> <span class='ocrx_word' id='word_1_244' title='bbox 2176 3582 2397 3644; x_wconf 86' lang='lat' dir='ltr'><strong>tamen</strong></span> <span class='ocrx_word' id='word_1_245' title='bbox 2446 3581 2559 3662; x_wconf 90' lang='lat' dir='ltr'><strong>qui</strong></span> <span class='ocrx_word' id='word_1_246' title='bbox 2601 3581 2953 3663; x_wconf 86' lang='lat' dir='ltr'><strong>deputatus</strong></span> <span class='ocrx_word' id='word_1_247' title='bbox 2990 3582 3090 3644; x_wconf 87' lang='lat' dir='ltr'><strong>est</strong></span> <span class='ocrx_word' id='word_1_248' title='bbox 3136 3580 3334 3644; x_wconf 84' lang='lat' dir='ltr'><strong>alicui</strong></span> <span class='ocrx_word' id='word_1_249' title='bbox 3380 3581 3463 3644; x_wconf 89' lang='lat' dir='ltr'><strong>ad</strong></span> <span class='ocrx_word' id='word_1_250' title='bbox 3514 3582 3911 3659; x_wconf 88' lang='lat' dir='ltr'><strong>custodiam,</strong></span> 
     </span>
    </p>

    <p class='ocr_par' dir='ltr' id='par_1_12' title="bbox 553 3696 3911 3779">
     <span class='ocr_line' id='line_1_23' title="bbox 553 3696 3911 3779; baseline 0.002 -26"><span class='ocrx_word' id='word_1_251' title='bbox 553 3712 657 3754; x_wconf 60' lang='grc' dir='ltr'><em>Τοῦ.</em></span> <span class='ocrx_word' id='word_1_252' title='bbox 681 3727 737 3755; x_wconf 76' lang='lat' dir='ltr'><strong>v..</strong></span> <span class='ocrx_word' id='word_1_253' title='bbox 804 3714 958 3760; x_wconf 90' lang='lat' dir='ltr'><strong>eum</strong></span> <span class='ocrx_word' id='word_1_254' title='bbox 1006 3697 1377 3778; x_wconf 87' lang='lat' dir='ltr'><strong>specialiter</strong></span> <span class='ocrx_word' id='word_1_255' title='bbox 1429 3697 1731 3760; x_wconf 86' lang='lat' dir='ltr'><strong>hortatur</strong></span> <span class='ocrx_word' id='word_1_256' title='bbox 1780 3698 1860 3759; x_wconf 89' lang='lat' dir='ltr'><strong>ad</strong></span> <span class='ocrx_word' id='word_1_257' title='bbox 1913 3697 2186 3776; x_wconf 89' lang='lat' dir='ltr'><strong>bonum,</strong></span> <span class='ocrx_word' id='word_1_258' title='bbox 2227 3697 2398 3760; x_wconf 89' lang='lat' dir='ltr'><strong>sicut</strong></span> <span class='ocrx_word' id='word_1_259' title='bbox 2448 3696 2689 3778; x_wconf 89' lang='lat' dir='ltr'><strong>legitur</strong></span> <span class='ocrx_word' id='word_1_260' title='bbox 2736 3697 2817 3759; x_wconf 89' lang='lat' dir='ltr'><strong>de</strong></span> <span class='ocrx_word' id='word_1_261' title='bbox 2866 3696 3098 3777; x_wconf 90' lang='lat' dir='ltr'><strong>angelo</strong></span> <span class='ocrx_word' id='word_1_262' title='bbox 3144 3697 3391 3777; x_wconf 83' lang='lat' dir='ltr'><strong>Tobiae,</strong></span> <span class='ocrx_word' id='word_1_263' title='bbox 3434 3699 3499 3760; x_wconf 91' lang='lat' dir='ltr'><strong>et</strong></span> <span class='ocrx_word' id='word_1_264' title='bbox 3544 3697 3625 3760; x_wconf 92' lang='lat' dir='ltr'><strong>de</strong></span> <span class='ocrx_word' id='word_1_265' title='bbox 3676 3699 3911 3779; x_wconf 87' lang='lat' dir='ltr'><strong>angelo</strong></span> 
     </span>
    </p>

    <p class='ocr_par' dir='ltr' id='par_1_13' title="bbox 510 3773 3914 4010">
     <span class='ocr_line' id='line_1_24' title="bbox 510 3773 3913 3893; baseline 0 -17"><span class='ocrx_word' id='word_1_266' title='bbox 510 3773 772 3826; x_wconf 62' lang='lat'><strong>⁴⁴⁶⁸&#39;⁸¹&#39;&#39;⁷&#39;⁸‘</strong></span> <span class='ocrx_word' id='word_1_267' title='bbox 803 3812 982 3876; x_wconf 91' lang='lat' dir='ltr'><strong>Petri</strong></span> <span class='ocrx_word' id='word_1_268' title='bbox 1040 3813 1107 3874; x_wconf 91' lang='lat' dir='ltr'><strong>in</strong></span> <span class='ocrx_word' id='word_1_269' title='bbox 1159 3812 1437 3876; x_wconf 86' lang='lat' dir='ltr'><strong>Actibus</strong></span> <span class='ocrx_word' id='word_1_270' title='bbox 1473 3812 1968 3893; x_wconf 88' lang='lat' dir='ltr'><strong>Apostolorum.</strong></span> <span class='ocrx_word' id='word_1_271' title='bbox 2011 3812 2331 3877; x_wconf 87' lang='lat' dir='ltr'><strong>Similiter</strong></span> <span class='ocrx_word' id='word_1_272' title='bbox 2386 3813 2449 3876; x_wconf 89' lang='lat' dir='ltr'><strong>et</strong></span> <span class='ocrx_word' id='word_1_273' title='bbox 2502 3810 2660 3874; x_wconf 90' lang='lat' dir='ltr'><strong>mali</strong></span> <span class='ocrx_word' id='word_1_274' title='bbox 2708 3811 2922 3893; x_wconf 85' lang='lat' dir='ltr'><strong>angeli</strong></span> <span class='ocrx_word' id='word_1_275' title='bbox 2970 3829 3177 3892; x_wconf 90' lang='lat' dir='ltr'><strong>quum</strong></span> <span class='ocrx_word' id='word_1_276' title='bbox 3236 3812 3607 3877; x_wconf 90' lang='lat' dir='ltr'><strong>desiderent</strong></span> <span class='ocrx_word' id='word_1_277' title='bbox 3656 3813 3913 3876; x_wconf 88' lang='lat' dir='ltr'><strong>malum</strong></span> 
     </span>
     <span class='ocr_line' id='line_1_25' title="bbox 803 3928 3914 4010; baseline 0 -18"><span class='ocrx_word' id='word_1_278' title='bbox 803 3929 1175 4008; x_wconf 89' lang='lat' dir='ltr'><strong>hominum,</strong></span> <span class='ocrx_word' id='word_1_279' title='bbox 1218 3929 1430 4010; x_wconf 87' lang='lat' dir='ltr'><strong>magis</strong></span> <span class='ocrx_word' id='word_1_280' title='bbox 1468 3930 1688 3993; x_wconf 84' lang='lat' dir='ltr'><strong>tamen</strong></span> <span class='ocrx_word' id='word_1_281' title='bbox 1726 3929 2062 3992; x_wconf 89' lang='lat' dir='ltr'><strong>hominem</strong></span> <span class='ocrx_word' id='word_1_282' title='bbox 2107 3929 2190 3990; x_wconf 89' lang='lat' dir='ltr'><strong>ad</strong></span> <span class='ocrx_word' id='word_1_283' title='bbox 2226 3929 2477 3991; x_wconf 88' lang='lat' dir='ltr'><strong>malum</strong></span> <span class='ocrx_word' id='word_1_284' title='bbox 2516 3928 2766 4008; x_wconf 88' lang='lat' dir='ltr'><strong>incitat,</strong></span> <span class='ocrx_word' id='word_1_285' title='bbox 2801 3929 2865 3991; x_wconf 88' lang='lat' dir='ltr'><strong>et</strong></span> <span class='ocrx_word' id='word_1_286' title='bbox 2900 3928 2983 3990; x_wconf 88' lang='lat' dir='ltr'><strong>ad</strong></span> <span class='ocrx_word' id='word_1_287' title='bbox 3020 3929 3391 3992; x_wconf 91' lang='lat' dir='ltr'><strong>nocendum</strong></span> <span class='ocrx_word' id='word_1_288' title='bbox 3434 3929 3671 3992; x_wconf 84' lang='lat' dir='ltr'><strong>fortius</strong></span> <span class='ocrx_word' id='word_1_289' title='bbox 3707 3930 3914 3993; x_wconf 88' lang='lat' dir='ltr'><strong>instat</strong></span> 
     </span>
    </p>
   </div>
   <div class='ocr_carea' id='block_1_6' title="bbox 802 4043 2381 4130">
    <p class='ocr_par' dir='ltr' id='par_1_14' title="bbox 802 4043 2381 4130">
     <span class='ocr_line' id='line_1_26' title="bbox 802 4043 2381 4130; baseline -0.003 -19"><span class='ocrx_word' id='word_1_290' title='bbox 802 4045 914 4111; x_wconf 92' lang='lat' dir='ltr'><strong>ille</strong></span> <span class='ocrx_word' id='word_1_291' title='bbox 962 4044 1076 4130; x_wconf 89' lang='lat' dir='ltr'><strong>qui</strong></span> <span class='ocrx_word' id='word_1_292' title='bbox 1125 4044 1207 4108; x_wconf 91' lang='lat' dir='ltr'><strong>ad</strong></span> <span class='ocrx_word' id='word_1_293' title='bbox 1246 4045 1632 4109; x_wconf 85' lang='lat' dir='ltr'><strong>exercitium</strong></span> <span class='ocrx_word' id='word_1_294' title='bbox 1671 4043 1816 4124; x_wconf 90' lang='lat' dir='ltr'><strong>ejus</strong></span> <span class='ocrx_word' id='word_1_295' title='bbox 1862 4043 2216 4125; x_wconf 88' lang='lat' dir='ltr'><strong>deputatus</strong></span> <span class='ocrx_word' id='word_1_296' title='bbox 2262 4044 2381 4107; x_wconf 87' lang='lat' dir='ltr'><strong>est.</strong></span> 
     </span>
    </p>
   </div>
   <div class='ocr_carea' id='block_1_7' title="bbox 947 2419 3913 2502">
    <p class='ocr_par' dir='ltr' id='par_1_15' title="bbox 947 2419 3913 2502">
     <span class='ocr_line' id='line_1_27' title="bbox 947 2419 3913 2502; baseline 0.001 -19"><span class='ocrx_word' id='word_1_297' title='bbox 947 2419 1184 2484; x_wconf 90' lang='lat' dir='ltr'><strong>LLUD</strong></span> <span class='ocrx_word' id='word_1_298' title='bbox 1237 2438 1500 2502; x_wconf 89' lang='lat' dir='ltr'><strong>quoque</strong></span> <span class='ocrx_word' id='word_1_299' title='bbox 1553 2420 1893 2484; x_wconf 87' lang='lat' dir='ltr'><strong>sciendum</strong></span> <span class='ocrx_word' id='word_1_300' title='bbox 1949 2421 2070 2500; x_wconf 89' lang='lat' dir='ltr'><strong>est,</strong></span> <span class='ocrx_word' id='word_1_301' title='bbox 2125 2421 2305 2500; x_wconf 89' lang='lat' dir='ltr'><strong>quod</strong></span> <span class='ocrx_word' id='word_1_302' title='bbox 2357 2421 2573 2502; x_wconf 89' lang='lat' dir='ltr'><strong>angeli</strong></span> <span class='ocrx_word' id='word_1_303' title='bbox 2622 2421 2779 2484; x_wconf 90' lang='lat' dir='ltr'><strong>boni</strong></span> <span class='ocrx_word' id='word_1_304' title='bbox 2834 2420 3131 2502; x_wconf 88' lang='lat' dir='ltr'><strong>deputati</strong></span> <span class='ocrx_word' id='word_1_305' title='bbox 3185 2423 3341 2484; x_wconf 90' lang='lat' dir='ltr'><strong>sunt</strong></span> <span class='ocrx_word' id='word_1_306' title='bbox 3395 2422 3479 2485; x_wconf 89' lang='lat' dir='ltr'><strong>ad</strong></span> <span class='ocrx_word' id='word_1_307' title='bbox 3539 2423 3913 2487; x_wconf 85' lang='lat' dir='ltr'><strong>custodiam</strong></span> 
     </span>
    </p>
   </div>
   <div class='ocr_carea' id='block_1_8' title="bbox 1171 4269 3539 4459">
    <p class='ocr_par' dir='ltr' id='par_1_16' title="bbox 1171 4269 3539 4459">
     <span class='ocr_line' id='line_1_28' title="bbox 1171 4269 3539 4346; baseline -0.001 -12"><span class='ocrx_word' id='word_1_308' title='bbox 1171 4269 1247 4334; x_wconf 88' lang='lat' dir='ltr'><strong>B.</strong></span> <span class='ocrx_word' id='word_1_309' title='bbox 1299 4271 1558 4333; x_wconf 80' lang='lat' dir='ltr'><strong>Utrum</strong></span> <span class='ocrx_word' id='word_1_310' title='bbox 1604 4271 1918 4345; x_wconf 71' lang='lat' dir='ltr'><strong>sinqults</strong></span> <span class='ocrx_word' id='word_1_311' title='bbox 1961 4271 2379 4332; x_wconf 78' lang='lat' dir='ltr'><strong>hominibus</strong></span> <span class='ocrx_word' id='word_1_312' title='bbox 2415 4271 2691 4344; x_wconf 72' lang='lat' dir='ltr'><strong>sinouli</strong></span> <span class='ocrx_word' id='word_1_313' title='bbox 2735 4272 3009 4346; x_wconf 66' lang='lat' dir='ltr'><strong>anacli,</strong></span> <span class='ocrx_word' id='word_1_314' title='bbox 3062 4284 3164 4332; x_wconf 82' lang='lat' dir='ltr'><strong>an</strong></span> <span class='ocrx_word' id='word_1_315' title='bbox 3194 4271 3539 4342; x_wconf 75' lang='lat' dir='ltr'><strong>pluribus</strong></span> 
     </span>
     <span class='ocr_line' id='line_1_29' title="bbox 1961 4385 2742 4459; baseline -0.004 -11"><span class='ocrx_word' id='word_1_316' title='bbox 1961 4386 2354 4459; x_wconf 73' lang='lat' dir='ltr'><strong>deputatus</strong></span> <span class='ocrx_word' id='word_1_317' title='bbox 2389 4385 2487 4448; x_wconf 76' lang='lat' dir='ltr'><strong>sit</strong></span> <span class='ocrx_word' id='word_1_318' title='bbox 2529 4400 2742 4448; x_wconf 71' lang='lat' dir='ltr'><strong>unus.</strong></span> 
     </span>
    </p>
   </div>
   <div class='ocr_carea' id='block_1_9' title="bbox 508 4580 3911 5248">
    <p class='ocr_par' dir='ltr' id='par_1_17' title="bbox 508 4580 3911 4900">
     <span class='ocr_line' id='line_1_30' title="bbox 934 4580 3907 4664; baseline -0.001 -14"><span class='ocrx_word' id='word_1_319' title='bbox 934 4584 1116 4650; x_wconf 88' lang='lat' dir='ltr'><strong>Solet</strong></span> <span class='ocrx_word' id='word_1_320' title='bbox 1153 4585 1350 4648; x_wconf 89' lang='lat' dir='ltr'><strong>etiam</strong></span> <span class='ocrx_word' id='word_1_321' title='bbox 1399 4583 1630 4664; x_wconf 89' lang='lat' dir='ltr'><strong>quaeri,</strong></span> <span class='ocrx_word' id='word_1_322' title='bbox 1662 4583 1888 4645; x_wconf 89' lang='lat' dir='ltr'><strong>utrum</strong></span> <span class='ocrx_word' id='word_1_323' title='bbox 1926 4581 2169 4663; x_wconf 89' lang='lat' dir='ltr'><strong>singuli</strong></span> <span class='ocrx_word' id='word_1_324' title='bbox 2210 4583 2424 4663; x_wconf 86' lang='lat' dir='ltr'><strong>angeli</strong></span> <span class='ocrx_word' id='word_1_325' title='bbox 2470 4581 2752 4663; x_wconf 87' lang='lat' dir='ltr'><strong>singulis</strong></span> <span class='ocrx_word' id='word_1_326' title='bbox 2798 4580 3203 4662; x_wconf 56' lang='lat' dir='ltr'><strong>hominibusi,</strong></span> <span class='ocrx_word' id='word_1_327' title='bbox 3235 4599 3319 4644; x_wconf 86' lang='lat' dir='ltr'><strong>an</strong></span> <span class='ocrx_word' id='word_1_328' title='bbox 3354 4594 3531 4646; x_wconf 90' lang='lat' dir='ltr'><strong>unus</strong></span> <span class='ocrx_word' id='word_1_329' title='bbox 3580 4583 3907 4664; x_wconf 85' lang='lat' dir='ltr'><strong>plurihuS,</strong></span> 
     </span>
     <span class='ocr_line' id='line_1_31' title="bbox 537 4695 3911 4779; baseline -0.001 -15"><span class='ocrx_word' id='word_1_330' title='bbox 537 4721 770 4779; x_wconf 53' lang='lat' dir='ltr'><strong>nugam».</strong></span> <span class='ocrx_word' id='word_1_331' title='bbox 801 4704 884 4768; x_wconf 88' lang='lat' dir='ltr'><strong>ad</strong></span> <span class='ocrx_word' id='word_1_332' title='bbox 922 4701 1290 4766; x_wconf 89' lang='lat' dir='ltr'><strong>custodiam</strong></span> <span class='ocrx_word' id='word_1_333' title='bbox 1333 4700 1438 4763; x_wconf 87' lang='lat' dir='ltr'><strong>vel</strong></span> <span class='ocrx_word' id='word_1_334' title='bbox 1487 4699 1870 4762; x_wconf 86' lang='lat' dir='ltr'><strong>exercitium</strong></span> <span class='ocrx_word' id='word_1_335' title='bbox 1925 4698 2278 4778; x_wconf 90' lang='lat' dir='ltr'><strong>deputatus</strong></span> <span class='ocrx_word' id='word_1_336' title='bbox 2328 4697 2434 4761; x_wconf 87' lang='lat' dir='ltr'><strong>sit.</strong></span> <span class='ocrx_word' id='word_1_337' title='bbox 2478 4698 2606 4761; x_wconf 87' lang='lat' dir='ltr'><strong>Sed</strong></span> <span class='ocrx_word' id='word_1_338' title='bbox 2654 4715 2857 4778; x_wconf 91' lang='lat' dir='ltr'><strong>quum</strong></span> <span class='ocrx_word' id='word_1_339' title='bbox 2908 4695 3095 4761; x_wconf 88' lang='lat' dir='ltr'><strong>electi</strong></span> <span class='ocrx_word' id='word_1_340' title='bbox 3125 4699 3224 4761; x_wconf 85' lang='lat' dir='ltr'><strong>tot</strong></span> <span class='ocrx_word' id='word_1_341' title='bbox 3269 4698 3403 4762; x_wconf 89' lang='lat' dir='ltr'><strong>sint</strong></span> <span class='ocrx_word' id='word_1_342' title='bbox 3441 4700 3604 4779; x_wconf 87' lang='lat' dir='ltr'><strong>quot</strong></span> <span class='ocrx_word' id='word_1_343' title='bbox 3639 4700 3704 4762; x_wconf 90' lang='lat' dir='ltr'><strong>et</strong></span> <span class='ocrx_word' id='word_1_344' title='bbox 3752 4699 3911 4764; x_wconf 87' lang='lat' dir='ltr'><strong>boni</strong></span> 
     </span>
     <span class='ocr_line' id='line_1_32' title="bbox 508 4784 3911 4900; baseline -0.002 -16"><span class='ocrx_word' id='word_1_345' title='bbox 508 4784 582 4830; x_wconf 48' lang='lat' dir='ltr'><strong>‘a&#39;</strong></span> <span class='ocrx_word' id='word_1_346' title='bbox 799 4818 1015 4900; x_wconf 90' lang='lat' dir='ltr'><strong>angeli</strong></span> <span class='ocrx_word' id='word_1_347' title='bbox 1063 4817 1239 4897; x_wconf 87' lang='lat' dir='ltr'><strong>sunt,</strong></span> <span class='ocrx_word' id='word_1_348' title='bbox 1271 4815 1494 4897; x_wconf 89' lang='lat' dir='ltr'><strong>plures</strong></span> <span class='ocrx_word' id='word_1_349' title='bbox 1533 4815 1787 4877; x_wconf 88' lang='lat' dir='ltr'><strong>constat</strong></span> <span class='ocrx_word' id='word_1_350' title='bbox 1814 4831 1957 4877; x_wconf 90' lang='lat' dir='ltr'><strong>esse</strong></span> <span class='ocrx_word' id='word_1_351' title='bbox 2005 4831 2236 4877; x_wconf 90' lang='lat' dir='ltr'><strong>omnes</strong></span> <span class='ocrx_word' id='word_1_352' title='bbox 2273 4813 2472 4876; x_wconf 90' lang='lat' dir='ltr'><strong>simul</strong></span> <span class='ocrx_word' id='word_1_353' title='bbox 2511 4813 2720 4876; x_wconf 86' lang='lat' dir='ltr'><strong>bonos</strong></span> <span class='ocrx_word' id='word_1_354' title='bbox 2765 4831 2841 4876; x_wconf 90' lang='lat' dir='ltr'><strong>ac</strong></span> <span class='ocrx_word' id='word_1_355' title='bbox 2887 4813 3098 4876; x_wconf 90' lang='lat' dir='ltr'><strong>malos</strong></span> <span class='ocrx_word' id='word_1_356' title='bbox 3133 4813 3460 4892; x_wconf 86' lang='lat' dir='ltr'><strong>homineS,</strong></span> <span class='ocrx_word' id='word_1_357' title='bbox 3502 4831 3705 4894; x_wconf 85' lang='lat' dir='ltr'><strong>quam</strong></span> <span class='ocrx_word' id='word_1_358' title='bbox 3752 4814 3911 4879; x_wconf 87' lang='lat' dir='ltr'><strong>boni</strong></span> 
     </span>
    </p>

    <p class='ocr_par' dir='ltr' id='par_1_18' title="bbox 799 4929 3911 5248">
     <span class='ocr_line' id='line_1_33' title="bbox 800 4929 3907 5018; baseline -0.002 -17"><span class='ocrx_word' id='word_1_359' title='bbox 800 4937 1015 5018; x_wconf 88' lang='lat' dir='ltr'><strong>angeli</strong></span> <span class='ocrx_word' id='word_1_360' title='bbox 1045 4935 1220 4998; x_wconf 89' lang='lat' dir='ltr'><strong>sunt.</strong></span> <span class='ocrx_word' id='word_1_361' title='bbox 1254 4934 1337 4996; x_wconf 90' lang='lat' dir='ltr'><strong>Et</strong></span> <span class='ocrx_word' id='word_1_362' title='bbox 1367 4949 1572 5013; x_wconf 91' lang='lat' dir='ltr'><strong>quum</strong></span> <span class='ocrx_word' id='word_1_363' title='bbox 1603 4931 1703 4993; x_wconf 86' lang='lat' dir='ltr'><strong>tot</strong></span> <span class='ocrx_word' id='word_1_364' title='bbox 1731 4931 1866 4995; x_wconf 91' lang='lat' dir='ltr'><strong>sint</strong></span> <span class='ocrx_word' id='word_1_365' title='bbox 1894 4931 2082 4994; x_wconf 87' lang='lat' dir='ltr'><strong>electi</strong></span> <span class='ocrx_word' id='word_1_366' title='bbox 2111 4930 2275 5011; x_wconf 86' lang='lat' dir='ltr'><strong>quot</strong></span> <span class='ocrx_word' id='word_1_367' title='bbox 2301 4929 2514 5011; x_wconf 90' lang='lat' dir='ltr'><strong>angeli</strong></span> <span class='ocrx_word' id='word_1_368' title='bbox 2544 4930 2724 5010; x_wconf 89' lang='lat' dir='ltr'><strong>boni,</strong></span> <span class='ocrx_word' id='word_1_369' title='bbox 2748 4931 2813 4993; x_wconf 90' lang='lat' dir='ltr'><strong>et</strong></span> <span class='ocrx_word' id='word_1_370' title='bbox 2841 4929 3057 5010; x_wconf 87' lang='lat' dir='ltr'><strong>angeli</strong></span> <span class='ocrx_word' id='word_1_371' title='bbox 3085 4929 3241 4992; x_wconf 92' lang='lat' dir='ltr'><strong>boni</strong></span> <span class='ocrx_word' id='word_1_372' title='bbox 3270 4930 3493 5011; x_wconf 89' lang='lat' dir='ltr'><strong>plures</strong></span> <span class='ocrx_word' id='word_1_373' title='bbox 3524 4932 3681 4994; x_wconf 86' lang='lat' dir='ltr'><strong>sunt</strong></span> <span class='ocrx_word' id='word_1_374' title='bbox 3707 4949 3907 5012; x_wconf 88' lang='lat' dir='ltr'><strong>quam</strong></span> 
     </span>
     <span class='ocr_line' id='line_1_34' title="bbox 799 5045 3909 5134; baseline -0.002 -17"><span class='ocrx_word' id='word_1_375' title='bbox 799 5053 983 5134; x_wconf 90' lang='lat' dir='ltr'><strong>mali,</strong></span> <span class='ocrx_word' id='word_1_376' title='bbox 1015 5050 1368 5133; x_wconf 89' lang='lat' dir='ltr'><strong>pluresque</strong></span> <span class='ocrx_word' id='word_1_377' title='bbox 1417 5049 1552 5112; x_wconf 88' lang='lat' dir='ltr'><strong>sint</strong></span> <span class='ocrx_word' id='word_1_378' title='bbox 1601 5047 1904 5112; x_wconf 89' lang='lat' dir='ltr'><strong>homines</strong></span> <span class='ocrx_word' id='word_1_379' title='bbox 1947 5046 2105 5109; x_wconf 91' lang='lat' dir='ltr'><strong>mali</strong></span> <span class='ocrx_word' id='word_1_380' title='bbox 2149 5063 2348 5128; x_wconf 84' lang='lat' dir='ltr'><strong>quam</strong></span> <span class='ocrx_word' id='word_1_381' title='bbox 2397 5046 2589 5128; x_wconf 84' lang='lat' dir='ltr'><strong>boni3</strong></span> <span class='ocrx_word' id='word_1_382' title='bbox 2629 5064 2762 5110; x_wconf 90' lang='lat' dir='ltr'><strong>non</strong></span> <span class='ocrx_word' id='word_1_383' title='bbox 2814 5047 2912 5110; x_wconf 86' lang='lat' dir='ltr'><strong>est</strong></span> <span class='ocrx_word' id='word_1_384' title='bbox 2960 5045 3451 5127; x_wconf 87' lang='lat' dir='ltr'><strong>ambigendum,</strong></span> <span class='ocrx_word' id='word_1_385' title='bbox 3492 5046 3715 5127; x_wconf 91' lang='lat' dir='ltr'><strong>plures</strong></span> <span class='ocrx_word' id='word_1_386' title='bbox 3765 5065 3909 5111; x_wconf 92' lang='lat' dir='ltr'><strong>esse</strong></span> 
     </span>
     <span class='ocr_line' id='line_1_35' title="bbox 801 5163 3911 5248; baseline -0.002 -13"><span class='ocrx_word' id='word_1_387' title='bbox 801 5174 1012 5244; x_wconf 84' lang='lat' dir='ltr'><strong>bonos</strong></span> <span class='ocrx_word' id='word_1_388' title='bbox 1050 5169 1354 5233; x_wconf 90' lang='lat' dir='ltr'><strong>homines</strong></span> <span class='ocrx_word' id='word_1_389' title='bbox 1392 5184 1590 5248; x_wconf 89' lang='lat' dir='ltr'><strong>quam</strong></span> <span class='ocrx_word' id='word_1_390' title='bbox 1629 5167 1762 5229; x_wconf 85' lang='lat' dir='ltr'><strong>sint</strong></span> <span class='ocrx_word' id='word_1_391' title='bbox 1799 5165 1956 5229; x_wconf 91' lang='lat' dir='ltr'><strong>mali</strong></span> <span class='ocrx_word' id='word_1_392' title='bbox 1987 5165 2226 5248; x_wconf 84' lang='lat' dir='ltr'><strong>angeli,</strong></span> <span class='ocrx_word' id='word_1_393' title='bbox 2260 5165 2325 5228; x_wconf 91' lang='lat' dir='ltr'><strong>et</strong></span> <span class='ocrx_word' id='word_1_394' title='bbox 2351 5163 2575 5248; x_wconf 88' lang='lat' dir='ltr'><strong>plures</strong></span> <span class='ocrx_word' id='word_1_395' title='bbox 2607 5182 2749 5230; x_wconf 87' lang='lat' dir='ltr'><strong>esse</strong></span> <span class='ocrx_word' id='word_1_396' title='bbox 2786 5163 2997 5230; x_wconf 90' lang='lat' dir='ltr'><strong>malos</strong></span> <span class='ocrx_word' id='word_1_397' title='bbox 3026 5165 3329 5228; x_wconf 86' lang='lat' dir='ltr'><strong>homines</strong></span> <span class='ocrx_word' id='word_1_398' title='bbox 3358 5181 3559 5246; x_wconf 88' lang='lat' dir='ltr'><strong>quam</strong></span> <span class='ocrx_word' id='word_1_399' title='bbox 3588 5165 3723 5228; x_wconf 90' lang='lat' dir='ltr'><strong>sint</strong></span> <span class='ocrx_word' id='word_1_400' title='bbox 3750 5167 3911 5229; x_wconf 87' lang='lat' dir='ltr'><strong>mali</strong></span> 
     </span>
    </p>
   </div>
   <div class='ocr_carea' id='block_1_10' title="bbox 813 5281 1692 5374">
    <p class='ocr_par' dir='ltr' id='par_1_19' title="bbox 813 5281 1692 5374">
     <span class='ocr_line' id='line_1_36' title="bbox 813 5281 1692 5374; baseline -0.011 -18"><span class='ocrx_word' id='word_1_401' title='bbox 813 5289 1053 5374; x_wconf 84' lang='lat' dir='ltr'><strong>angeli,</strong></span> <span class='ocrx_word' id='word_1_402' title='bbox 1103 5285 1208 5353; x_wconf 84' lang='lat' dir='ltr'><strong>vel</strong></span> <span class='ocrx_word' id='word_1_403' title='bbox 1252 5284 1408 5354; x_wconf 88' lang='lat' dir='ltr'><strong>boni</strong></span> <span class='ocrx_word' id='word_1_404' title='bbox 1453 5281 1692 5366; x_wconf 86' lang='lat' dir='ltr'><strong>angeli.</strong></span> 
     </span>
    </p>
   </div>
  </div>
 </body>
</html>
