4334 6242
779 490 900 565 340
1736 511 1910 569 maen
1952 524 1996 568 u
2038 511 2520 590 saummmmtt.
2560 540 2641 549 —
2682 514 2835 567 msr.
2877 512 2939 567 rt

783 690 1055 753 cessario
1077 692 1476 773 praecessisse
1506 693 1803 775 quosdam
1833 700 2005 755 actus
2033 701 2096 754 et
2125 710 2284 754 com·
2312 691 2361 753 A
2390 710 2467 753 ex
2516 692 2725 772 primo
2772 700 2916 754 actu
2976 691 3226 753 nullum
3276 690 3540 753 omnino
3589 690 3897 752 meritum

522 798 726 855 1³-319A-
785 789 1133 871 placentias
1191 790 1532 852 voluntatis
1592 792 1919 864 naturaliS,
1971 800 2040 853 ut
2089 811 2283 873 supra
2390 808 2529 851 esse
2590 809 2923 871 ponamuS‚
2976 808 3052 851 ex
3104 789 3384 851 secundo
3430 796 3642 850 autem
3705 787 3899 849 meri-

507 4612 770 4675 Hugossum-

620 4680 743 4723 Sent.

505 4747 767 4795 tractuum&

498 5150 638 5185 xxviii.
647 5141 772 5189 12³³.

783 906 1156 969 expressum
1199 897 1315 963 est,
1352 889 1416 951 in
1462 890 1697 971 quibus
1741 890 2281 952 actibusnatura-

784 986 953 1047 libus
993 1004 1120 1048 non
1163 987 1452 1050 consistit
1485 988 1642 1051 ratio
1685 989 1895 1051 meriti
1937 1008 2143 1069 neque
2180 990 2284 1049 de-

785 1085 994 1147 meriti
1031 1103 1044 1147 :
1079 1093 1140 1147 et
1174 1086 1259 1146 ita
1299 1088 1653 1148 secundum
1694 1106 1864 1159 eum,
1900 1088 2146 1169 primus
2186 1106 2284 1149 ac-

782 1192 884 1245 tus
929 1184 1273 1246 voluntatis
1322 1185 1528 1265 angeli
1579 1186 1942 1248 nullatenus
1996 1185 2117 1247 fuit
2163 1205 2281 1247 nec

783 1300 922 1344 esse
972 1282 1180 1364 potuit
1229 1282 1612 1345 meritorius.
1661 1284 1835 1346 Unde
1885 1283 2219 1365 subjungit
2264 1303 2278 1347 ε

784 1381 957 1455 Quod
1008 1381 1207 1463 aliqui
1257 1382 1500 1455 dicunt,
1552 1383 1806 1463 angelos
1857 1382 2054 1444 fuisse
2107 1402 2281 1444 crea-

785 1487 880 1541 tos
918 1480 982 1541 in
1021 1481 1223 1561 gratia
1257 1488 1507 1561 gratum
1549 1480 1844 1553 faciente,
1877 1490 2068 1564 atque
2113 1482 2281 1562 quod

784 1596 1005 1640 omnes
1061 1578 1126 1639 in
1180 1578 1390 1659 primo
1443 1578 1702 1639 instanti
1760 1599 1890 1641 suae
1944 1580 2283 1641 creationis

785 1683 1177 1747 meruerunt,
1233 1693 1356 1738 non
1413 1676 1598 1738 video
1657 1678 1826 1758 quod
1887 1685 2039 1739 tunc
2096 1686 2282 1759 potu-

783 1781 971 1835 erunt
1031 1774 1362 1848 meruisse,
1427 1794 1624 1856 quum
1685 1784 1994 1856 quantum
2053 1784 2148 1838 est
2206 1777 2283 1838 de

2396 896 2528 948 tum
2570 888 2835 968 congrui
2875 895 3144 961 tantum,
3178 906 3253 948 ex
3294 886 3482 948 tertio
3517 904 3668 949 vero
3703 884 3905 947 meri·

2392 994 2529 1047 tum
2580 986 2898 1067 condigni.
2949 986 3283 1067 Quumque
3333 985 3502 1066 quod
3552 1004 3629 1047 ex
3677 984 3904 1066 aliquo

2393 1085 2622 1147 merito
2650 1085 2785 1146 dari
2818 1084 3008 1146 alicui
3046 1091 3275 1165 potest,
3310 1083 3765 1165 congruentius
3796 1084 3905 1161 (ut

2392 1182 2645 1244 videtur
2674 1183 3027 1244 secundum
3060 1201 3460 1245 communem
3494 1182 3775 1262 cursum)
3798 1182 3909 1242 da·

2393 1288 2497 1341 tur
2545 1281 2772 1342 merito
2820 1281 3083 1361 congrui
3134 1281 3551 1362 praecedente,
3598 1288 3661 1342 et
3707 1280 3911 1341 dene-

2392 1386 2575 1458 gatur
2624 1387 2885 1460 propter
2934 1380 3317 1442 demeritum
3369 1378 3655 1459 congrui,
3701 1396 3903 1459 quam

2393 1486 2464 1539 ut
2505 1477 2745 1559 absque
2790 1478 2964 1540 omni
3016 1478 3244 1540 merito
3286 1485 3396 1539 aut
3438 1476 3749 1539 demerito
3792 1476 3909 1538 tri·

2396 1575 2626 1637 buatur
2655 1583 2764 1637 aut
2792 1576 3160 1655 denegetur,
3185 1576 3723 1657 quemadmodum
3752 1574 3906 1655 jux·

2394 1681 2456 1735 ta
2498 1673 2893 1747 Anselmum,
2938 1673 3399 1735 beatitudinem
3444 1672 3909 1754 congruentius

2394 1779 2490 1832 est
2521 1772 2794 1833 conferri
2827 1791 2903 1833 ex
2936 1773 3165 1834 merito
3195 1790 3387 1854 quam
3417 1771 3556 1833 sine
3586 1789 3663 1833 eo
3696 1789 3711 1833 ε
3745 1769 3907 1831 hinc

786 1880 1010 1933 natura
1044 1892 1178 1945 sua,
1213 1872 1473 1953 angelus
1506 1880 1658 1935 tunc
1690 1873 1768 1935 de
1799 1873 1976 1936 nullo
2008 1875 2283 1955 potuerit
2322 1872 2368 1933 B
2396 1870 2689 1951 quamvis
2730 1888 2855 1932 non
2897 1887 3065 1952 pono
3096 1889 3317 1933 omnes
3356 1872 3612 1951 angelos
3654 1870 3720 1931 in
3760 1887 3909 1949 gra-

784 1969 1189 2043 deliberasse,
1248 1969 1377 2032 imo
1432 1988 1691 2033 necesse
1745 1971 1828 2031 sit
1879 1979 2058 2033 actus
2112 1972 2284 2053 ipsos

784 2068 1263 2149 complacentiae
1315 2068 1621 2130 naturalis
1671 2087 1926 2131 omnem
1975 2069 2285 2131 delibera-

784 2166 1022 2228 tionem
1055 2166 1333 2247 praeisse.
1362 2202 1443 2212 —
1474 2166 1946 2249 Consequenter
1975 2167 2282 2242 defendit,

787 2264 955 2346 quod
999 2282 1220 2326 omnes
1264 2264 1471 2345 angeli
1518 2284 1632 2346 per
1673 2265 1930 2346 aliquod
1975 2266 2284 2347 temporis

783 2362 1062 2445 spatium
1095 2361 1355 2425 fuerunt
1387 2363 1449 2424 in
1487 2363 1648 2425 coelo
1683 2372 2022 2444 antequam
2066 2383 2284 2445 pecca-

784 2469 1035 2533 verunt,
1068 2468 1288 2542 utpote
1321 2460 1570 2523 actibus
1600 2460 1944 2523 voluntatis
1982 2462 2285 2523 naturalis

786 2558 1036 2632 intenti,
1089 2566 1148 2620 et
1199 2558 1815 2621 considerationibus
1867 2579 1996 2623 suae
2045 2569 2286 2623 naturae

784 2656 1182 2738 aliarumque
1213 2675 1424 2718 rerum
1461 2658 1879 2738 quarumdam
1913 2657 2114 2731 infixi,
2139 2677 2289 2740 quo-

784 2773 989 2835 usque
1029 2754 1563 2827 deliberaverunt,
1597 2762 1660 2816 et
1697 2754 2043 2818 deliberate
2083 2757 2287 2819 adhae-

785 2859 1005 2914 serunt
1048 2852 1147 2913 vel
1193 2851 1492 2918 Creatori,
1538 2860 1644 2914 aut
1689 2862 2011 2916 creaturae.

865 2950 1131 3031 Insuper
1163 2949 1338 3011 addit
1373 2969 1386 3012 ε
1422 2950 1629 3012 Potest
1664 2952 1807 3032 quis
1847 2951 2085 3014 bonum
2119 2952 2285 3015 velle

2399 1969 2485 2030 tia
2512 1967 2913 2049 gratificante
2944 1976 3206 2041 creatos,
3228 1969 3441 2050 potius
3472 1976 3685 2030 tamen
3718 1975 3905 2049 puto,

2398 2067 2568 2149 quod
2624 2066 2925 2129 omnibus
2984 2067 3193 2148 primo
3252 2068 3396 2128 data
3454 2065 3652 2129 fuerit
3696 2065 3911 2146 gratia

2398 2184 2510 2227 seu
2554 2164 2804 2245 justitia
2852 2165 3065 2248 aliqua
3114 2165 3308 2246 gratis
3349 2166 3513 2239 data,
3557 2183 3685 2245 qua
3732 2172 3907 2227 stare

2398 2264 2465 2326 in
2524 2264 2691 2325 bona
2746 2264 3071 2327 voluntate
3130 2271 3495 2347 potuerunt,
3547 2270 3611 2325 et
3658 2261 3909 2325 bonum

2395 2371 2747 2443 temperate
2779 2362 3169 2444 velle,atque
3206 2362 3433 2424 mereri
3466 2362 3543 2424 de
3575 2379 3903 2442 congruo:

2358 2458 2366 2466 ”
2398 2480 2523 2543 qua
2552 2462 2753 2541 gratia
2783 2462 2891 2544 qui
2926 2461 3087 2523 bene
3120 2461 3220 2522 usi
3260 2467 3430 2534 sunt,
3464 2460 3731 2541 gratiam
3758 2478 3908 2540 gra-

2399 2568 2533 2621 tum
2578 2558 2918 2622 facientem
2963 2559 3177 2621 statim
3222 2559 3432 2641 adepti
3478 2567 3649 2632 sunt,
3680 2567 3743 2621 et
3786 2578 3911 2641 per

2396 2676 2537 2719 eam
2581 2656 2847 2737 gloriam
2892 2665 3301 2735 meruerunt;
3343 2657 3536 2719 ceteri
3579 2655 3907 2719 abutendo

2395 2755 2595 2837 gratia
2655 2756 2783 2829 illa,
2834 2756 3101 2836 gratiam
3157 2754 3621 2835 justificantem
3680 2755 3905 2817 statim

2397 2855 2872 2929 demeruerunt,
2923 2863 2986 2915 et
3033 2854 3300 2934 gloriam
3352 2853 3782 2936 perdiderunt.
3818 2890 3908 2899 —

2396 2954 2539 3016 Haec
2582 2952 2910 3014 Henricus.

788 3054 1135 3129 temperate
1167 3047 1506 3129 tripliciter
1540 3067 1553 3111 :
1589 3048 1820 3129 primo,
1854 3068 1930 3111 ex
1963 3051 2141 3131 puris
2182 3070 2287 3113 na·
2322 3061 2365 3123 C
2477 3052 2797 3114 Postremo
2842 3051 3221 3114 Guillelmus
3271 3059 3335 3113 et
3374 3050 3694 3124 AlbertuS,
3739 3060 3906 3113 cete-

785 3145 1125 3219 turalibuS,
1186 3147 1539 3208 secundum
1606 3137 1926 3210 dictamen
1989 3148 2287 3229 ingenitae

789 3245 1088 3322 rationis3
1133 3245 1432 3319 secundo,
1467 3264 1544 3307 ex
1576 3246 1973 3309 naturalibus
2004 3266 2148 3309 cum
2182 3250 2312 3311 ad-.

783 3343 1022 3423 jutorio
1060 3344 1276 3424 gratiae
1312 3344 1508 3424 gratis
1543 3345 1703 3407 datae
1737 3352 2026 3408 naturam
2065 3346 2290 3427 juvan-

787 3442 906 3522 tis3
940 3442 1148 3515 tertio,
1182 3460 1259 3503 ex
1301 3441 1466 3505 dono
1507 3444 1723 3522 gratiae
1762 3451 2012 3524 gratum
2054 3444 2290 3507 facien-

790 3540 893 3613 tis,
928 3548 1219 3601 naturam
1261 3539 1606 3622 perfectius
1645 3541 2006 3622 adjuvantis
2041 3561 2056 3605 t
2093 3543 2179 3605 ita
2221 3553 2290 3606 ut

2398 3152 2579 3232 rique
2628 3150 2911 3212 dicentes
2959 3150 3329 3211 Luciferum
3388 3167 3516 3211 non
3566 3150 3905 3231 instigasse

2397 3249 2653 3329 angelos
2697 3249 2774 3310 ad
2825 3249 2947 3310 sibi
2995 3248 3545 3322 consentiendum,
3584 3249 3903 3311 minorem

2399 3348 2683 3427 indigent
2727 3364 2963 3430 ponere
3015 3364 3258 3409 moram
3313 3346 3479 3408 inter
3526 3347 3901 3428 angelorum

2398 3446 2806 3519 creationem,
2850 3454 2913 3507 et
2956 3446 3353 3508 aversione-m
3402 3453 3592 3527 atque
3641 3463 3905 3508 conver·

2400 3545 2670 3618 sionem,
2704 3564 2896 3627 quam
2941 3551 3239 3626 praetacta
3282 3543 3533 3627 positio.

1684 3940 2659 4059 ‚DISTINCTIO
2773 3942 2930 4053 VI

1144 4268 1228 4337 A.
1288 4275 1485 4342 Quod
1529 4276 1615 4337 dc
1662 4275 2086 4346 majoribus
2132 4274 2204 4335 et
2250 4273 2666 4335 minoribus
2712 4273 3017 4348 quidam
3064 4277 3487 4340 ceciderunt
3518 4297 3543 4337 .-

1431 4393 1632 4455 intcr
1672 4406 1850 4467 quo-s·
1886 4406 2077 4453 unus
2109 4390 2259 4463 fuit
2295 4392 2590 4465 celsior,
2625 4392 2907 4452 scilicet
2946 4392 3261 4464 Lucifer.

1071 4721 1520 4802 perstiterunt,
1555 4721 1648 4783 ita
1685 4721 1764 4783 de
1803 4722 2084 4801 utroque
2127 4720 2333 4800 gradu
2373 4719 2643 4801 quidam
2683 4725 3068 4785 corruerunt
3102 4744 3116 4784 :
3153 4724 3322 4786 inter
3359 4742 3527 4805 quos
3565 4743 3737 4789 unus
3776 4726 3909 4790 fuit

803 4603 1476 4904 PRAETEREA
1511 4603 1665 4667 sciri
1705 4606 1984 4685 oportet,
2027 4604 2342 4683 quoniam
2382 4602 2555 4665 sicut
2590 4603 2670 4665 de
2714 4602 3076 4684 majoribus
3114 4607 3179 4669 et
3214 4605 3584 4671 minoribus
3631 4608 3905 4689 quidam

1073 4834 1383 4899 omnibus
1447 4836 1596 4900 aliis
1661 4814 2042 4900 cadentibus
2109 4835 2553 4917 excellentior,
2615 4854 2735 4900 nec
2798 4838 2968 4900 inter
3032 4841 3279 4902 stantes
3344 4840 3585 4921 aliquis
3641 4860 3717 4905 eo
3776 4842 3911 4905 fuit

505 4978 588 5022 ,τοῦ
606 4980 756 5029 mu.
799 4954 1082 5037 dignior,
1114 4953 1286 5017 sicut
1321 4953 1722 5017 testimoniis
1760 4954 2227 5016 auctoritatum
2266 4954 2690 5015 monstratur.
2726 4954 2839 5015 Ait
2876 4954 3052 5018 enim
3090 4956 3218 5019 Job
3260 4976 3273 5016 :
3317 4957 3467 5038 Ipse
3505 4958 3909 5040 principium

559 5074 732 5119 Ezeeh·
799 5072 1060 5134 viarum
1105 5069 1254 5133 Dei.
1297 5070 1381 5132 Et
1417 5070 1488 5131 in
1523 5069 1862 5132 Ezechiele
1900 5068 2138 5151 legitur
2175 5088 2189 5129 z
2230 5068 2329 5131 Tu
2368 5068 2783 5149 signaculum
2828 5071 3310 5152 similitudiniS,
3352 5072 3587 5153 plenus
3636 5074 3913 5138 scientia

535 5202 772 5257 orem-in
801 5191 866 5252 et
913 5188 1310 5270 perfectione
1358 5184 1658 5265 decorUS,
1709 5188 1776 5249 in
1832 5184 2086 5250 deliciis
2136 5186 2423 5268 paradisi
2471 5186 2593 5249 Dei
2646 5186 2855 5250 fuisti.
2898 5188 3092 5261 Quod
3142 5188 3500 5271 Gregorius
3544 5207 3906 5272 exponenS,

507 5262 604 5314 lob,
617 5264 690 5305 lib.
706 5266 772 5311 32.

506 5330 776 5377 anu-‚nst
803 5306 895 5369 ait
930 5324 944 5366 z
978 5304 1236 5378 Quanto
1284 5304 1352 5367 in
1399 5322 1476 5367 eo
1525 5304 1832 5367 subtilior
1877 5304 1976 5367 est
2019 5305 2275 5383 natura,
2320 5320 2395 5366 eo
2445 5304 2657 5383 magis
2710 5303 2778 5366 in
2835 5304 2948 5366 illo
3003 5304 3220 5386 imago
3272 5306 3395 5369 Dei
3446 5306 3909 5371 similitudinis
