4334 6242
505 2256 550 2298 p.
572 2242 725 2286 aon:

762 460 882 526 416

1435 481 1500 526 m
1540 480 1762 527 Lunum
1805 481 1848 526 11
1889 480 2374 527 SENTENTIARmt.
2421 499 2503 509 —
2542 482 2695 527 DIST.
2734 481 2859 545 vu3
2904 484 3128 539 QUAEST.
3172 483 3233 530 IV

768 656 1128 712 constantes
1179 669 1256 713 ex
1298 659 1524 713 natura
1569 651 1982 713 intellectuali
2028 659 2090 712 et
2139 670 2274 713 cor·
2303 653 2354 713 A
2387 668 2606 714 eorum
2650 660 2917 734 possunt
2965 653 3280 735 impediri.
3314 652 3453 714 Alia
3491 659 3683 723 tenet,
3716 649 3893 731 quod

768 766 922 829 pore
975 766 989 810 :
1044 748 1174 811 irno
1231 750 1486 812 edocuit
1534 768 1607 811 ea
1655 768 1792 811 esse
1851 749 2270 815 nobilissimis

765 846 1100 908 animabus
1156 847 1452 910 animata.
1507 848 1680 910 Unde
1729 848 2081 910 secundum
2128 848 2269 928 ejus

767 963 1091 1025 sequaceS,
1142 946 1370 1009 animae
1429 946 1554 1008 illae
1601 944 1908 1008 coelorum
1960 964 2034 1008 ac
2083 946 2269 1009 coele-

767 1042 962 1105 stium
1005 1062 1366 1125 corporum,
1398 1044 1628 1107 animae
1669 1043 1915 1105 nobiles
1947 1044 2269 1127 appellan-

765 1148 870 1201 tur
903 1158 916 1203 :
953 1160 1094 1223 quae
1135 1142 1350 1204 omnia
1390 1142 1456 1203 in
1497 1142 2000 1205 Elementatione
2031 1143 2269 1204 theolo-

765 1239 904 1319 gica
933 1240 1135 1301 Procli
1175 1240 1478 1303 Platonici
1511 1249 1573 1302 et
1614 1241 1846 1323 partim
1886 1240 1951 1302 in
1995 1240 2158 1303 libro
2190 1240 2266 1303 de

766 1338 984 1401 Causis
1034 1339 1458 1401 continentur.
1494 1375 1575 1384 —-
1611 1341 1936 1413 Praeterea,
1979 1340 2147 1421 quod
2200 1340 2267 1401 in

766 1437 1176 1519 praeinductis
1219 1437 1432 1501 verbis
1472 1438 1742 1501 Udalrici
1784 1438 2267 1500 commendatur

766 1536 872 1598 illa
920 1536 1482 1620 Peripateticorum
1529 1538 1761 1619 positio
1809 1537 1886 1598 de
1935 1537 2269 1599 divinatio-

764 1654 866 1709 ne,
913 1653 1040 1697 non
1090 1635 1344 1697 videtur
1391 1644 1562 1697 recte
1613 1636 1930 1718 prolatum
1974 1652 1987 1697 :
2032 1635 2263 1716 prim0,

764 1735 1068 1815 quoniam
1117 1744 1360 1797 certum
1405 1743 1500 1797 est
1539 1735 1941 1797 Aristotelem
1983 1744 2046 1796 et
2085 1735 2265 1797 scho-

2382 750 2916 813 ‘certitudinaliter
2947 752 3055 813 illa
3094 758 3492 833 praenoscunt
3531 767 3546 810 z
3579 748 3732 829 quia
3766 748 3893 809 etsi

2387 848 2919 929 impedimentum
2952 851 3217 923 eveniat,
3232 850 3309 911 de
3340 848 3715 911 necessitate
3744 865 3895 909 eve-

2386 946 2502 1018 nit,
2549 948 2853 1029 quoniam
2884 948 3117 1010 'evenit
3168 967 3282 1030 per
3330 966 3587 1010 causam
3644 952 3895 1006 natura-

2386 1043 2533 1119 lem,
2568 1065 2709 1127 quae
2741 1046 2817 1107 de
2848 1046 3225 1108 necessitate
3264 1054 3582 1129 operatur.
3616 1044 3791 1107 Unde
3830 1042 3889 1104 si

2384 1150 2609 1205 natura
2647 1144 3035 1226 disposuerit
3070 1144 3309 1207 nubem
3348 1144 3425 1207 ad
3465 1144 3773 1226 pluviam,
3804 1141 3891 1203 de

2383 1242 2758 1304 necessitate
2790 1243 3141 1305 resolvetur
3171 1243 3238 1304 in
3271 1242 3552 1326 pluviam
3582 1241 3745 1304 :nisi
3780 1259 3889 1302 su-

2384 1340 2712 1421 perveniat
2752 1340 2967 1422 aliqua
3015 1360 3205 1403 causa
3246 1340 3551 1403 naturalis
3594 1358 3721 1421 qua
3764 1338 3889 1400 hoc

2383 1437 2459 1499 de
2518 1439 2892 1501 necessitate
2943 1439 3347 1522 impediatur.
3398 1439 3449 1502 A
3498 1457 3689 1501 causa
3735 1454 3891 1517 ergo

2383 1536 2741 1598 necessaria
2782 1537 3108 1611 eveniunt,
3141 1538 3396 1619 quando
3438 1536 3779 1614 eveniunt;
3822 1542 3889 1597 et

2380 1653 2417 1695 a
2465 1652 2655 1696 causa
2704 1637 3059 1698 necessaria
3118 1636 3577 1719 impediuntur,
3628 1636 3891 1716 quando

2384 1732 2840 1813 impediuntur.
2903 1734 3237 1816 Quumque
3294 1736 3615 1798 daemones
3678 1734 3891 1795 sciant

765 1832 892 1895 lam
935 1834 1498 1915 Peripateticorum
1539 1852 1780 1895 errasse
1826 1833 1892 1895 in
1935 1833 2055 1895 hoc
2094 1834 2264 1915 quod
2302 1829 2349 1892 B
2383 1831 2735 1893 naturalem
2786 1832 3091 1895 virtutem
3140 1833 3603 1896 elementorum
3664 1848 3891 1913 corpo-

766 1922 893 1994 1'10n
924 1940 1276 2013 posuerunt
1305 1931 1624 1994 daemones
1655 1931 1790 1993 sive
1822 1931 2269 2014 diaboIOS,opi-

768 2038 991 2092 nantes
1035 2030 1291 2111 angelos
1334 2050 1444 2092 seu
1492 2030 1944 2110 intelligentias
1989 2048 2114 2093 non
2156 2050 2266 2112 po-

769 2129 968 2191 tuisse
999 2147 1284 2211 peccare,
1319 2148 1436 2191 nec
1468 2129 1776 2211 quosdam
1813 2147 2033 2191 eorum
2067 2129 2266 2193 factos

770 2227 1076 2302 diabolOS‚
1111 2236 1182 2289 ut
1222 2228 1466 2290 dictum
1507 2236 1602 2289 est
1640 2246 1849 2309 supra.
1889 2228 2125 2289 Deinde
2172 2246 2267 2289 er-

770 2335 1068 2389 raverunt
1107 2327 1172 2389 in
1213 2327 1334 2389 hoc
1377 2326 1546 2421 quod
1591 2326 2036 2401 divinationes,
2079 2346 2269 2408 appa-

768 2426 1052 2500 ritioneS,
1085 2426 1422 2507 variosque
1455 2424 1728 2487 effectus
1767 2426 1876 2507 qui
1913 2425 2266 2487 secundum

767 2524 1097 2586 veritatem
1165 2523 1333 2585 fiunt
1394 2542 1507 2605 per
1567 2523 1907 2596 daemoneS‚
1969 2523 2269 2585 dixerunt

765 2622 911 2684 l'ieri
970 2629 1034 2684 et
1089 2639 1274 2704 posse
1332 2621 1561 2684 salvari
1613 2638 1727 2703 per
1775 2619 2146 2682 influentias
2204 2628 2268 2683 et

765 2720 1034 2783 virtutes
1093 2720 1380 2783 coelestes
1438 2738 1510 2781 ac
1567 2719 1905 2781 naturales.
1969 2719 2143 2792 Quod
2202 2726 2267 2781 et

765 2816 1050 2897 AEgidius
1109 2816 1174 2879 in
1235 2824 1502 2879 tractatu
1566 2835 1682 2879 suo
1745 2825 1964 2879 contra
2019 2835 2265 2879 errores

769 2916 1293 2997 philosophorum
1323 2916 1723 2998 apertissime
1753 2915 2068 2997 reprobat.
2089 2916 2263 2978 Unde

2381 1948 2652 2010 rumque
2702 1929 3081 2005 coelestium,
3126 1938 3371 1994 motum
3420 1949 3698 2013 quoque,
3740 1950 3889 1991 cur-

2380 2046 2522 2090 sum
2572 2035 2636 2090 et
2692 2029 3210 2110 conjunctionem
3269 2031 3668 2112 planetarum
3717 2030 3891 2091 inter

2378 2144 2446 2189 se
2486 2134 2549 2188 et
2586 2146 2734 2189 cum
2774 2128 2975 2190 stellis
3019 2128 3193 2203 fixis,
3226 2129 3480 2191 videtur
3518 2130 3688 2212 quod
3729 2148 3891 2211 prae-

2379 2224 2541 2289 fatos
2596 2226 2869 2289 effectus
2928 2227 3458 2292 certitudinaliter
3523 2246 3891 2311 praecogno-

2379 2332 2558 2387 scant
2600 2345 2713 2388 sua
2754 2328 3028 2389 naturali
3072 2327 3357 2389 scientia.

2456 2420 2693 2483 Harum
2738 2420 3115 2502 opinionum
3156 2422 3394 2485 motiva
3431 2431 3495 2485 et
3532 2423 3887 2485 solutiones

2378 2519 2578 2599 tangit
2608 2519 2979 2593 Richardus,
3012 2520 3091 2581 ad
3123 2520 3365 2583 nullam
3396 2521 3744 2583 declinanS.
3768 2523 3891 2584 Ve-

2379 2635 2522 2678 rum
2570 2616 2849 2679 secunda
2891 2618 3013 2679 ista
3057 2618 3277 2699 opinio
3319 2619 3572 2681 videtur
3616 2621 3889 2682 omnino

2378 2732 2660 2788 erronea,
2703 2715 2832 2777 imo
2876 2714 3201 2777 erroribus
3239 2716 3579 2780 Avicennae
3619 2718 3885 2801 propin-

2377 2831 2523 2894 qua,
2556 2814 2667 2894 qui
2698 2812 2858 2874 dixit
2887 2832 3108 2876 omnes
3149 2814 3469 2877 naturales
3508 2815 3781 2878 effectus
3810 2818 3886 2879 in

2377 2911 2789 2974 inferioribus
2829 2913 2906 2974 de
2950 2913 3324 2975 necessitate
3370 2914 3657 2996 produci,
3692 2914 3745 2976 si
3790 2924 3888 2977 to-

767 3021 830 3075 et
873 3013 931 3076 S.
981 3014 1250 3077 Thomas
1295 3013 1360 3075 in
1405 3013 1666 3076 Summa
1716 3020 1935 3077 contra
1969 3014 2262 3096 gentileS,
2302 3010 2345 3073 C
2379 3018 2479 3072 tus
2538 3009 2896 3073 coelestium
2967 3028 3300 3073 causarum
3364 3012 3521 3073 ordo
3582 3012 3887 3074 similiter

770 3111 934 3173 libro
965 3112 1170 3186 tertio,
1191 3112 1470 3195 capitulo
1503 3112 1851 3175 centesimo
1883 3112 2267 3194 quinquage-

767 3211 931 3271 simo
961 3218 1207 3291 quarte,
1241 3209 1455 3273 verbis
1490 3210 1681 3291 paulo
1712 3217 1858 3272 ante
1891 3230 1968 3272 ex
2004 3211 2267 3273 Summa

767 3308 876 3370 illa
907 3308 1206 3383 inductis,
1230 3308 1563 3388 subjungit
1591 3326 1604 3369 :
1631 3308 1933 3381 Quamvis
1965 3308 2265 3370 ultimum

768 3407 996 3468 horum
1025 3406 1350 3486 (videlicet
1381 3405 1658 3468 visibilis
1691 3406 2006 3489 apparitio
2035 3413 2098 3469 et
2128 3426 2268 3469 sen-

767 3504 973 3567 sibilis
1024 3504 1352 3583 allocutio)
1401 3504 1736 3577 manifeste
1789 3523 1904 3586 per
1953 3504 2264 3585 malignos

767 3603 1030 3685 spiritus
1070 3602 1204 3677 fiat,
1238 3603 1361 3664 alia
1401 3611 1612 3665 tamen
1652 3602 1912 3685 quidam
1956 3612 2268 3665 conantur

767 3701 1068 3764 reducere
1109 3702 1176 3763 in
1221 3720 1442 3764 causas
1484 3700 1825 3774 naturaleS,
1863 3709 1982 3763 etc.
2027 3701 2266 3763 Deinde

766 3799 1058 3880 adjungit
1102 3816 1117 3862 t
1167 3801 1286 3863 Sed
1339 3800 1490 3881 quia
1539 3800 1659 3862 hoc
1711 3800 2024 3862 modicam
2076 3801 2269 3862 habet

767 3896 1102 3973 rationem,
1137 3888 1338 3979 r'nagis
1374 3899 1727 3979 putandum
1763 3906 1859 3961 est
1891 3899 2040 3961 talia
2070 3918 2146 3961 ex
2178 3900 2269 3961 in-

769 3996 1110 4060 tellectuali
1159 3997 1429 4079 quadam
1477 3997 1834 4059 substantia
1875 3997 2043 4072 fieri,
2079 4007 2198 4060 etc.

2376 3117 2665 3171 sumatur
2694 3126 2767 3169 ac
2800 3108 3253 3170 consideretur.
3289 3108 3488 3183 Quam
3518 3110 3710 3172 etiam
3740 3111 3887 3192 opi-

2376 3207 2632 3268 nionem
2674 3206 3041 3268 Aristoteles
3085 3216 3263 3269 sexto
3306 3208 3747 3291 Metaphysicae
3784 3228 3887 3271 re-

2377 3305 2620 3387 probat.
2674 3305 2924 3366 Etenim
2984 3305 3037 3367 si
3098 3305 3483 3368 naturalium
3542 3324 3884 3369 causarum

2377 3421 2723 3465 concursus
2754 3422 3010 3484 semper
3036 3410 3203 3465 esset
3232 3422 3311 3465 ex
3342 3406 3889 3479 necessitate,om-

2376 3520 2489 3564 nes
2532 3501 2851 3564 naturales
2891 3501 3162 3563 effectus
3205 3504 3285 3565 de
3323 3503 3700 3566 necessitate
3740 3522 3887 3585 pro-

2376 3600 2669 3663 venirent
2717 3617 2731 3661 :
2775 3600 2944 3682 quod
2993 3599 3413 3684 Philosophus
3459 3602 3753 3683 reprobat
3802 3622 3885 3665 ac

2378 3706 2629 3781 reputat
2676 3718 2814 3761 esse
2864 3698 3118 3761 falsum.
3162 3698 3390 3782 Opinio
3440 3718 3693 3782 quoque
3743 3701 3885 3765 haec

2376 3798 2629 3859 videtur
2688 3798 2967 3860 incidere
3018 3798 3085 3857 in
3135 3798 3478 3879 quemdam
3535 3799 3887 3863 articulum

2379 3896 2870 3959 condemnatum
2926 3916 2963 3957 a
3014 3897 3273 3960 domino
3332 3898 3651 3980 Stephano
3707 3898 3885 3960 Pari-

2378 3994 2574 4056 siensi
2613 3994 2915 4077 episcopo
2954 4014 3027 4057 ac
3067 3995 3345 4069 doctore,
3379 3996 3489 4077 qui
3539 3996 3683 4058 talis
3730 4005 3827 4059 est
3866 4015 3881 4059 ε

2378 4092 2553 4167 Quod
2598 4093 2758 4154 nihil
2804 4093 2918 4155 fiat
2960 4113 2997 4155 a
3040 4112 3212 4169 casu,
3246 4094 3356 4155 sed
3396 4095 3612 4156 omnia
3650 4096 3729 4157 de
3770 4114 3887 4159 ne-

848 4194 936 4260 De
965 4196 1066 4259 his
1096 4204 1310 4258 autem
1343 4213 1472 4258 non
1510 4194 1768 4257 invenio
1808 4194 2140 4276 scripsisse
2170 4194 2270 4255 Al·
2298 4191 2348 4253 D
2381 4192 2673 4254 cessitate
2728 4192 3075 4271 eveniunt3
3126 4201 3190 4254 et
3247 4193 3416 4274 quod
3476 4193 3692 4256 omnia
3736 4213 3887 4275 quae

769 4292 1022 4357 bertum
1055 4295 1120 4357 in
1153 4296 1416 4358 Summa
1445 4314 1580 4367 sua,
1601 4312 1718 4354 nec
1751 4292 1913 4355 libro
1944 4293 2022 4355 de
2051 4292 2126 4355 IV
2160 4291 2270 4355 Co-

769 4394 1099 4475 aequaevis3
1132 4394 1242 4455 sed
1286 4412 1478 4475 super
1507 4392 1802 4455 Genesim
1843 4400 1906 4453 et
1943 4390 2267 4453 Danielem

768 4492 982 4573 aliqua
1028 4492 1174 4554 inde
1223 4491 1440 4572 tangit.
1473 4526 1554 4536 —
1590 4491 1810 4553 Petrus
1858 4489 1965 4551 hic
2012 4490 2267 4552 Thomae

769 4590 1030 4653 omnino
1075 4590 1435 4665 concordat,
1471 4608 1588 4651 nec
1632 4588 2020 4671 superaddit.

848 4690 1038 4753 Porro
1076 4688 1422 4750 Richardus
1465 4697 1679 4750 narrat
1720 4687 1823 4749 hic
1866 4687 2022 4749 duas
2065 4686 2270 4769 opini-

770 4807 922 4851 ones
966 4789 1042 4850 de
1088 4786 1487 4869 praescientia
1537 4787 1897 4849 daemonum
1943 4785 2112 4848 circa
2156 4786 2271 4848 im-

771 4886 1130 4969 pressiones
1163 4886 1534 4948 meteoricas
1567 4885 1630 4947 in
1661 4902 1827 4958 aere,
1847 4884 2113 4957 scilicet,
2139 4884 2273 4966 plu-

771 4986 1043 5057 viarum,
1085 4991 1558 5067 tempestatum,
1602 4991 1956 5045 ventorum.
1991 4983 2271 5056 Quarum

773 5104 900 5147 una
948 5084 1124 5157 dicit,
1157 5083 1327 5166 quod
1377 5100 1503 5144 non
1554 5089 2077 5164 praecognoscunt
2122 5082 2275 5143 talia

772 5182 1203 5246 certitudinali
1241 5182 1528 5255 scientia,
1562 5180 1729 5243 sicut
1755 5181 1886 5262 jam
1926 5199 2003 5242 ex
2033 5180 2274 5243 Thoma

771 5290 836 5347 et
865 5282 1154 5345 Udalrico
1194 5281 1530 5364 probatum
1571 5286 1690 5356 est,
1724 5280 2028 5362 quoniam
2065 5299 2271 5343 causae

2380 4299 2588 4363 erunt,
2624 4290 2981 4353 necessario
3009 4299 3219 4365 erunt,
3242 4300 3305 4353 et
3334 4310 3477 4373 quae
3508 4309 3634 4355 non
3666 4301 3882 4368 erunt,

2382 4388 2778 4471 impossibile
2810 4390 2892 4451 sit
2923 4406 3097 4469 esse3
3130 4396 3193 4451 et
3220 4391 3391 4471 quod
3430 4391 3592 4452 nihil
3627 4392 3887 4453 eveniat

2380 4489 2841 4569 contingenter,
2876 4488 3335 4552 considerando
3365 4507 3589 4551 omnes
3618 4508 3881 4554 causas:

2379 4605 2554 4651 error
2609 4596 2725 4662 est,
2778 4588 2929 4669 quia
2982 4605 3329 4649 concursus
3386 4607 3721 4651 causarum
3782 4598 3887 4652 est

2379 4687 2457 4748 de
2502 4686 2875 4748 definitione
2917 4686 3186 4748 casualis
3224 4686 3516 4749 effectus,
3554 4686 3627 4749 Et
3671 4695 3886 4769 potest

2380 4785 2573 4848 etiam
2606 4785 2756 4867 poni
2792 4784 2914 4847 tale
2954 4786 3321 4866 exemplum
3358 4803 3371 4848 ε
3406 4786 3577 4868 quod
3614 4787 3883 4868 aliquod

2380 4902 2612 4966 corpus
2640 4890 2935 4945 terrestre
2967 4883 3261 4963 ignitum,
3295 4882 3361 4945 in
3392 4883 3705 4965 superiori
3740 4905 3887 4967 par-

2381 4990 2441 5045 te
2490 4981 2654 5043 aeris
2701 4990 3041 5061 generetur
3086 4990 3275 5063 atque
3325 4982 3623 5045 deorsum
3672 4985 3883 5060 cadat,

2382 5081 2573 5143 habet
2603 5099 2859 5143 causam
2883 5080 3187 5142 virtutem
3214 5080 3496 5162 aliquam
3527 5082 3880 5145 coelestem.

2385 5178 2712 5252 Similiter,
2745 5179 2915 5260 quod
2949 5178 3016 5240 in
3056 5177 3401 5261 superficie
3431 5187 3614 5245 terrae
3652 5181 3737 5243 sit
3765 5181 3887 5244 ali-

2384 5299 2513 5363 qua
2554 5278 2819 5341 materia
2868 5276 3360 5355 combustibiliS,
3407 5287 3615 5363 potest
3656 5282 3885 5349 reduci
