4334 6242
824 525 911 572 AN
953 525 1251 572 nmomts
1292 525 1600 574 NA'rthu
1639 525 1896 573 vam'E
1935 525 2187 573 Possm'r
2224 524 2388 572 VERA
2428 524 2737 573 MIRAGULA
2780 522 3015 571 FACERE

376 695 522 779 phia
553 705 618 759 et
645 695 978 779 theologia.
995 697 1287 760 Attamen
1319 696 1510 760 habet
1539 698 1695 760 duas
1719 696 1869 760 vias.
1902 699 1955 764 A
1983 698 2359 772 tenendam„
2382 715 2509 760 non
2554 696 2759 760 solum
2807 694 3105 777 quoniam
3155 711 3297 756 eam
3341 711 3481 754 sua·
3599 727 3617 746 ·

371 795 582 878 Aliqui
618 796 859 880 quippe
887 797 1125 868 dicunt,
1139 797 1307 879 quod
1340 804 1488 858 sunt
1517 797 1584 860 in
1615 796 1874 858 materia

373 903 442 956 ut
486 894 552 956 in
597 895 880 977 potentia
916 895 1258 977 receptiva,
1300 902 1363 957 et
1407 895 1873 977 quodammodo

373 993 580 1055 activa
619 1001 682 1056 et
723 994 1147 1076 cooperatiya,
1182 994 1335 1076 quia
1377 994 1642 1057 materia
1683 993 1874 1066 habet

373 1089 866 1173 possibilitatem
915 1092 994 1153 ad
1053 1091 1517 1174 recipiendum,
1568 1100 1631 1155 et
1679 1092 1872 1154 etiam

373 1188 852 1252 inclinationem
879 1190 955 1252 ad
989 1191 1485 1273 cooperandum3
1505 1199 1568 1253 et
1599 1191 1664 1252 in
1694 1209 1878 1272 agen-

373 1295 432 1349 te
471 1296 570 1350 est
599 1287 970 1369 hujusmodi
1010 1287 1217 1351 forma
1255 1289 1663 1371 producenda
1701 1297 1772 1351 ut
1805 1289 1872 1350 in

372 1385 696 1467 principio
743 1385 1044 1449 effectivo
1091 1395 1155 1448 et
1200 1386 1516 1469 originali,
1567 1387 1870 1470 quoniam

369 1483 582 1546 omnis
619 1482 826 1547 forma
863 1503 981 1566 per
1010 1492 1301 1547 naturam
1341 1503 1470 1548 suae
1509 1485 1745 1567 speciei
1783 1504 1875 1547 re·

371 1581 530 1665 cipit
568 1582 874 1645 virtutem
917 1583 1385 1666 multiplicandi
1423 1602 1490 1646 se
1526 1601 1540 1645 :
1574 1584 1743 1646 unde
1783 1585 1874 1645 in-

371 1681 588 1745 ductio
639 1681 860 1745 formae
907 1688 1005 1744 est
1049 1681 1129 1743 ab
1177 1691 1401 1763 agente
1449 1681 1721 1745 formam
1770 1701 1872 1744 su·

371 1798 476 1842 am
510 1779 999 1862 multiplicante.
1025 1780 1102 1842 Et
1132 1789 1376 1863 ponunt
1405 1781 1771 1862 exemplum
1805 1780 1870 1842 in

3362 502 3483 568 425

1983 797 2086 859 det
2117 797 2298 871 rati0‚
2332 796 2439 859 sed
2472 795 2662 858 etiam
2708 793 2860 877 quia
2898 793 3238 856 confirmat
3273 797 3484 854 aucto-

1982 895 2134 958 ritas
2173 895 2511 977 Augustini
2554 913 2746 976 super
2776 893 3095 966 Genesim,
3129 910 3320 973 quam
3359 890 3482 952 Ma-

1981 995 2181 1076 gister
2234 993 2483 1076 allegat,
2534 994 2703 1076 quod
2763 1012 2905 1075 quae
2962 991 3403 1073 producuntur
3448 1008 3486 1051 a

1985 1101 2230 1168 natura,
2265 1093 2617 1154 secundum
2656 1092 2931 1153 rationes
2971 1089 3310 1170 seminales
3342 1107 3485 1170 pro-

1985 1191 2326 1253 ducuntur.
2380 1190 2539 1264 Quid
2588 1207 2740 1254 vero
2792 1189 2920 1251 sint
2970 1188 3245 1251 rationes
3300 1187 3487 1249 semi-

1987 1289 2184 1364 nales,
2221 1289 2387 1351 infra
2424 1288 2683 1371 patebit.
2720 1289 2951 1371 Sicque
2986 1287 3339 1350 secundum
3379 1304 3487 1368 po-

1987 1387 2287 1451 sitionem
2360 1387 2546 1450 istam
2612 1387 2979 1461 dicendum,
3052 1385 3221 1468 quod
3291 1403 3484 1466 agens

1987 1486 2371 1569 particulare
2428 1486 2643 1548 educit
2700 1485 2935 1548 formas
2982 1491 3045 1546 et
3094 1483 3362 1558 inducit,
3411 1501 3485 1545 ac

1987 1603 2087 1646 res
2137 1584 2454 1646 naturales
2503 1583 2816 1665 producit..
2863 1582 2939 1644 Et
2987 1581 3038 1644 si
3091 1599 3357 1663 quaeraS‚
3402 1600 3483 1642 an

1987 1701 2064 1745 ex
2105 1682 2321 1764 aliquo
2363 1682 2465 1744 vel
2508 1701 2585 1744 ex
2628 1681 2831 1744 nihilo
2866 1700 2880 1745 :
2914 1681 3278 1752 dicendum,
3314 1679 3483 1761 quod

1986 1781 2334 1843 secundum
2366 1780 2615 1842 tertiam
2652 1779 3045 1862 positionem,
3062 1778 3333 1840 tenendo
3362 1776 3487 1859 pri·

374 1877 660 1952 candela,
723 1898 866 1960 quae
925 1879 1157 1941 multas
1219 1880 1526 1942 accendit.
1587 1878 1684 1942 Ab
1743 1897 1871 1941 uno
1907 1882 1956 1946 B
1987 1898 2156 1941 mam
2188 1879 2356 1942 viam
2401 1877 2573 1940 illius
2611 1877 2967 1960 positionis,
2998 1875 3221 1939 formae
3262 1876 3486 1957 produ·

373 1993 630 2058 quoque
668 1976 921 2057 objecto
969 1979 1256 2040 relucent
1299 1978 1516 2042 multae
1564 1979 1871 2059 imagines

373 2074 440 2136 in
473 2074 768 2155 pluribus
797 2076 1096 2158 speculis,
1116 2078 1322 2158 Atque
1351 2077 1720 2158 hujusmodi
1751 2077 1875 2140 for·

374 2193 494 2235 mae
545 2191 674 2235 non
721 2173 959 2236 habent
1003 2176 1104 2256 (ut
1151 2175 1398 2256 dicunt.)
1444 2195 1520 2238 ex
1571 2195 1698 2258 quo
1746 2175 1876 2237 sint

374 2270 810 2345 materialiter,
842 2272 952 2334 sed
995 2291 1071 2334 ex
1117 2290 1243 2355 quo
1285 2273 1694 2356 originaliter.
1729 2273 1875 2336 Ideo

372 2386 500 2430 non
546 2369 848 2431 dicuntur
891 2371 1114 2445 creari,
1145 2389 1354 2453 neque
1396 2390 1473 2434 ex
1518 2371 1720 2434 nihilo
1759 2371 1875 2434 fie-

373 2467 428 2529 ri
483 2486 498 2531 :
552 2467 724 2550 quod
775 2467 948 2530 enim
1005 2475 1276 2542 creatur,
1329 2468 1490 2531 nihil
1547 2477 1678 2548 est3
1729 2470 1874 2532 talis

372 2583 524 2629 vero
563 2565 772 2628 forma
808 2573 953 2628 ante
992 2566 1398 2629 eductionem
1437 2585 1616 2630 suam
1661 2568 1874 2649 aliquo

375 2665 565 2726 modo
595 2671 712 2738 est,
736 2671 874 2725 tum
905 2664 1146 2726 ratione
1177 2665 1598 2745 agentis,tum
1631 2667 1874 2728 ratione

373 2763 672 2825 materiae.

448 2860 591 2924 Alia
617 2860 724 2923 via
751 2868 868 2936 est,
901 2861 1070 2942 quod
1109 2860 1331 2926 formae
1370 2869 1519 2923 sunt
1554 2861 1620 2924 in
1659 2870 1874 2945 poten-

369 2960 458 3021 tia
501 2959 784 3021 materiae
819 2976 947 3021 non
988 2959 1197 3022 solum
1238 2960 1403 3022 utin
1437 2979 1564 3042 qua
1591 2968 1655 3024 et
1683 2981 1720 3023 a
1749 2980 1874 3043 qua

1986 1985 2219 2040 cuntur
2257 1997 2333 2039 ex
2374 1977 2609 2059 aliquo,
2644 1977 2751 2040 sed
2798 1993 2926 2038 non
2969 1994 3045 2037 ex
3094 1975 3309 2056 aliquo
3357 1993 3485 2036 ma-

1983 2076 2291 2138 terialiter
2339 2076 2441 2139 vel
2492 2075 2923 2148 constitutive,
2974 2074 3083 2136 sed
3134 2092 3210 2135 ex
3268 2072 3483 2154 aliquo

1982 2173 2411 2256 originaliter3
2454 2173 2553 2234 vel
2601 2173 2875 2235 tenendo
2916 2171 3087 2234 viam
3138 2170 3483 2234 secundam

1983 2273 2273 2353 ejusdem
2305 2271 2660 2354 positioniS,
2687 2271 2907 2334 formae
2936 2269 3107 2332 fiunt
3134 2288 3213 2331 ex
3243 2269 3479 2350 aliqu0,

1985 2388 2110 2434 non
2161 2371 2330 2453 quod
2390 2370 2453 2452 ly
2504 2389 2580 2432 ex
2632 2369 2800 2432 dicat
2852 2376 3120 2451 partem,
3173 2368 3281 2430 sed
3336 2384 3481 2429 con-

1984 2468 2607 2543 substantialitatem,
2632 2468 2799 2530 sicut
2828 2485 2970 2532 rosa
2998 2486 3075 2529 ex
3103 2466 3315 2548 glob0,
3336 2484 3485 2548 quo-

1983 2568 2157 2630 niam
2203 2567 2429 2649 globus
2474 2566 2550 2629 fit
2593 2585 2751 2629 rosa.
2797 2567 3029 2648 Sicque
3075 2566 3338 2627 materia
3385 2583 3481 2627 so-

1986 2666 2117 2727 lum
2169 2684 2237 2728 se
2281 2664 2470 2728 habet
2518 2683 2632 2747 per
2676 2665 2934 2728 modum
2986 2663 3330 2746 receptivi3
3372 2664 3481 2726 sed

1983 2763 2368 2826 seminatum
2410 2763 2475 2824 in
2507 2782 2581 2826 ea
2620 2781 2732 2825 seu
2772 2762 3048 2825 inditum
3078 2761 3160 2835 ei,
3195 2780 3263 2824 se
3292 2761 3483 2824 habet

1983 2861 2451 2942 quodammodo
2500 2877 2615 2942 per
2663 2861 2922 2923 modum
2972 2858 3185 2934 activi,
3228 2866 3292 2922 et
3333 2877 3484 2941 quo-

1984 2958 2325 3021 dammodo
2368 2977 2482 3040 per
2531 2958 2791 3020 modum
2842 2957 3079 3040 passivi
3122 2975 3136 3018 :
3180 2957 3481 3040 quoniam

369 3057 590 3139 aliquo
641 3057 849 3129 modo,
893 3057 1002 3119 sed
1053 3058 1245 3120 etiam
1290 3077 1368 3120 ex
1418 3077 1544 3140 qua
1587 3077 1600 3120 :
1643 3067 1706 3122 et
1753 3060 1872 3122 hoc
1912 3064 1955 3128 C
1986 3064 2361 3138 cooperatur
2390 3057 2703 3137 agenti‚et
2731 3055 2932 3118 nihilo
2962 3055 3177 3117 minus
3205 3055 3487 3118 variatur

371 3173 502 3218 non
543 3156 659 3229 sic,
693 3156 861 3236 quod
905 3156 1183 3219 materiae
1213 3157 1488 3219 essentia
1528 3157 1612 3218 sit
1641 3176 1716 3219 ex
1749 3177 1874 3240 qua

371 3254 580 3317 forma
629 3255 1036 3336 producitur3
1077 3255 1188 3317 sed
1231 3255 1400 3336 quod
1445 3255 1511 3317 in
1561 3255 1700 3338 ipsa
1749 3275 1876 3317 ma-

369 3352 534 3414 teria
572 3352 815 3434 aliquid
845 3361 938 3415 est
971 3360 1378 3415 concreatum
1409 3369 1486 3415 ex
1518 3371 1646 3435 quo
1681 3373 1874 3435 agens

371 3452 528 3513 dum
579 3450 710 3532 agit
755 3450 816 3512 in
864 3451 1100 3532 ipsum,
1143 3450 1360 3514 educit
1404 3449 1700 3526 formam,
1747 3469 1874 3515 non

372 3549 460 3612 ita
509 3569 588 3612 ex
644 3548 759 3629 illo
809 3556 1108 3631 tanquam
1161 3568 1239 3612 ex
1297 3549 1513 3632 aliquo
1565 3550 1730 3632 quod
1793 3551 1876 3612 sit

371 3655 678 3729 tanquam
722 3667 867 3729 pars
909 3646 1124 3729 aliqua
1163 3646 1386 3710 formae
1429 3648 1870 3730 producendae,

370 3747 484 3808 sed
533 3745 685 3828 quia
741 3745 899 3808 illud
961 3752 1168 3828 potest
1215 3765 1355 3808 esse
1410 3745 1637 3819 forma,
1689 3755 1751 3808 et
1797 3747 1874 3809 sit

372 3843 602 3918 forma,
635 3843 802 3906 sicut
842 3843 1069 3925 globus
1121 3863 1278 3907 rosae
1320 3843 1400 3906 fit
1443 3862 1600 3906 rosa.
1637 3845 1714 3906 Et
1756 3846 1875 3908 ista

371 3943 608 4024 positio
653 3949 847 4016 tenet,
891 3943 1060 4024 quod
1109 3943 1176 4005 in
1229 3943 1490 4005 materia
1541 3942 1670 4005 sint
1715 3945 1876 4006 veri-

369 4047 530 4102 tates
577 4039 866 4102 omnium
919 4039 1266 4102 formarum
1327 4042 1872 4124 producendamm

369 4137 746 4200 naturaliter
797 4155 812 4199 :
867 4137 954 4200 ita
1010 4139 1179 4220 quod
1240 4159 1442 4222 quum
1501 4140 1875 4221 producitur

1985 3155 2064 3217 ab
2097 3174 2225 3217 una
2255 3155 2671 3237 dispositione
2702 3155 2769 3216 in
2797 3154 3009 3217 aliam.
3038 3154 3182 3216 Haec
3211 3161 3307 3216 est
3336 3171 3484 3235 ergo

1985 3272 2237 3316 summa
2277 3253 2611 3334 positionis
2651 3253 2858 3327 istiuS,
2892 3252 3060 3334 quod
3092 3271 3284 3332 agens
3315 3271 3483 3314 crea-

1985 3359 2121 3413 tum
2166 3353 2409 3415 nullam
2454 3351 2896 3434 quidditatem,
2940 3369 3058 3413 nec
3107 3349 3486 3413 substantia-

1986 3450 2111 3513 lem
2162 3469 2281 3513 nec
2331 3450 2811 3536 accidentalem,
2854 3450 3150 3532 producit
3196 3449 3481 3524 omnino,

1984 3549 2094 3612 sed
2135 3556 2349 3611 entem
2390 3548 2510 3610 sub
2549 3567 2677 3610 una
2713 3548 3127 3630 dispositione
3165 3545 3313 3609 facit
3346 3567 3485 3610 esse

1985 3646 2105 3710 sub
2147 3646 2290 3708 alia.
2324 3681 2405 3692 -
2438 3647 2576 3709 Haec
2618 3647 3074 3709 Bonaventura.

2093 3744 2291 3826 Cujus
2358 3745 2479 3807 hoc
2540 3745 2837 3807 ultimum
2901 3744 3169 3807 verbum
3232 3744 3484 3807 videtur

1985 3860 2245 3924 prorsus
2276 3842 2645 3916 obscurum,
2680 3861 2877 3924 quum
2911 3843 3019 3904 lux
3056 3842 3363 3924 producat
3394 3862 3485 3905 ra-

1984 3942 2186 4015 dium,
2221 3940 2391 4003 calor
2421 3940 2717 4015 calorem,
2752 3939 3001 4020 objecta
3032 3940 3484 4002 similitudines

1985 4059 2152 4114 suaS,
2210 4047 2273 4102 et
2328 4038 2684 4101 substantia
2741 4038 3195 4120 operationem.
3248 4039 3482 4101 Verum

1984 4139 2060 4200 de
2110 4139 2229 4200 hac
2279 4137 2625 4219 quaestione
2686 4135 2853 4200 infra
2910 4136 3165 4220 plenius
3222 4137 3486 4199 dissere·

368 4234 744 4298 naturaliter
799 4235 1024 4310 forma,
1077 4237 1253 4299 nulla
1310 4237 1652 4320 quidditaS,
1698 4238 1875 4302 nulla
1904 4246 1952 4306 D
1983 4243 2087 4299 tur
2122 4255 2136 4298 τ
2172 4236 2372 4317 tangit
2417 4254 2691 4316 namque
2739 4232 3189 4297 difficultatem
3236 4235 3299 4297 in
3349 4235 3486 4316 phi-

369 4332 647 4395 essentia
696 4334 775 4395 de
824 4351 989 4396 novo
1039 4333 1383 4409 inducitur,
1427 4336 1536 4398 sed
1587 4337 1772 4398 datur
1813 4338 1872 4399 ei

369 4449 536 4493 nova
579 4431 934 4512 dispositio,
969 4439 1040 4494 ut
1082 4434 1250 4515 quod
1301 4441 1434 4496 erat
1475 4434 1541 4496 in
1593 4437 1874 4515 potentia

370 4528 488 4590 fiat
531 4529 598 4590 in
647 4538 811 4591 actu.
848 4529 1169 4594 Differunt
1212 4531 1384 4593 enim
1435 4539 1612 4594 actus
1657 4540 1717 4594 et
1763 4550 1870 4614 po-

369 4627 592 4702 tentia,
627 4646 754 4691 non
793 4629 962 4710 quod
1003 4629 1218 4691 dicant
1248 4629 1632 4710 quidditates
1672 4630 1874 4693 diver-

370 4745 494 4800 saS,
535 4726 646 4788 sed
690 4726 1140 4808 dispositiones
1189 4727 1478 4808 ejusdem
1527 4729 1810 4792 diversas
1854 4751 1868 4794 :

369 4842 498 4886 non
533 4833 744 4887 tamen
777 4832 925 4886 sunt
955 4825 1404 4907 dispositiones
1434 4827 1870 4902 accidentaleS,

369 4923 480 4984 sed
520 4922 991 4986 substantiales.
1025 4924 1154 4988 Nec
1194 4924 1427 4986 mirum
1473 4926 1591 4988 hoc
1630 4944 1768 4988 esse
1809 4927 1872 4988 in

371 5020 657 5103 potentia
702 5021 946 5103 agentis
997 5022 1214 5096 creati,
1268 5029 1337 5084 ut
1385 5023 1553 5105 quod
1604 5033 1699 5086 est
1747 5043 1876 5087 uno

373 5119 582 5193 modo,
627 5118 822 5181 faciat
864 5138 1002 5183 esse
1047 5120 1172 5182 alio
1219 5120 1426 5202 modo.
1461 5157 1542 5166 —
1579 5123 1721 5184 Haec
1773 5141 1878 5205 po-

371 5217 519 5279 sitio
579 5217 746 5280 inter
795 5227 1034 5280 ceteras
1082 5219 1335 5280 videtur
1383 5239 1520 5282 esse
1579 5220 1878 5301 intelligi-

375 5314 586 5390 bilior,
650 5323 714 5378 et
769 5317 1017 5380 veritati
1078 5318 1367 5384 vicinior.
1432 5319 1628 5398 Quam
1689 5321 1877 5387 credo

1986 4335 2273 4416 losophia
2316 4334 2728 4416 praecipuam,
2765 4339 2918 4414 puta
2961 4333 3038 4396 de
3083 4332 3485 4396 inchoatione
3520 4371 3539 4390 .

1981 4433 2353 4497 formarum.
2392 4468 2471 4478 —-
2511 4432 2781 4514 Haecque
2832 4432 3084 4514 positio,
3131 4451 3321 4515 quam
3370 4433 3484 4496 Bo-

1983 4539 2334 4596 naventura
2374 4531 2571 4612 magis
2611 4531 2715 4592 hic
2747 4530 3076 4613 approbat,
3109 4531 3360 4594 videtur
3390 4552 3483 4594 es-

1983 4650 2050 4693 se
2081 4630 2301 4712 opinio
2329 4629 2594 4704 Alberti,
2618 4629 2913 4704 Udalrici‚
2937 4637 2999 4692 et
3028 4629 3297 4693 aliorum
3330 4648 3484 4713 quo-

1983 4730 2296 4792 rumdam.
2353 4728 2623 4790 Thomas
2672 4747 2844 4802 vero,
2896 4729 3203 4809 AEgidiuS,
3254 4739 3317 4792 et
3374 4730 3483 4792 alii

1985 4828 2194 4901 multi,
2236 4835 2455 4890 tenent
2504 4827 2913 4890 contrarium.
2959 4827 3201 4901 Quibus
3255 4829 3319 4890 in
3365 4830 3483 4891 hoc

1986 4926 2188 5007 magis
2221 4944 2362 4988 reor
2393 4926 3220 5008 consentiendum,propter
3250 4928 3487 4990 motiva

1987 5043 2101 5088 suo
2144 5025 2283 5087 loco
2322 5025 2614 5107 ponenda
2651 5044 2665 5089 :
2708 5025 2835 5087 imo
2875 5024 3092 5108 opinio
3133 5025 3261 5095 illa,
3296 5033 3486 5108 prout

1985 5142 2126 5186 eam
2188 5123 2409 5186 recitat
2466 5124 2926 5197 Bonavent-ura,
2978 5142 3220 5206 ponens
3278 5144 3486 5188 exem·

1989 5222 2170 5304 plum
2215 5222 2293 5284 de
2330 5221 2519 5302 globo
2562 5241 2740 5296 rosae,
2774 5231 2835 5284 et
2878 5221 3147 5286 formam
3189 5223 3483 5286 eductam

1989 5319 2213 5390 formae
2269 5319 2577 5390 inchoatae
2635 5339 2748 5390 seu
2806 5321 3147 5394 educendae
3211 5321 3485 5393 consub-
