4334 6242
103 4544 362 4592 Halm-xxix.

111 4614 166 4652 1³.

129 5129 296 5185 ephes.
324 5145 366 5183 ιι,

105 5194 142 5241 8.,
159 5196 198 5235 9.

1069 527 1271 574 rmum
1312 525 1535 573 ANGELI
1576 525 1760 571 PRAvl
1801 524 1938 570 SINT
1978 524 2295 572 onsTlNArt
2338 524 2401 571 IN
2442 523 2645 582 vrrlts,
2684 522 2812 569 mc.

3376 500 3499 567 379

389 697 584 761 nibus
625 704 722 761 est
765 715 956 770 mom,
991 699 1112 761 hoc
1156 699 1222 760 in
1264 697 1506 779 angelis
1549 704 1645 759 est
1687 716 1889 760 casus,
1923 693 1976 757 A
2010 713 2118 757 mo
2169 696 2340 778 quod
2388 696 2454 758 in
2506 715 2574 759 se
2626 705 2721 758 est
2769 696 3013 773 fecerit,
3060 698 3227 762 Deus
3277 696 3499 779 utique

103 814 359 866 Banna.
390 798 596 878 Atque
627 804 700 857 ut
740 796 1036 859 Salomon
1077 796 1282 859 fassus
1319 803 1416 859 est
1449 814 1463 858 :
1498 795 1894 877 Ubicumque
2003 813 2147 857 eam
2193 794 2503 858 infundet.

390 894 696 957 ceciderit
727 896 994 975 lignum,
1021 894 1109 957 ibi
1143 896 1283 969 erit,
1307 895 1442 957 sive
1472 895 1550 956 ad
1579 902 1892 967 austrum,

390 994 526 1055 sive
579 994 659 1056 ad
715 986 1101 1076 aquilonem.
1153 994 1284 1055 Hoc
1333 1000 1543 1055 tamen
1597 1012 1748 1055 sane
1800 1001 1896 1056 est

391 1093 905 1175 intelligendum,
952 1100 1140 1175 prout
1188 1091 1356 1155 infra
1405 1092 1638 1154 clarius
1687 1092 1896 1176 expri-

393 1198 621 1253 metur.
681 1191 756 1253 Et
814 1192 893 1254 de
953 1190 1325 1272 hujusmodi
1386 1190 1518 1253 fine
1577 1190 1893 1265 ultimatO,

389 1306 517 1351 non
549 1289 628 1350 de
660 1306 1068 1371 quocumque
1099 1288 1126 1350 f
1129 1290 1234 1350 ine
1263 1288 1716 1362 subalternam,
1743 1308 1897 1370 prae-

387 1386 501 1452 fati
553 1388 843 1449 doctores
895 1388 1265 1468 loquuntur,
1299 1394 1361 1449 et
1410 1387 1488 1448 de
1536 1386 1896 1449 adhaesione

390 1485 756 1548 invariabili
806 1486 887 1548 ad
931 1486 1300 1566 hujusmodi
1349 1485 1571 1547 finem.
1605 1485 1898 1548 Adhaesio

386 1590 597 1645 autem
628 1582 1024 1645 invariabilis
1057 1584 1582 1665 interruptionem
1616 1602 1742 1647 non
1772 1603 1902 1645 sus-

390 1682 568 1764 cipit.
605 1682 727 1745 Sed
758 1689 977 1744 contra
1007 1682 1127 1744 hoc
1159 1682 1493 1744 Durandus
1534 1683 1651 1746 iste
1683 1684 1897 1764 inepte

389 1782 683 1853 assumit,
716 1780 986 1843 dicendo
1021 1796 1036 1841 :
1069 1781 1121 1842 A
1164 1780 1490 1842 voluntate
1539 1782 1896 1844 adhaerente·

2082 995 2390 1057 Praeterea
2437 994 2659 1058 Scotus
2710 996 2801 1057 sic
2845 996 3094 1078 quaerit,
3128 1003 3343 1057 utrum
3392 1014 3501 1056 an-

2004 1093 2185 1173 gelus
2231 1092 2434 1155 malus
2479 1094 2837 1157 necessario
2874 1094 3031 1157 velit
3077 1094 3257 1156 male.
3296 1094 3372 1155 Et
3408 1112 3504 1155 re-

2006 1191 2274 1274 spondet
2308 1209 2323 1253 :
2357 1192 2469 1253 Hic
2510 1192 2769 1273 ponitur
2807 1193 3044 1274 duplex
3084 1211 3275 1255 causa
3304 1193 3503 1255 conti-

2006 1289 2329 1351 nuationis
2360 1290 2619 1352 malitiae
2651 1289 2714 1351 in
2750 1292 2992 1371 angelis
3030 1291 3236 1353 malis.
3270 1291 3499 1366 Prima,

2006 1388 2310 1469 quoniam
2342 1388 2605 1467 angelus
2634 1388 3057 1469 apprehendit
3088 1387 3506 1450 immobiliter

2006 1485 2144 1547 sine
2184 1485 2513 1563 discursu3
2547 1487 2738 1548 homo
2772 1496 2983 1548 autem
3028 1486 3351 1549 mobiliter
3379 1486 3505 1548 dis-

2007 1583 2343 1657 currendo,
2376 1591 2522 1655 etc.,
2558 1591 2627 1644 ut
2657 1603 2849 1666 supra
2884 1584 2949 1645 in
2980 1584 3237 1646 Thoma.
3274 1584 3505 1646 Secun-

2006 1682 2104 1755 da,
2153 1690 2391 1764 quanto
2442 1682 2733 1744 voluntas
2782 1690 2875 1744 est
2925 1682 3287 1763 perfectior,
3330 1690 3505 1745 tanto

2007 1779 2353 1862 perfectius
2392 1800 2459 1843 se
2501 1780 2833 1861 conjungit
2873 1780 3143 1855 volibili,
3180 1790 3248 1842 ut
3284 1781 3506 1844 volun-

392 1886 564 1940 recto
597 1878 738 1951 fini,
773 1886 982 1960 potest
1020 1878 1363 1959 procedere
1402 1896 1562 1961 opus
1601 1898 1893 1959 pravum,
1933 1878 1981 1941 B
2009 1887 2100 1941 tas
2139 1887 2447 1961 separata,
2491 1878 2843 1962 praesertim
2884 1879 3191 1959 angelica,
3230 1899 3371 1960 quae
3408 1888 3507 1941 est

389 1985 509 2040 etc.
565 1976 882 2039 Debuerat
940 1976 1182 2058 quippe
1243 1976 1336 2039 sic
1396 1976 1819 2058 assumpsisse
1879 1995 1894 2039 :

391 2076 439 2137 A
479 2074 808 2138 voluntate
849 2074 1314 2136 invariabiliter
1349 2075 1731 2149 adhaerente,
1771 2084 1892 2137 etc.

395 2174 542 2247 Quae
595 2173 890 2235 voluntas
941 2173 1158 2236 omnia
1209 2192 1324 2235 sua
1376 2172 1657 2235 finaliter
1705 2172 1898 2235 refert

391 2273 466 2334 ad
531 2271 902 2353 hujusmodi
962 2271 1165 2334 finem
1227 2290 1413 2332 suum
1476 2272 1892 2353 praecipuum.

391 2370 469 2432 Et
532 2377 751 2434 contra
824 2369 944 2431 hoo
1013 2386 1141 2431 non
1205 2370 1557 2451 procedunt
1616 2369 1740 2432 illae
1803 2369 1897 2431 in-

391 2468 657 2531 stantiae.

471 2569 740 2648 Insuper
768 2565 926 2627 dicit
955 2563 1292 2627 Durandus
1325 2581 1339 2625 ε
1369 2564 1653 2627 Bonitate
1683 2565 1900 2646 gratiffl

392 2666 600 2729 omnis
643 2662 929 2744 operatio
969 2661 1331 2725 daemonum
1373 2670 1564 2735 caret,
1597 2664 1897 2745 quoniam

391 2763 656 2845 gratiam
691 2759 1273 2844 irrecuperabiliter
1297 2759 1660 2822 amiserunt.
1677 2762 1903 2834 Quum-

392 2880 516 2944 que
551 2860 792 2921 malum
832 2877 958 2922 non
991 2858 1072 2920 sit
1114 2857 1240 2920 nisi
1273 2858 1545 2939 privatio
1587 2859 1762 2934 boni,
1797 2879 1904 2941 po-

394 2966 514 3022 test
545 2958 698 3031 dici,
719 2958 890 3040 quod
921 2975 1144 3020 omnes
1174 2964 1354 3017 actus
1385 2957 1746 3019 daemonum
1779 2960 1901 3021 isto

2004 1978 2269 2040 omnino
2311 1977 2590 2058 perfecte
2634 1975 2852 2039 libera.
2887 1976 3363 2039 Nostraautem
3398 1994 3505 2039 vo-

2007 2076 2216 2137 luntas
2250 2075 2499 2156 corpori
2542 2075 2877 2157 corruptili
2908 2075 3109 2146 unita‚
3145 2075 3505 2137 libertatem

2005 2173 2197 2235 habet
2255 2173 2681 2252 diminutam3
2742 2181 3028 2255 separata
3084 2191 3255 2247 vero,
3316 2172 3508 2234 habet

2007 2270 2336 2352 maj0rem.
2371 2272 2593 2334 Nostra
2632 2289 2886 2353 quoque
2925 2272 3218 2333 voluntas
3258 2290 3505 2353 separa-

2006 2378 2090 2443 ta,
2123 2369 2227 2431 vel
2266 2369 2578 2432 exsistens
2614 2369 2678 2431 in
2710 2387 2973 2452 corpore
3006 2368 3503 2452 incorruptibili,

2008 2466 2427 2529 immobiliter
2474 2486 2541 2529 se
2585 2467 2799 2549 jungit
2845 2468 3118 2549 objectO,
3169 2468 3255 2530 ita
3305 2477 3375 2530 ut
3424 2467 3504 2530 ab

2009 2565 2119 2627 illo
2151 2565 2397 2627 resilire
2428 2582 2555 2627 non
2585 2565 2812 2639 valeat,
2843 2566 3025 2645 juxta
3054 2566 3212 2629 illud
3248 2566 3502 2629 Prover-

2009 2662 2263 2725 biorum
2290 2663 2572 2745 :Impius
2602 2682 2802 2744 quum
2836 2663 2901 2724 in
2936 2663 3323 2745 profundum
3360 2683 3504 2747 pec·
3529 2688 3797 2739 Promwu,

2010 2768 2294 2823 catorum
2342 2760 2609 2835 venerit,
2642 2760 3011 2823 contemnit.
3048 2762 3306 2835 Quando
3353 2780 3503 2844 ergo
3532 2754 3573 2794 ³·

2009 2860 2303 2921 voluntas
2335 2858 2614 2942 perfecte
2644 2867 2740 2921 est
2775 2858 2995 2933 libera,
3028 2858 3337 2921 electione
3368 2879 3505 2941 per-

2009 2957 2178 3020 fecta
2218 2958 2634 3039 praecedente,
2666 2956 3020 3019 efficaciter
3056 2957 3255 3018 currit
3294 2958 3359 3019 in
3401 2976 3507 3021 vo-

394 3058 584 3120 modo
627 3063 776 3118 sunt
827 3056 1002 3129 mali,
1049 3063 1262 3117 tamen
1315 3055 1666 3137 improprie
1703 3058 1902 3138 :quia
1939 3056 2221 3128 Clitum,
2266 3057 2557 3136 ponendo
2608 3056 2673 3117 in
2722 3074 2799 3118 eo
2837 3055 3076 3134 finem3
3118 3056 3509 3137 veniensque

391 3175 594 3238 quum
637 3154 876 3216 malum
912 3154 994 3216 sit
1035 3152 1313 3215 carentia
1354 3152 1766 3235 perfectionis
1795 3157 1901 3218 de-

393 3254 562 3329 bitae,
586 3253 789 3335 gratia
817 3262 1032 3315 autem
1064 3270 1192 3314 non
1224 3259 1319 3313 est
1351 3251 1659 3334 perfectio
1689 3253 1903 3316 debita

393 3352 602 3415 inesse
655 3359 980 3423 creaturae,
1019 3350 1256 3431 alioqui
1307 3350 1510 3430 grat-ia
1558 3368 1686 3412 non
1735 3360 1899 3414 esset

391 3451 630 3532 gratia3
663 3450 806 3512 ideo
846 3448 985 3529 ejus
1028 3446 1308 3510 carentia
1344 3447 1497 3510 facit
1541 3455 1753 3510 actum
1795 3450 1900 3511 de-

392 3549 778 3621 fectuosum,
825 3545 937 3608 sed
980 3564 1108 3607 non
1155 3546 1411 3628 proprie
1458 3546 1717 3608 malum.

476 3646 656 3709 Circa
711 3664 853 3726 quae
910 3636 1106 3705 verba
1163 3644 1444 3706 Durandi
1503 3645 1668 3716 dico,
1733 3646 1900 3727 quod

393 3743 605 3807 omnis
638 3742 846 3815 homo,
874 3742 1228 3824 praesertim
1259 3741 1472 3804 fidelis
1502 3743 1731 3807 adultae
1761 3752 1902 3807 aeta-

394 3842 499 3916 tis,
520 3847 772 3902 tenetur
799 3858 941 3901 esse
972 3839 1038 3900 in
1072 3839 1332 3901 caritate
1365 3846 1427 3901 et
1457 3840 1678 3921 gratia,
1701 3860 1899 3921 quum

395 3939 678 4022 primum
750 3936 1439 4018 generalissimumque
1507 3946 1899 4019 praeceptum

395 4037 497 4111 sit,
557 4038 759 4099 Deum
827 4042 958 4097 toto
1019 4036 1210 4097 corde
1273 4035 1539 4114 diligere
1601 4052 1616 4095 :
1679 4036 1900 4116 sicque

393 4135 593 4217 gratia
623 4142 876 4216 gratum
919 4134 1178 4206 facienS,
1211 4139 1308 4193 est
1349 4131 1658 4214 perfectio
1689 4132 1903 4195 debita

2010 3156 2089 3217 ad
2138 3154 2537 3217 obstaculum
2591 3126 2971 3236 synderesis
3007 3172 3134 3217 non
3182 3153 3272 3216 ibi
3318 3154 3507 3231 sistit,

2011 3254 2119 3315 sed
2166 3254 2629 3315 contemnendo
2678 3252 2979 3334 impingit
3020 3271 3034 3314 ε
3079 3254 3209 3316 imo
3254 3253 3320 3314 in
3368 3272 3509 3317 eam

2014 3350 2394 3422 retunditur,
2428 3358 2498 3411 ut
2544 3369 2611 3412 se
2662 3350 2979 3411 retrahere
3022 3370 3140 3413 nec
3191 3343 3345 3414 velit
3393 3371 3511 3415 nec

2013 3448 2213 3529 possit
2261 3446 2460 3524 velle3
2500 3447 2677 3509 velut
2726 3446 2779 3508 si
2826 3445 3069 3509 ferrum
3121 3449 3513 3532 impingatur

2011 3545 2162 3618 ossi,
2216 3544 2595 3619 retunditur,
2647 3563 2765 3607 nec
2819 3546 3055 3608 retrahi
3110 3555 3337 3629 potest,
3390 3567 3509 3610 nec

2010 3642 2231 3703 eadem
2272 3642 2507 3704 virtute
2548 3661 2673 3723 qua
2712 3643 3101 3717 immittitur,
3136 3663 3343 3726 neque
3380 3665 3509 3709 ma-

2007 3740 2150 3820 Jori.
2187 3740 2437 3801 —Istis
2476 3740 2782 3821 objicitur
2816 3758 2830 3802 τ
2866 3740 2929 3803 Si
2961 3741 3253 3803 voluntas
3291 3742 3511 3805 huma-

2011 3857 2093 3899 na
2121 3856 2200 3899 ex
2230 3856 2296 3899 se
2329 3838 2535 3899 redire
2577 3846 2789 3919 posset
2818 3838 2896 3899 ad
2934 3837 3272 3919 justitiam,
3308 3841 3509 3904 multo

2012 3935 2212 4015 magis
2260 3934 2552 3997 voluntas
2610 3936 2897 4015 angelica
2950 3952 2964 3997 t
3015 3954 3164 4017 ergo
3217 3937 3509 4000 voluntas

2011 4033 2296 4114 angelica
2344 4050 2463 4094 nec
2512 4043 2771 4115 propter
2820 4034 3334 4098 immobilitatem
3380 4056 3510 4100 suae

2012 4130 2345 4212 cognitivae
2398 4132 2720 4211 potentiae,
2772 4150 2888 4195 nec
2948 4142 3207 4217 propter
3255 4134 3508 4217 plenam

394 4234 602 4297 inesse
663 4240 970 4294 creaturae
1017 4250 1094 4292 ex
1143 4237 1322 4311 parte
1376 4230 1699 4313 praecepti,
1753 4232 1902 4313 quia
1932 4239 1980 4300 D
2010 4229 2369 4291 libertatem
2400 4228 2564 4309 ejus,
2598 4248 2675 4291 ex
2716 4230 2837 4291 hoc
2866 4233 3035 4312 quod
3065 4241 3160 4295 est
3198 4240 3505 4315 separata,

393 4330 715 4411 obligatur
743 4330 822 4391 ad
861 4346 1041 4407 eam3
1073 4348 1150 4391 ex
1183 4336 1358 4410 parte
1394 4347 1652 4410 quoque
1682 4330 1902 4411 praeci-

393 4428 654 4510 pientiS,
695 4427 760 4489 in
805 4434 1114 4509 quantum
1160 4426 1326 4489 Deus
1370 4428 1640 4509 requirit
1682 4446 1820 4491 eam
1867 4450 1903 4491 a

394 4532 704 4599 creatura,
739 4524 924 4586 illum
963 4524 1290 4605 expellens
1331 4544 1522 4605 quem
1567 4544 1693 4587 non
1731 4526 1904 4589 inve-

393 4624 563 4685 nerit
608 4643 686 4685 ea
734 4630 806 4684 ut
851 4630 1027 4685 veste
1076 4621 1349 4703 nuptiali
1402 4622 1716 4685 indutum.
1764 4624 1900 4687 Non

393 4730 609 4784 autem
655 4730 750 4785 est
793 4720 1009 4783 debita
1057 4728 1384 4794 creaturae,
1419 4722 1600 4802 quasi
1647 4722 1786 4804 ipsa
1824 4724 1900 4785 de

395 4821 715 4900 condigno
745 4838 883 4881 eam
917 4826 1375 4901 promereatur,
1410 4819 1510 4880 vel
1542 4820 1723 4900 quasi
1761 4820 1900 4900 ejus

393 4918 700 4999 operibus
731 4917 1059 4990 debeatur,
1086 4917 1404 4998 loquendo
1436 4917 1512 4979 de
1543 4918 1744 4998 gratia
1777 4920 1902 5000 pri-

397 5035 521 5088 ma,
555 5035 698 5096 quae
747 5016 824 5077 de-
875 5016 1191 5096 condigno
1238 5015 1584 5097 promereri
1630 5033 1753 5077 non
1799 5035 1901 5077 va-

397 5114 504 5187 let,
558 5121 748 5195 prout
799 5115 877 5175 ad
938 5113 1244 5195 Ephesios
1303 5114 1486 5175 docet
1537 5114 1894 5196 Apostolus.

396 5213 586 5275 Porro
630 5212 796 5274 Deus
838 5230 1002 5285 eam,
1037 5211 1202 5273 sicut
1239 5220 1300 5273 et
1341 5213 1668 5274 caritatem
1709 5232 1780 5275 ac
1822 5213 1898 5274 fi-

397 5310 566 5385 dem,
628 5310 896 5392 requirit
948 5311 1026 5374 ab
1085 5310 1343 5395 homine
1402 5328 1415 5373 :
1469 5312 1620 5395 quia
1679 5312 1732 5373 si
1789 5312 1898 5375 ho·

2011 4334 2106 4388 est
2145 4325 2564 4407 impossibilis
2603 4327 2679 4388 ad
2711 4327 3027 4407 justitiam
3071 4331 3507 4418 revertiopost-

2011 4446 2203 4509 quam
2247 4428 2553 4509 peccavit.
2590 4426 2701 4489 Vel
2746 4427 2841 4489 sio
2886 4445 2899 4490 :
2942 4428 3169 4491 Anima
3210 4449 3503 4511 peccanS,

2012 4527 2077 4587 in
2110 4527 2368 4588 instanti
2400 4527 2819 4608 separationis
2854 4536 2951 4589 est
2988 4520 3323 4603 Obstinata,
3357 4532 3507 4611 quia

2009 4633 2106 4687 est
2153 4624 2219 4686 in
2270 4627 2579 4703 termin03
2620 4634 2682 4689 et
2731 4644 2858 4690 non
2904 4646 3017 4710 per
3054 4636 3265 4689 actum
3312 4648 3502 4710 quem

2010 4731 2161 4784 tunc
2202 4724 2398 4797 elicit,
2433 4724 2736 4805 quoniam
2774 4726 2837 4787 in
2879 4726 3101 4789 eodem
3144 4726 3403 4790 instanti
3438 4728 3501 4790 in

2008 4840 2135 4903 quo
2165 4830 2515 4904 separatur,
2542 4831 2739 4886 totum
2774 4826 3197 4906 compositum
3230 4843 3507 4889 corrum-

2010 4920 2204 5000 pitur,
2248 4927 2309 4981 et
2350 4920 2415 4982 in
2457 4920 2567 4983 illo
2611 4940 2739 4983 non
2784 4922 3120 5003 intelligit3
3152 4942 3270 4985 nec
3314 4924 3503 4987 etiam

2011 5036 2123 5098 per
2160 5026 2372 5079 actum
2421 5021 2882 5100 praecedentem
2927 5020 3085 5082 illud
3131 5021 3373 5084 instans
3412 5032 3508 5086 est

2007 5115 2343 5189 obstinata,
2378 5117 2529 5197 quia
2569 5124 2721 5177 ’tunc
2764 5117 2886 5178 fuit
2924 5119 3173 5181 viatrix.
3208 5121 3319 5182 Vel
3361 5121 3453 5183 sic
3487 5140 3501 5184 ε

2007 5214 2070 5275 Si
2103 5214 2396 5275 voluntas
2436 5215 2712 5276 hominis
2752 5223 3012 5298 propter
3040 5218 3159 5280 hoc
3200 5221 3369 5301 quod
3401 5220 3507 5281 ha-

2009 5311 2115 5375 bet
2145 5312 2716 5395 apprehensionem
2750 5314 3169 5391 immobilem,
3200 5318 3405 5385 reddit
3434 5338 3503 5388 se
