4334 6242
832 454 953 522 278

1484 477 1549 524 IN
1590 477 1809 524 LIBRUM
1851 477 1893 522 11
1938 474 2420 522 SENTENTIARUM.
2465 491 2546 502 —-
2585 474 2738 519 DIST.
2788 472 2894 535 1113
2939 472 3162 528 QUAEST.
3203 470 3290 516 vlt

829 647 1081 711 vatione
1122 647 1211 709 rei
1253 647 1563 729 publicae3
1595 655 1653 708 et
1692 647 1745 710 si
1784 646 1975 708 homo
2014 653 2180 708 esset
2219 663 2325 706 na·
2357 643 2404 705 A
2433 651 2527 706 est
2563 661 2576 704 :
2605 641 2888 725 Antiqui,
2923 642 3164 716 dicem,
3198 642 3365 704 sicut
3393 638 3840 724 Praepositivus
3869 646 3936 699 et

827 746 1051 807 turalis
1083 765 1227 828 pars
1259 746 1451 826 hujus
1492 745 1789 817 civitatis,
1821 744 1956 807 haec
1998 743 2327 805 inclinatio

827 845 885 906 ei
930 843 1261 906 exsisteret
1304 844 1630 905 naturalis,
1666 844 1999 924 Quumque
2040 843 2206 904 Deus
2245 841 2329 902 sit

826 943 1066 1004 bonum
1100 942 1479 1015 universale,
1499 941 1619 1003 sub
1650 959 1777 1023 quo
1809 940 2169 1002 continetur
2198 957 2328 1000 om-

826 1059 907 1102 ne
948 1040 1187 1101 bonum
1230 1039 1611 1120 particulare
1652 1046 1957 1112 creatum,
1992 1038 2182 1100 etiam
2218 1057 2326 1099 an·

826 1137 1005 1219 gelus
1054 1145 1117 1200 et
1167 1139 1359 1199 homo
1407 1138 1644 1218 (omnis
1693 1137 1991 1218 equidem
2041 1143 2328 1198 creatura

827 1237 1177 1299 secundum
1214 1237 1275 1297 id
1317 1237 1485 1317 quod
1527 1244 1642 1310 est,
1678 1234 2051 1297 naturaliter
2080 1243 2176 1296 est
2218 1234 2326 1296 Dei

829 1334 1127 1397 creatoris
1186 1334 1351 1414 sui);
1403 1335 1692 1415 sequitur
1740 1334 1907 1415 quod
1963 1341 2088 1394 tam
2138 1333 2327 1395 homo

830 1451 1021 1513 quam
1066 1432 1327 1512 angelus
1369 1431 1642 1493 naturali
1684 1431 2021 1493 dilectione
2067 1431 2214 1512 plus
2255 1447 2327 1492 ac

832 1529 1251 1612 principalius
1293 1529 1513 1609 diligat
1551 1531 1751 1592 Deum
1793 1548 1983 1609 quam
2024 1547 2091 1590 se
2125 1546 2139 1590 ε
2173 1527 2327 1589 alias

829 1627 1135 1690 naturalis
1166 1627 1419 1690 dilectio
1446 1637 1609 1689 esset
1640 1646 1957 1708 perversa,
1977 1645 2185 1708 neque
2216 1645 2330 1707 per

831 1725 1157 1788 caritatem
1217 1725 1653 1806 perficeretur,
1708 1725 1817 1786 sed
1873 1725 2320 1786 destrueretur.

827 1823 971 1885 Haec
1016 1824 1080 1885 in
1125 1823 1404 1885 Summa.

908 1921 1126 1983 Petrus
1169 1923 1428 1983 demum
1474 1921 1538 1982 in
1585 1921 1684 1982 his
1729 1921 1990 1983 omnino
2040 1920 2329 2001 sequitur

826 2019 1354 2093 Bonaventuram,
1389 2021 1577 2080 etiam
1612 2038 1773 2100 pene
1813 2018 1932 2080 sub
1966 2018 2178 2080 verbis
2213 2018 2329 2080 eis-

827 2116 995 2188 dem,
1042 2125 1104 2178 et
1145 2117 1335 2178 ambo
1378 2125 1727 2179 consonant
1769 2117 2042 2178 Thomae.

906 2215 1256 2277 Richardus
1298 2233 1550 2296 quoque
1582 2223 1889 2296 quantum
1932 2214 2009 2277 ad
2047 2214 2329 2294 primum

830 2313 1168 2376 concordat
1212 2313 1453 2375 eisdem
1489 2329 1502 2374 :
1537 2312 1801 2385 Quidam
1847 2312 2204 2392 (inquiens)
2241 2312 2332 2373 di-

830 2418 1005 2485 cunt,
1049 2412 1217 2492 quod
1267 2411 1529 2491 angelus
1577 2431 1654 2473 ex
1706 2410 1884 2493 puris
1932 2410 2329 2472 naturalibus

829 2527 957 2571 non
991 2517 1236 2590 poterat
1276 2508 1473 2570 Deum
1514 2508 1778 2590 diligere
1820 2507 1964 2590 plus
2004 2527 2196 2589 quam
2237 2527 2327 2582 se,

828 2607 981 2688 quia
1029 2625 1106 2668 ex
1154 2606 1549 2668 naturalibus
1593 2606 1884 2688 nequivit
1925 2607 2123 2668 Deum
2166 2625 2333 2668 ama-

830 2723 919 2778 re,
969 2704 1094 2765 nisi
1142 2705 1207 2765 in
1256 2713 1564 2785 quantum
1613 2712 1710 2765 est
1758 2713 1997 2767 naturae
2044 2705 2224 2767 dator
2269 2711 2332 2766 et

829 2809 1253 2864 conservator.
1290 2803 1408 2864 Sed
1441 2809 1659 2864 contra
1688 2802 1807 2864 hoc
1846 2810 1962 2874 est,
1996 2802 2161 2883 quod
2196 2803 2332 2884 qui-

828 2901 975 2962 dam
1021 2899 1333 2972 homineS,
1376 2900 1568 2960 etiam
1614 2899 1903 2980 gentile&
1937 2919 2014 2961 ex
2058 2900 2330 2961 naturali

2434 741 2812 805 Guillelmus
2839 739 3396 814 AntisiodorensiS,
3429 739 3730 802 dixerunt
3762 737 3934 819 quod

2434 839 2670 921 duplex
2701 848 2795 901 est
2829 857 3028 914 amor,
3062 839 3360 901 videlicet
3399 836 3936 918 concupiscentiae

2433 945 2495 1000 et
2537 937 2855 1011 amicitiae,
2898 945 3044 1011 etc„
3079 937 3246 1000 sicut
3286 935 3708 1018 praehabitum
3754 941 3868 998 est.

2516 1035 2843 1098 Udalricus
2885 1054 3036 1098 vero
3078 1035 3142 1097 in
3188 1036 3308 1099 hoc
3346 1034 3426 1096 ab
3465 1033 3725 1097 Albcrto
3763 1051 3934 1095 rece-

2435 1133 2529 1195 dit
2561 1150 2575 1195 :
2611 1134 2956 1196 Dilectione
2987 1135 3340 1216 (inquiens)
3369 1132 3636 1196 naturali
3670 1131 3936 1212 angelus

2436 1232 2582 1314 plus
2624 1233 2832 1314 diligit
2875 1234 3074 1295 Deum
3125 1252 3316 1315 quam
3359 1251 3448 1307 se,
3482 1240 3552 1293 ut
3598 1239 3774 1313 patet
3822 1249 3939 1312 per

2435 1331 2883 1412 Augustinum‚
2918 1333 3028 1412 qui
3071 1332 3134 1393 in
3181 1332 3345 1394 libro
3387 1333 3465 1393 de
3514 1331 3664 1393 Fide
3707 1330 3786 1392 ad
3831 1329 3938 1391 Pe-

2438 1437 2628 1502 trum,
2663 1429 2962 1491 disseruit
2995 1447 3008 1491 :
3045 1430 3224 1492 Tales
3267 1430 3432 1491 Deus
3473 1429 3709 1490 creavit
3751 1445 3938 1508 ange-

2439 1527 2632 1600 lOS,ut
2664 1527 2875 1609 ipsum
2909 1547 3036 1609 prae
3065 1546 3132 1590 se
3162 1526 3713 1608 diligerent,cujus
3743 1544 3938 1608 opere

2437 1623 2590 1686 tales
2623 1644 2689 1687 se
2719 1643 2856 1686 esse
2889 1633 3128 1687 creatos
3159 1634 3584 1706 agnoscerent.
3606 1625 3780 1697 Quod
3806 1625 3942 1706 qui-

2435 1723 2580 1784 dam
2624 1730 2914 1785 asserunt
2955 1742 3177 1785 verum
3221 1742 3360 1785 esse
3403 1724 3481 1785 de
3528 1741 3743 1785 amore
3791 1741 3939 1784 con-

2361 1822 2408 1883 B
2438 1821 2868 1902 cupiscentiae‚
2903 1841 3044 1904 quae
3074 1805 3456 1884 est'dilectio
3489 1829 3748 1904 propter
3777 1821 3936 1882 utile

2435 1927 2544 1981 aut
2586 1920 2982 1990 delectabile,
3016 1920 3114 1982 vel
3163 1928 3421 2002 propter
3469 1929 3758 2000 utraque,
3792 1939 3936 2001 quae

2435 2037 2654 2079 amans
2707 2017 2978 2100 percipit
3028 2018 3107 2080 ab
3156 2027 3386 2092 amato,
3436 2025 3544 2079 aut
3603 2018 3936 2100 percipere

2438 2116 2636 2197 cupit,
2670 2116 2722 2176 si
2770 2134 2895 2178 non
2941 2117 3185 2197 recipit.
3221 2116 3426 2189 Quum
3475 2133 3624 2196 ergo
3670 2101 3936 2196 angelus

2437 2213 2809 2275 naturaliter
2853 2213 2996 2296 plus
3040 2215 3431 2295 concupiscit
3484 2214 3724 2276 bonum
3774 2213 3934 2276 divi-

2436 2331 2592 2372 num
2642 2330 2833 2393 quam
2882 2312 3237 2393 proprium,
3284 2320 3583 2394 tanquam
3633 2311 3758 2374 sibi
3809 2331 3936 2373 me-

2438 2409 2561 2470 lius
2622 2428 2696 2471 ac
2754 2409 3215 2484 delectabiliuS,
3278 2416 3449 2491 patet
3510 2410 3930 2492 propositum.

2437 2507 2572 2570 Non
2625 2515 2837 2570 autem
2889 2509 3245 2570 concedunt
3298 2509 3415 2570 hoc
3464 2508 3541 2570 de
3593 2507 3934 2571 dilectione

2436 2605 2758 2679 amicitiae,
2810 2624 2935 2686 qua
2979 2624 3199 2667 amans
3250 2607 3387 2669 vult
3432 2614 3640 2668 amato
3691 2606 3932 2667 bonum

2438 2711 2698 2784 propter
2747 2703 2979 2784 ipsum,
3028 2721 3155 2765 non
3203 2713 3462 2785 propter
3507 2722 3575 2766 se
3610 2722 3623 2766 ε
3657 2703 3809 2785 quia
3855 2705 3934 2765 ad

2436 2801 2608 2863 hunc
2639 2809 2850 2862 actum
2883 2803 2982 2881 (ut
3012 2802 3262 2882 dicunt)
3291 2802 3516 2863 caritas
3547 2801 3806 2883 perficit
3834 2821 3939 2864 na·

2439 2907 2645 2960 turam
2707 2901 2769 2961 in
2821 2918 2888 2960 se
2946 2918 3226 2962 curvam.
3279 2900 3512 2961 Verum
3572 2899 3635 2962 hi
3695 2907 3930 2973 errant,

828 3016 1043 3061 amore
1088 2998 1165 3060 ad
1217 2999 1454 3060 bonum
1507 3016 1867 3070 commune,
1900 3008 2332 3079 exposuerunt
2363 3003 2406 3065 C
2438 2997 2738 3077 quoniam
2778 2996 3083 3059 naturalis
3115 2998 3406 3059 voluntas
3440 2998 3729 3078 sequitur
3759 3005 3936 3059 natu-

828 3117 897 3160 se
946 3097 1131 3160 morti
1176 3117 1289 3179 pro
1330 3096 1497 3161 bono
1540 3097 1930 3178 hujusmodi.
1968 3097 2173 3170 Quum
2222 3098 2332 3177 igi-

827 3203 934 3257 tur
985 3197 1151 3258 Deus
1204 3197 1286 3256 sit
1342 3195 1529 3258 totius
1585 3203 1824 3256 naturae
1882 3213 2204 3256 summum
2267 3204 2329 3256 et

830 3294 1434 3356 communissimum
1483 3293 1743 3367 bonum,
1778 3301 2023 3374 poterat
2065 3294 2329 3373 angelus

832 3393 1042 3473 ipsum
1094 3391 1239 3472 plus
1291 3410 1481 3472 quam
1532 3410 1600 3453 se
1649 3392 1859 3472 ipsum
1915 3391 2199 3471 diligere.
2249 3427 2331 3436 ——

830 3491 1019 3552 Porro
1068 3496 1379 3571 quantum
1428 3490 1504 3551 ad
1555 3489 1749 3560 aliud,
1782 3489 2129 3551 Richardus
2182 3508 2332 3571 pau-

834 3589 1029 3669 lisper
1062 3608 1099 3650 a
1138 3589 1576 3650 Bonaventura
1615 3606 1688 3649 ac
1726 3589 1907 3650 Petro
1948 3588 2208 3661 recedit,
2241 3588 2332 3649 di-

832 3687 1033 3748 cendo
1069 3703 1082 3748 :
1116 3686 1393 3766 Angelus
1435 3692 1580 3748 ante
1622 3705 1802 3748 suam
1848 3686 2327 3749 conversionem

832 3803 945 3845 seu
990 3783 1385 3845 aversionem
1441 3784 1640 3864 magis
1683 3783 1986 3864 diligebat
2032 3783 2328 3864 angelum

832 3881 1249 3962 superiorem,
1273 3901 1463 3962 quam
1498 3881 1621 3941 sibi
1653 3880 1961 3961 aequalem
1992 3889 2101 3942 aut
2132 3881 2330 3962 magis

832 3979 1288 4061 propinquum,
1316 3979 1522 4058 majus
1553 3979 1793 4041 bonum
1828 3979 1917 4040 illi
1952 3979 2244 4048 volendo,
2269 3987 2332 4040 et

830 4077 1023 4139 etiam
1073 4078 1309 4140 bonum
1363 4076 1535 4138 illius
1588 4077 1898 4138 intensius
1948 4077 2265 4158 cupiendo
2313 4094 2326 4139 :

2439 3095 2566 3156 rale
2594 3095 2910 3175 judicium
2948 3094 3310 3157 intellectus
3344 3112 3358 3157 :
3392 3095 3752 3158 intellectus
3785 3115 3934 3158 vcro

2436 3211 2513 3252 ex
2559 3191 2830 3253 naturali
2879 3192 3260 3254 rectitudine
3309 3212 3423 3254 sua
3467 3193 3708 3272 judicat
3760 3213 3934 3255 sum-

2441 3310 2615 3352 mum
2647 3291 2888 3353 bonum
2922 3310 3050 3372 pra>
3081 3291 3378 3353 omnibus
3409 3300 3471 3353 et
3501 3311 3694 3374 supra
3722 3293 3935 3354 omnia

2437 3407 2576 3450 esse
2609 3389 2971 3451 amandum.
3008 3425 3087 3432 —
3115 3389 3258 3451 Ilaec
3299 3389 3623 3454 Udalricus
3659 3407 3673 3452 :
3709 3391 3819 3472 qui
3855 3391 3934 3452 de

2438 3487 2776 3549 dilectione
2828 3505 2952 3567 qua
3009 3487 3215 3566 angeli
3272 3485 3602 3550 inferiores
3659 3488 3936 3568 diligunt

2437 3585 2818 3666 superiore5‚
2854 3586 3143 3666 sequitur
3183 3586 3315 3666 jam
3361 3593 3722 3667 praetactam
3769 3588 3935 3668 posi-

2436 3683 2672 3745 tionem
2723 3682 3038 3745 Richardi.

2509 3781 2812 3844 Praeterea
2841 3780 3148 3842 Henricus
3179 3781 3552 3855 Quodlibeto
3581 3791 3808 3865 quarto
3836 3803 3936 3846 su-

2437 3899 2552 3961 per
2599 3879 2699 3940 his
2750 3886 2972 3941 tractat
3019 3878 3256 3942 diffuse
3298 3897 3311 3940 ε
3354 3881 3612 3962 Oportet
3655 3881 3934 3962 (dicens)

2438 3978 2652 4039 videre
2698 3977 2851 4058 quid
2903 3978 2986 4038 sit
3032 3996 3230 4050 amor,
3263 3986 3326 4039 et
3375 3979 3482 4060 qui
3529 3979 3658 4040 sint
3698 3981 3932 4060 gradus

2437 4076 2600 4155 ejus,
2635 4095 2776 4158 quae
2815 4075 3006 4137 etiam
3047 4075 3412 4138 differentia
3445 4077 3610 4138 inter
3647 4097 3932 4140 amorem

831 4175 981 4257 quia
1020 4195 1220 4257 quum
1263 4175 1465 4255 gloria
1503 4176 1583 4237 sit
1625 4183 1865 4236 naturae
1905 4183 2090 4236 rectae
2130 4174 2332 4256 perfe-
2361 4174 2409 4235 D
2438 4174 2790 4235 naturalem
2833 4182 2891 4235 et
2937 4173 3286 4236 liberalem.

833 4274 979 4348 ctio,
1032 4282 1092 4335 et
1145 4275 1332 4335 modo
1386 4273 1449 4334 in
1501 4273 1702 4353 gloria
1752 4273 2014 4353 angelus
2068 4273 2332 4335 inferior

836 4373 1035 4453 magis
1092 4372 1313 4453 diligat
1365 4371 1756 4452 superiorem
1820 4379 2089 4453 utroque
2146 4372 2331 4434 modo

836 4470 1117 4553 praefato,
1152 4471 1404 4531 videtur
1441 4469 1610 4550 quod
1654 4478 1715 4531 et
1754 4477 1899 4531 ante
1940 4469 2189 4550 lapsum
2236 4470 2330 4532 sic

834 4568 974 4630 fuit.
1039 4569 1197 4630 Hinc
1259 4567 1416 4629 mihi
1481 4575 1764 4648 apparet,
1826 4567 1995 4648 quod
2058 4566 2332 4648 quilibet

806 4666 1094 4747 'angelus
1150 4666 1348 4746 magis
1401 4665 1705 4745 diligebat
1757 4665 1957 4726 Deum
2012 4685 2203 4747 quam
2263 4685 2329 4727 se

836 4764 1069 4846 ipsum,
1090 4764 1233 4846 plus
1266 4781 1518 4845 quoque
1551 4783 1617 4824 se
1650 4763 1861 4844 ipsum
1893 4783 2083 4844 quam
2116 4783 2332 4844 quem-

834 4883 1109 4944 cumque
1140 4863 1336 4924 alium
1378 4863 1713 4942 angelum3
1746 4869 1936 4942 atque
1978 4861 2141 4922 inter
2172 4862 2329 4923 alios

834 4963 1034 5042 magis
1065 4961 1287 5023 dilexit
1316 4978 1423 5023 eos
1463 4961 1573 5042 qui
1618 4961 1743 5022 Deo
1785 4959 2042 5021 fuerunt
2073 4960 2329 5041 propin-

831 5061 1104 5142 quiores.
1152 5060 1294 5121 Ilaec
1340 5059 1705 5120 RicharduS.

911 5160 1215 5221 Praeterea
1258 5156 1553 5219 Albertus
1598 5158 1980 5240 positionem
2025 5157 2331 5238 pra—habi-

836 5265 958 5320 tam
1009 5257 1541 5320 Ant-isiodorensis
1584 5265 1644 5320 et
1690 5254 2025 5319 Alexandri
2072 5265 2327 5317 secutus

2518 4273 2756 4353 Itaque,
2799 4290 2977 4332 amor
3018 4290 3128 4333 seu
3173 4272 3430 4336 dilectio
3469 4281 3564 4334 est
3607 4274 3939 4338 inclinatio

2439 4378 2545 4432 aut
2580 4378 2789 4432 motus
2822 4370 2886 4431 in
2918 4369 3182 4444 bonum,
3218 4371 3304 4432 ita
3330 4372 3498 4452 quod
3529 4390 3750 4434 amans
3781 4392 3942 4434 sem-

2443 4489 2555 4550 per
2598 4476 2889 4531 movetur
2933 4469 2998 4530 in
3043 4469 3280 4530 bonum
3325 4478 3629 4543 amatum,
3663 4471 3788 4533 nisi
3832 4472 3942 4533 ha-

2442 4568 2584 4629 beat
2624 4567 3178 4648 impedimentum,
3211 4568 3380 4648 quod
3421 4568 3486 4629 in
3523 4587 3740 4631 amore
3779 4589 3939 4651 pure

2442 4665 2710 4727 naturali
2753 4665 2891 4746 (qui
2936 4672 3030 4726 est
3074 4665 3212 4727 sine
3256 4666 3636 4746 cognitione,
3681 4687 3798 4729 nee
3841 4676 3938 4730 est

2441 4765 2564 4826 nisi
2615 4764 2873 4845 quidam
2919 4763 3224 4826 naturalis
3266 4765 3616 4847 appetitus)
3655 4774 3752 4828 est
3795 4769 3936 4829 uni-

2442 4882 2610 4936 cum,
2647 4870 2800 4944 puta
2846 4863 3233 4924 contrarium
3283 4863 3628 4944 prohibens
3664 4881 3678 4926 :
3713 4884 3934 4946 quem-

2439 4962 2780 5022 admodum
2837 4970 3004 5022 terra
3055 4959 3342 5041 gignenS‚
3397 4962 3667 5024 naturali
3719 4981 3936 5027 amore

2441 5060 2784 5121 inclinatur
2824 5061 2888 5121 in
2931 5067 3141 5120 actum
3189 5060 3541 5140 pullulandi
3587 5080 3660 5122 ac
3703 5064 3936 5142 germi-

2440 5158 2654 5228 nandi,
2687 5167 2746 5219 et
2787 5159 2916 5220 exit
2950 5159 3012 5219 in
3053 5175 3234 5238 opus,
3269 5159 3392 5220 nisi
3434 5159 3604 5221 calor
3633 5159 3936 5222 vivificus

2441 5257 2824 5339 impediatur
2854 5275 2966 5338 per
2997 5255 3195 5336 frigus
3229 5257 3636 5318 contrarium.
3666 5258 3734 5320 In
3767 5278 3936 5322 amo-

3975 3899 4138 3953 quul.
4161 3900 4226 3938 ΙΙ.
4306 3881 4307 3884 ¹
