4334 6242
218 1470 239 1501 ι,
254 1459 307 1497 ³1.

1360 488 1447 535 AN
1486 488 1732 535 TANTUM
1775 489 1868 536 sn·
1910 488 2063 536 UNUS
2106 488 2350 536 MUNDUS

3326 470 3405 534 95

322 666 518 721 autem
549 664 646 719 est
680 659 889 721 unitas
930 660 1359 723 multitudinis
1390 662 1691 724 ordinatae
1726 662 1803 723 ad
1833 660 1884 723 A
1913 661 2079 735 ldae,
2114 661 2280 722 sicut
2323 659 2448 722 dici
2499 667 2706 742 potest
2752 659 3130 722 universitas
3173 660 3408 721 colora-

327 756 582 818 maxime
613 776 817 819 unum
856 778 869 821 :
905 757 1355 832 multitudiniS,
1393 759 1674 841 inquam,
1699 759 1805 820 ha-

326 855 519 917 bentis
557 856 1067 937 complexionem
1112 857 1173 917 in
1221 857 1526 939 partibus
1564 858 1650 921 De
1688 858 1806 919 hac

329 952 548 1015 unitate
590 954 877 1035 loquitur
913 955 1303 1035 Augustinus
1344 955 1411 1017 in
1452 954 1613 1017 libro
1652 974 1808 1037 prae-

328 1050 443 1112 fato
475 1070 488 1113 :
521 1051 720 1112 Tanta
746 1058 843 1112 est
873 1052 968 1113 vis
1008 1060 1197 1133 atque
1228 1053 1510 1133 potentia
1550 1052 1807 1133 integri-

332 1149 459 1209 tatis
494 1168 565 1211 ac
606 1150 893 1223 unitatis,
927 1158 998 1211 ut
1036 1169 1177 1231 quie
1218 1151 1419 1213 multa
1456 1159 1603 1213 sunt
1643 1151 1807 1213 bona

330 1248 592 1328 amplius‘
632 1247 943 1330 placeant,
977 1250 1129 1310 dum
1172 1250 1235 1311 in
1279 1250 1653 1311 universum
1694 1250 1805 1311 ali-

332 1346 483 1426 quod
512 1346 902 1409 conveniunt
931 1354 1119 1429 atque
1151 1356 1559 1421 concurrunt,
1586 1366 1809 1410 secun-

332 1443 469 1505 dum
510 1444 668 1506 illud
720 1444 784 1506 in
831 1444 1055 1507 Genesi
1102 1463 1115 1506 :
1158 1446 1330 1507 Vidit
1371 1446 1535 1508 Deus
1580 1454 1808 1508 cuncta

334 1562 459 1623 quae
504 1542 760 1617 fecerat,
811 1552 875 1605 et
922 1551 1101 1606 erant
1147 1544 1331 1607 valde
1380 1544 1563 1606 bona.
1619 1546 1806 1608 Recte

336 1641 511 1720 igitur
535 1641 791 1716 dicitur,
824 1642 993 1723 quod
1034 1643 1271 1705 mundo
1304 1643 1647 1726 archetypo
1677 1651 1808 1705 tan-

336 1758 519 1820 quam¹
552 1739 661 1801 uni
705 1740 1054 1822 exemplari
1102 1740 1405 1823 perfecto,
1442 1759 1809 1822 correspon-

1916 767 2145 832 torum‚
2208 778 2318 821 seu
2379 758 2654 821 totalitas
2711 759 3065 831 hominum,
3116 757 3408 839 quamvis

1914 857 2204 938 quaedam
2247 857 2375 918 sint
2413 857 2577 931 alba,
2611 857 2897 939 quaedam
2940 856 3140 936 nigra,
3174 863 3237 917 et
3276 854 3414 937 qui-

1915 956 2060 1017 dam
2109 955 2402 1017 homines
2451 956 2578 1016 sint
2622 955 2779 1035 justi
2829 961 2889 1016 et
2940 954 3099 1029 sani,
3152 953 3413 1035 quidam

1918 1052 2141 1133 injusti
2189 1061 2254 1116 et
2301 1054 2487 1134 aegri3
2531 1054 2622 1115 sic
2673 1053 3051 1114 universitas
3100 1052 3413 1114 bonorum

1916 1158 1975 1211 et
2030 1151 2343 1214 malorum
2393 1151 2630 1233 pariter
2680 1151 3114 1223 collectorum,
3169 1150 3419 1211 univer·

1916 1250 2068 1311 sitas
2119 1270 2245 1311 una
2296 1258 2412 1323 est,
2458 1267 2581 1311 non
2632 1248 2921 1311 obstante
2973 1248 3416 1310 contrarietate

1917 1367 2057 1428 quai
2104 1356 2201 1409 est
2245 1348 2410 1409 inter
2453 1347 2617 1409 bona
2659 1366 2731 1409 ac
2776 1348 2956 1409 mala.
2989 1382 3070 1392 —
3099 1345 3413 1427 AmpliuS‚

1918 1444 2318 1519 universitaS‚
2354 1454 2422 1507 ut
2461 1452 2632 1527 patet
2671 1465 2749 1508 ex
2792 1445 3223 1508 nominatione
3264 1443 3415 1525 ipsi-

1919 1562 2014 1617 uS,
2049 1560 2176 1604 non
2207 1551 2302 1605 est
2334 1543 2456 1605 nisi
2497 1544 2562 1605 in
2595 1564 2794 1606 unum
2827 1562 3009 1605 versa
3049 1541 3408 1604 multitudo.

1914 1640 2052 1703 Non
2092 1648 2305 1703 autem
2347 1648 2442 1703 est
2471 1662 2654 1704 versa
2695 1643 2759 1704 in
2802 1661 3026 1717 unum,
3059 1641 3184 1704 nisi
3227 1640 3415 1702 colle-

1917 1740 2125 1802 ctione
2167 1747 2231 1801 et
2272 1741 2654 1803 adunatione
2701 1741 2766 1802 in
2817 1760 3016 1803 unum
3067 1740 3238 1823 quod
3288 1747 3415 1801 tota

336 1838 429 1897 det
456 1840 725 1901 mundus
765 1838 1087 1901 sensibilis
1127 1846 1429 1921 tanquam
1470 1860 1669 1901 unum
1702 1859 1806 1902 ex·
1836 1836 1884 1897 B
1918 1838 2025 1900 illa
2085 1837 2430 1901 multitudo
2487 1840 2918 1901 communicat
2965 1839 3100 1901 sive
3158 1837 3413 1921 partici-

334 1937 659 2018 emplatum
692 1937 1195 2019 completum.Et
1224 1939 1499 1999 sumitur
1532 1938 1806 2000 mundus

332 2035 633 2097 sensibilis
664 2036 854 2116 large,
888 2042 1077 2117 prout
1106 2037 1388 2099 continet
1420 2036 1484 2097 in
1516 2054 1582 2097 se
1614 2036 1805 2098 etiam

334 2133 670 2214 spirituales
728 2134 1132 2197 substantias.
1188 2134 1361 2196 Unde
1411 2134 1462 2197 si
1516 2134 1655 2198 aliae
1708 2154 1807 2197 res

335 2240 675 2293 crearentur
722 2239 830 2294 aut
879 2232 1131 2305 fierent,
1172 2233 1249 2294 ad
1302 2234 1613 2295 mundum
1670 2253 1810 2295 sen-

336 2329 566 2391 sibilem
630 2330 1039 2411 pertinerent.
1100 2330 1299 2392 Aliter
1361 2350 1511 2394 vero
1573 2332 1809 2394 dicitur

340 2446 519 2489 unum
557 2428 635 2489 de
677 2446 1061 2510 unoquoque
1102 2438 1333 2503 creato,
1365 2430 1523 2511 quia
1557 2448 1683 2492 non
1720 2430 1810 2492 di-

336 2524 415 2585 cit
451 2526 751 2588 rationem
790 2526 1053 2589 omnino
1091 2526 1359 2610 perfecti
1400 2528 1465 2590 in
1506 2527 1811 2591 conditio-

338 2641 411 2683 ne
438 2642 539 2686 seu
571 2624 635 2685 in
667 2625 905 2687 ratione
936 2625 1103 2687 entis
1134 2626 1574 2699 creationum
1605 2627 1810 2708 itaque

342 2722 592 2783 mundus
622 2722 789 2783 dicat
819 2722 974 2804 quid
1006 2723 1216 2798 totale,
1252 2724 1644 2798 universum,
1676 2744 1813 2807 per-

340 2818 579 2890 fectum,
618 2821 859 2902 optime
908 2820 1270 2883 ordinatum
1312 2823 1391 2884 ad
1436 2842 1623 2885 suum
1673 2841 1812 2905 pro-

339 2918 647 2981 ductivum
690 2918 1105 3001 principium,
1136 2938 1264 2983 non
1309 2928 1405 2983 est
1448 2920 1572 2982 nisi
1622 2940 1805 2983 unus.

340 3016 468 3079 Haec
503 3017 869 3079 Alexander.

414 3115 775 3177 Guillelmus
832 3115 1203 3178 parisiensis
1263 3116 1471 3198 primo
1524 3116 1687 3180 libro
1734 3118 1812 3181 de

342 3214 623 3277 Universo
672 3234 687 3278 :
739 3214 1104 3296 Aggrediar,
1157 3215 1387 3297 inquit,
1434 3216 1813 3297 investigare

345 3312 415 3373 de
456 3314 687 3377 unitate
738 3313 1041 3386 universi,
1086 3320 1149 3375 et
1191 3314 1357 3394 quod
1409 3315 1685 3375 mundus
1733 3314 1816 3375 sit

346 3430 505 3472 unuS.
554 3412 703 3474 Dico
762 3429 931 3491 erge,
983 3410 1152 3491 quod
1211 3428 1399 3473 omne
1461 3418 1660 3472 totum
1720 3419 1816 3473 est

350 3525 549 3581 unum,
582 3516 649 3569 ut.
679 3515 852 3589 patet
879 3527 955 3570 ex
990 3507 1231 3569 ratione
1263 3514 1322 3568 et
1356 3506 1614 3568 nomine
1652 3506 1811 3586 ejus,

350 3603 547 3666 Totum
598 3623 873 3686 namque
914 3612 977 3665 et
1018 3624 1165 3685 pars
1213 3604 1474 3667 relative
1517 3604 1819 3666 dicuntur

350 3702 417 3763 ad
456 3702 743 3776 invicem,
778 3709 841 3764 et
886 3710 1087 3765 totum
1131 3702 1464 3766 verissime
1510 3702 1819 3765 definitur

348 3818 471 3863 esse
514 3802 661 3883 quid
709 3802 1057 3863 adunatum
1110 3822 1185 3865 ex
1234 3802 1541 3884 partibus,
1589 3801 1817 3883 Aggre-

350 3900 495 3978 gatio
522 3910 729 3963 autem
761 3908 820 3963 et
852 3901 1151 3963 adunatio
1182 3920 1307 3964 non
1338 3909 1435 3963 est
1463 3901 1589 3963 nisi
1619 3902 1818 3963 unitio

355 3999 524 4077 partis
568 4008 630 4061 et
676 4000 875 4081 partis
935 4000 1291 4080 partiumve
1340 4000 1417 4061 ad
1470 3999 1745 4061 invicem
1800 4018 1813 4061 :

355 4114 475 4176 quae
516 4117 731 4160 rursus
781 4097 1008 4173 unitio,
1054 4098 1263 4159 unitas
1310 4105 1406 4159 est
1454 4098 1667 4160 totiuS.
1716 4098 1818 4161 Sic

1918 1944 2041 2017 pat.
2078 1936 2180 1999 Sic
2212 1944 2276 1998 et
2309 1937 2688 2000 universitas
2721 1937 2968 1999 entium
3009 1944 3418 2017 nuncupatur

1917 2043 2044 2097 tota
2094 2036 2436 2098 multitudo
2483 2044 2672 2118 atque
2722 2036 3146 2098 communitas
3202 2053 3416 2097 rerum

1919 2152 2059 2215 quae
2088 2132 2209 2195 sub
2252 2152 2379 2196 uno
2411 2153 2548 2197 esse
2583 2135 2753 2216 quod
2794 2134 3152 2216 participat,
3186 2133 3418 2196 aduna-

1919 2239 2022 2292 tur
2050 2239 2241 2313 atque
2274 2232 2610 2313 colligitur.
2636 2268 2715 2277 —
2745 2232 3069 2306 Praeterea,
3094 2231 3260 2293 sicut
3289 2249 3416 2294 non

1921 2329 2090 2411 capit
2135 2330 2496 2392 intellectus
2544 2331 2672 2393 duo
2717 2332 2952 2405 omnia,
2996 2332 3082 2393 ita
3131 2349 3248 2392 nec
3290 2330 3417 2391 duo

1920 2436 2049 2491 tota
2077 2447 2189 2490 seu
2227 2428 2524 2491 universa
2561 2429 2939 2511 simpliciter
2972 2449 2986 2493 ε
3021 2431 3150 2491 imo
3181 2429 3234 2491 si
3266 2428 3417 2491 talia

1920 2532 2131 2586 essent
2158 2525 2306 2599 duo,
2339 2525 2590 2587 nullum
2625 2544 2846 2589 eorum
2876 2535 3042 2589 esset
3076 2533 3276 2589 totum
3307 2534 3419 2588 aut

1922 2623 2314 2685 universum.

2002 2722 2218 2804 ltaque
2271 2722 2640 2784 universum
2701 2742 2814 2785 seu
2863 2724 3164 2798 mundus,
3215 2744 3418 2786 unum

1921 2827 2017 2881 est
2046 2838 2229 2902 opuS‚
2264 2840 2464 2883 unum
2505 2820 2854 2883 artificium
2896 2841 3149 2904 unaque
3179 2821 3420 2885 fabrica

1924 2918 2256 2993 CreatoriS‚
2307 2920 2472 2982 sicut
2529 2919 2722 2981 etiam
2782 2920 2919 3002 ipse
2978 2939 3146 2982 unus
3191 2929 3308 2996 est,
3358 2930 3421 2983 et

1840 3016 1884 3081 G
1924 3036 2127 3079 unum
2157 3018 2550 3100 principium
2592 3036 2884 3101 unusque
2915 3018 3057 3081 fons
3099 3020 3420 3080 universa-

1926 3114 2003 3177 lis
2043 3116 2479 3179 emanationis
2513 3116 2642 3179 Nec
2680 3117 2854 3180 enim
2893 3117 3068 3179 aliud
3107 3124 3204 3179 est
3244 3135 3422 3177 mun-

1924 3214 2042 3275 dus
2086 3233 2280 3295 quam
2323 3214 2741 3277 redundantia
2783 3215 3072 3297 quaedam
3125 3213 3316 3296 primi
3360 3221 3424 3274 et

1926 3311 2301 3373 universalis
2347 3311 2540 3374 fontis
2580 3313 2774 3374 totius
2819 3313 3141 3387 bonitatis,
3173 3320 3237 3373 et.
3273 3311 3422 3373 arti-

1925 3408 2149 3470 ficium
2190 3410 2342 3471 artis
2381 3428 2456 3471 ac
2494 3410 2820 3492 sapientiae
2860 3411 3000 3491 ejus
3035 3431 3048 3475 :
3083 3411 3252 3492 quod
3296 3410 3423 3472 evi-

1925 3507 2147 3568 denter
2189 3507 2464 3569 ostendit
2506 3507 2694 3570 decor
2735 3517 2800 3570 et
2840 3508 3252 3571 mirificentia
3293 3527 3421 3571 non

1926 3605 2132 3667 solum
2196 3604 2626 3667 universitatis
2680 3608 2895 3681 totiuS,
2948 3626 3170 3669 verum
3225 3608 3420 3669 etiam

1924 3722 2192 3785 operum
2234 3703 2654 3783 singulorum,
2687 3722 2961 3785 quorum
3000 3705 3424 3785 investigatio-

1926 3802 1992 3862 ni
2035 3809 2097 3862 et
2137 3802 2538 3864 admirationi
2583 3820 2700 3863 nec
2742 3802 3318 3865 eruditissimorum
3360 3810 3424 3864 et

1926 3898 2494 3962 subtilissimorum
2542 3901 2828 3963 virorum
2888 3901 3134 3963 sufficit
3184 3902 3425 3963 intelle-

1928 4005 2086 4059 ctuS.
2111 4033 2193 4042 -
2221 3999 2490 4060 Mundus
2532 3998 2744 4081 itaque
2774 4007 2868 4061 est
2901 4000 3080 4081 quasi
3111 4000 3422 4081 scriptum

1927 4096 2195 4157 verbum
2247 4114 2374 4177 quo
2421 4096 2585 4158 Deus
2646 4098 2930 4179 loquitur
2981 4097 3418 4178 semetipsum,

358 4212 579 4275 quoque
609 4196 928 4257 interdum
969 4196 1245 4257 sumitur
1272 4216 1481 4266 omne,
1514 4204 1584 4257 ut
1613 4216 1811 4277 quum
1846 4196 1897 4258 D
1929 4211 2053 4255 non
2106 4202 2316 4256 tamen
2370 4195 2686 4257 locutione
2734 4194 3035 4277 perfecta,
3078 4213 3278 4276 quum
3328 4195 3424 4257 in-

360 4290 411 4353 in
452 4293 649 4374 primo
697 4294 916 4356 Timaei
976 4294 1258 4374 loquitur
1309 4294 1481 4356 Plato
1532 4314 1545 4357 ε
1598 4294 1821 4356 Dicen-

358 4388 483 4452 dum
513 4409 623 4452 cur
652 4392 941 4454 conditor
969 4392 1349 4471 genitorque·
1377 4392 1655 4454 universi
1688 4410 1821 4455 om-

359 4506 423 4548 ne
450 4488 580 4563 hoc,
604 4490 667 4551 id
698 4496 795 4551 est
828 4497 1027 4551 totum
1062 4490 1455 4565 universum,
1492 4490 1822 4552 instituen-

356 4584 487 4648 dum
517 4587 1405 4670 putaverit.Quemadmodum
1437 4606 1585 4668 ergo
1621 4608 1820 4670 quum

358 4681 411 4743 in
454 4703 825 4767 unoquoque
874 4686 1110 4747 dicitur
1158 4692 1383 4759 totum,
1438 4686 1599 4747 nihil
1647 4694 1821 4747 extra

358 4782 707 4864 relinquitur
737 4784 905 4865 quod
940 4802 1084 4865 pars
1116 4783 1289 4845 illius
1326 4784 1526 4865 possit
1554 4784 1763 4846 vocari
1803 4802 1816 4846 :

359 4876 429 4939 ita
465 4901 653 4962 quum
696 4883 973 4944 mundus
1017 4902 1130 4944 seu
1176 4883 1545 4945 universum
1589 4883 1823 4944 dicitur

358 4983 554 5051 totum,
604 4981 813 5043 omnis
862 4980 929 5041 in
977 4996 1055 5043 eo
1102 4989 1389 5043 creatura
1438 4980 1816 5059 includitur3

360 5073 501 5137 sicut
538 5078 643 5159 qui
690 5078 849 5140 dicit
897 5078 1376 5140 universitatem
1419 5078 1818 5152 animalium,

364 5188 525 5237 omne
560 5176 789 5239 animal
834 5176 1319 5258 comprehendit
1358 5177 1535 5239 nullo
1578 5176 1816 5239 relicto.

368 5268 474 5333 Nec
506 5275 789 5357 prohibet
826 5275 947 5338 hoc
986 5275 1397 5337 contrarietas
1438 5275 1821 5357 aliquorum.

1926 4291 2111 4353 finite
2160 4291 2419 4353 deficiat
2457 4312 2494 4353 a
2539 4294 3091 4374 repraesentatione
3140 4293 3424 4375 plenaria

1927 4390 2427 4471 omnipotentiae,
2446 4390 2774 4471 sapientiae
2803 4399 2866 4453 et
2893 4392 3110 4473 gloriae
3141 4412 3290 4467 suae,
3312 4394 3421 4455 sed

1928 4496 2117 4571 prout
2162 4506 2388 4569 capere
2447 4488 2672 4569 potuit.
2725 4490 3004 4552 Verbum
3053 4509 3203 4554 vero
3251 4499 3425 4554 aeter-

1927 4606 2083 4649 num
2132 4594 2230 4649 est
2274 4585 2554 4667 perfecta
2595 4605 2668 4648 ac
2713 4586 2901 4668 plena
2946 4589 3144 4650 Patris
3191 4589 3419 4671 image,

1926 4703 2053 4767 quo
2084 4685 2273 4767 plene
2303 4686 2567 4747 omnino
2597 4703 2664 4747 se
2692 4684 3012 4766 exprimit.
3030 4686 3140 4748 Est
3169 4704 3422 4768 quoque

1931 4784 2299 4846 universum
2330 4784 2451 4845 hoc
2483 4783 2664 4865 quasi
2695 4784 3010 4865 scriptura
3038 4792 3101 4845 et
3132 4783 3294 4846 liber
3324 4803 3426 4847 co-

1928 4900 2063 4943 ram
2123 4882 2391 4963 posituS‚
2446 4882 2510 4943 in
2570 4898 2696 4963 quo
2755 4881 3077 4944 rationalis
3137 4891 3426 4945 creatura

1926 4980 2212 5041 addiscat
2254 4999 2328 5041 ac
2373 4980 2581 5042 videat
2625 4980 2724 5041 sui
2775 4979 3319 5060 magnificentiam
3362 4991 3426 5044 et

1928 5078 2341 5140 eminentiam
2374 5078 2682 5140 Creatoris
2717 5095 2730 5139 :
2767 5078 2933 5139 unde
2965 5086 3230 5153 constat,
3254 5081 3426 5160 quod

1927 5183 2131 5239 totum
2172 5176 2500 5238 ordinetur
2530 5184 2591 5238 et
2623 5184 3059 5257 congregetur,
3093 5196 3424 5259 unumque

1929 5275 2012 5337 sit
2050 5293 2165 5358 per
2206 5274 2742 5356 comparationem
2784 5276 2862 5336 ad
2906 5274 3138 5356 ipsum.
