4334 6242
562 1691 605 1732 p.
632 1680 711 1720 272
724 1676 770 1720 B.

817 477 937 544 284

1498 497 1562 544 ΙΝ
1602 499 1825 546 LIBRUM
1864 498 1909 544 11
1951 497 2433 544 SENTENTIARUM.
2481 517 2561 528 -·
2602 500 2754 546 msT.
2803 501 2903 564 1v;
2948 500 3170 557 QUAEST.
3221 497 3240 546 Ι

816 667 973 731 tiam
1010 686 1025 731 ε
1059 689 1250 751 quam
1296 688 1424 732 non
1469 669 1821 748 habebant3
1864 670 2005 732 ideo
2048 687 2178 732 non
2221 669 2316 731 fu·
2343 667 2394 730 A
2426 671 2534 752 qui
2594 671 2800 752 angeli
2863 671 3100 734 conditi
3159 678 3307 734 sunt
3365 670 3556 746 beati,
3619 670 3938 754 quoniam

818 776 1007 832 erunt
1048 768 1214 831 beati
1262 768 1659 850 simpliciter.
1704 770 1845 832 Haec
1888 769 2126 831 PetruS.

897 868 1067 929 Idem
1100 868 1447 930 Richardus
1477 885 1490 928 :
1516 867 1727 930 Gloria
1754 867 2031 949 (dicens)
2060 867 2315 949 proprie

818 965 1109 1027 consistit
1153 967 1216 1026 in
1264 967 1433 1028 clara
1470 973 1533 1027 et
1573 966 1938 1028 immediata
1979 965 2090 1027 Dei
2129 965 2318 1027 visio-

816 1083 919 1137 ne,
954 1073 1015 1126 et
1056 1063 1339 1146 perfecta
1377 1065 1517 1145 ejus
1560 1063 1863 1126 fruitione
1902 1083 1975 1126 ac
2016 1063 2316 1126 tentionis

818 1162 1156 1225 securitate
1216 1182 1229 1225 :
1288 1182 1325 1224 a
1382 1182 1507 1244 qua
1562 1162 1763 1243 gloria
1820 1163 2035 1224 nullus
2093 1162 2316 1223 cadere

818 1268 1044 1342 potest.

898 1359 1165 1440 Insuper
1204 1358 1429 1440 quaerit
1468 1359 1837 1431 Richardus,
1874 1365 2087 1419 utrum
2132 1357 2318 1439 quili—

822 1455 931 1518 bet
969 1457 1230 1538 angelus
1278 1457 1457 1538 prius
1494 1457 1717 1518 ordine
1761 1463 2001 1519 naturae
2044 1456 2317 1518 naturali

825 1556 1184 1636 cognitione
1226 1555 1607 1618 intellexerit
1638 1574 1705 1616 se
1739 1574 1931 1637 quam
1970 1556 2191 1617 Deum.
2225 1555 2316 1616 Ad

827 1654 995 1735 quod
1028 1654 1365 1734 respondet
1396 1655 1564 1735 quod
1594 1654 1709 1726 sie,
1742 1654 1905 1716 sicut
1938 1653 2319 1735 praecedenti

828 1752 1234 1815 distinetione
1276 1772 1651 1834 responsum
1694 1759 1808 1814 est.

2425 770 2617 831 simul
2653 777 2958 851 tempore,
2991 772 3284 852 quamvis
3321 770 3636 852 posterius
3673 779 3936 844 natura,

2426 868 2666 930 factum
2710 877 2807 931 est
2845 869 3078 931 coelum
3123 877 3187 931 et
3231 870 3360 943 lux,
3396 869 3461 931 id
3503 876 3600 930 est
3641 870 3944 950 angelica

2427 975 2650 1029 natura
2680 967 2971 1030 informis
3002 976 3065 1030 et
3095 968 3382 1030 formata.
3405 968 3526 1030 Sed
3559 968 3674 1030 ista
3704 967 3940 1050 opinio

2426 1065 2761 1147 reprobata
2791 1073 2886 1128 est
2917 1086 3129 1148 supra,
3150 1075 3458 1148 quantum
3491 1068 3569 1128 ad
3603 1067 3722 1128 hoc
3751 1067 3936 1148 quod

2427 1165 2582 1226 dicit
2609 1165 2864 1246 angelos
2898 1166 2962 1226 in
2995 1165 3202 1247 primo
3233 1165 3494 1228 instanti
3526 1165 3722 1227 fuisse
3750 1185 3942 1227 aver-

2428 1282 2549 1326 sos,
2576 1264 2652 1325 Et
2687 1270 2994 1344 quantum
3035 1265 3112 1325 ad
3152 1264 3412 1326 alteram
3454 1272 3720 1344 partem,
3753 1271 3940 1346 patet

2429 1361 2670 1423 falsitas
2723 1380 2836 1443 per
2885 1362 3336 1443 Augustinum,
3387 1363 3464 1424 de
3517 1362 3942 1444 Correptione

2429 1467 2493 1522 et.
2521 1460 2722 1540 gratia
2756 1479 2769 1522 :
2803 1460 2914 1522 ubi
2947 1460 3123 1535 dicit,
3157 1461 3328 1541 quod
3366 1459 3574 1541 angeli
3606 1460 3725 1522 etsi
3757 1459 3940 1522 beati

2431 1557 2580 1619 facti
2622 1565 2792 1630 sunt,
2826 1565 2958 1619 erat
2999 1566 3206 1619 tamen
3247 1558 3456 1620 adhue
3496 1559 3662 1639 quod
3703 1575 3940 1619 eorum

2433 1656 2812 1718 beatitudini
2872 1656 3230 1728 adderetur,
3289 1656 3343 1718 si
3405 1656 3935 1737 permansissent.

2434 1754 2690 1817 Constat
2744 1762 2980 1825 autem,
3030 1755 3200 1835 quod
3254 1754 3632 1816 beatitudini
3687 1761 3750 1815 et
3803 1754 3946 1834 glo-

910 1851 1142 1912 Iterum
1189 1851 1435 1932 quaerit,
1469 1870 1549 1912 an
1594 1850 1865 1932 quilibet
1906 1851 2169 1930 angelus
2218 1871 2322 1911 na·
2359 1855 2405 1917 B
2436 1852 2564 1924 riae,
2599 1871 2796 1932 quum
2833 1852 2916 1914 sit
2948 1851 3362 1926 invariabiliS,
3398 1870 3524 1914 non
3564 1851 3638 1914 sit
3668 1852 3937 1914 additio-

828 1949 1010 2011 turali
1045 1949 1403 2029 cognitione
1435 1949 1663 2010 certius
1695 1949 2005 2011 intellexit
2036 1969 2102 2010 se
2133 1968 2321 2029 quam

830 2050 1049 2110 Deum.
1106 2049 1179 2110 Et
1230 2047 1567 2128 respondet.
1623 2049 1791 2129 quod
1854 2047 2004 2121 imo,
2055 2046 2192 2109 sive
2241 2047 2326 2109 lo-

831 2165 1104 2228 quamur
1152 2147 1229 2208 de
1280 2146 1640 2226 cognitione
1690 2147 1853 2225 quid
1899 2156 2013 2216 esc,
2064 2146 2198 2208 sive
2246 2146 2324 2206 de

832 2244 1189 2324 cognitione
1234 2246 1394 2323 quia
1432 2253 1541 2305 esc.
1576 2244 1853 2306 Naturali
1896 2243 2067 2305 enim
2113 2243 2326 2324 cogni-

832 2343 1003 2406 tione
1061 2343 1355 2423 cognovit
1411 2344 1609 2404 Deum
1667 2361 1780 2424 per
1833 2343 1951 2404 hoc
2002 2343 2169 2423 quod
2226 2359 2326 2403 eo-

832 2442 1049 2522 gnovit
1098 2462 1165 2503 se
1218 2461 1231 2505 :
1284 2441 1503 2522 sicque
1554 2441 1831 2522 cognitio
1878 2442 1975 2502 sui
2036 2441 2330 2522 pra-stitit

834 2541 1278 2602 certitudinem
1326 2541 1671 2620 cognitioni
1722 2540 2002 2603 alterius.
2046 2540 2190 2602 Haec
2231 2539 2330 2602 Ri-

835 2639 1125 2700 charduS.
1159 2673 1239 2683 —
1270 2637 1381 2700 Cui
1428 2637 1621 2718 objici
1669 2645 1897 2720 potest,
1942 2637 2107 2719 quod
2148 2637 2331 2718 juxta

834 2735 1204 2818 praehabita,
1246 2736 1412 2797 Deus
1461 2754 1586 2797 non
1641 2742 1845 2817 potest
1892 2734 2151 2815 eogitari
2203 2753 2329 2796 non

835 2853 992 2896 esse.
1036 2834 1293 2906 Iterum,
1338 2833 1629 2914 pluribus
1680 2841 1743 2895 et
1787 2832 2330 2896 infallibilioribus

836 2931 1189 2994 rationibus
1232 2931 1494 3011 angelus
1544 2931 1730 2992 scivit
1773 2932 1970 2993 Deum
2018 2950 2177 3004 esse,
2220 2950 2331 2992 seu

2435 1951 2576 2012 Haec
2619 1951 3075 2012 Bonaventura.

2517 2050 2738 2111 Scotus
2770 2049 3029 2110 demum
3068 2048 3172 2110 hic
3205 2049 3488 2130 loquitur
3521 2068 3536 2112 :
3569 2048 3788 2130 Angeli
3829 2049 3951 2111 bo-

2437 2148 2500 2209 ni
2545 2148 2608 2209 in
2655 2148 2864 2228 primo
2905 2167 3034 2209 suae
3075 2147 3411 2209 creationis
3451 2147 3710 2209 instanti
3757 2156 3950 2229 potu-

2439 2253 2626 2309 erunt
2671 2265 2809 2308 esse
2860 2245 3047 2306 beati.
3105 2246 3435 2307 Beatitudo
3482 2265 3756 2327 namque
3807 2263 3946 2307 non

2439 2352 2645 2426 potest
2675 2343 2880 2405 inesse
2921 2351 3224 2406 creaturae
3266 2344 3480 2425 capaci
3523 2343 3948 2406 beatitudinis

2438 2443 2560 2505 nisi
2610 2462 2645 2503 a
2695 2442 2841 2503 Deo.
2895 2442 3058 2522 Ergo
3109 2442 3173 2503 in
3222 2459 3628 2524 quocumque
3677 2441 3944 2503 instanti

2441 2547 2642 2623 potest
2689 2541 2823 2602 dari
2867 2559 2906 2601 a
2947 2541 3074 2601 Deo
3118 2548 3307 2622 atque
3353 2540 3561 2602 inesse
3610 2547 3946 2612 creaturae,

2440 2646 2647 2720 potest
2689 2657 2827 2700 esse
2879 2645 3166 2700 creatura
3214 2638 3415 2700 beata.
3461 2638 3581 2700 Sed
3629 2655 3746 2720 pro
3787 2656 3954 2718 quo—

2440 2755 2715 2818 cumque
2758 2737 3018 2797 instanti
3065 2737 3271 2818 potuit
3309 2755 3446 2800 eam
3493 2737 3659 2799 Deus
3698 2736 3956 2798 confer-

2442 2853 2530 2903 re,
2565 2841 2626 2895 et
2669 2840 2796 2895 tam
2851 2833 3011 2895 bene
3058 2835 3124 2895 in
3176 2834 3384 2916 primo
3431 2834 3713 2908 instanti,
3759 2842 3828 2895 ut
3877 2835 3950 2895 in

2443 2932 2722 2994 secundo
2752 2931 2850 2993 vel
2886 2933 3108 3010 terti03
3149 2931 3354 2993 bonus
3391 2950 3644 3013 quoque
3679 2932 3954 3012 angelus

839 3031 989 3113 quia
1031 3037 1147 3104 est,
1192 3049 1382 3111 quam
1434 3048 1500 3091 se
1550 3049 1707 3092 esse.
1742 3031 2003 3102 RursuS,
2048 3031 2213 3092 Deus
2256 3049 2332 3090 ex
2369 3031 2412 3094 C
2444 3029 2730 3112 quolibet
2775 3029 3034 3091 instanti
3083 3029 3181 3091 sui
3227 3048 3386 3103 esse,
3430 3028 3553 3091 fuit
3597 3029 3796 3111 ipsius
3843 3049 3955 3091 ca-

836 3149 951 3192 sua
980 3136 1203 3191 natura
1234 3147 1377 3189 cum
1411 3147 1662 3189 summa
1698 3128 2076 3190 certitudine
2106 3145 2334 3208 eogno-

838 3227 1287 3290 scibilissimus
1330 3235 1425 3288 est
1466 3244 1479 3287 :
1524 3235 1585 3288 et
1630 3227 1923 3309 quamvis
1971 3225 2156 3288 nobis
2206 3245 2334 3288 non

838 3326 922 3387 sit
970 3324 1057 3387 ita
1104 3324 1455 3386 certissime
1504 3332 1714 3396 notuS,
1764 3333 1953 3405 atque
2003 3323 2335 3385 notissime

840 3432 1072 3497 certuS,
1106 3431 1413 3505 quantum
1459 3424 1537 3484 ad
1582 3423 1734 3504 quid
1780 3429 1895 3494 est,
1937 3422 2018 3484 ob
2064 3442 2194 3484 suae
2235 3441 2334 3483 ac—

839 3521 1147 3584 tualitatis
1205 3539 1573 3598 excessum3
1626 3527 1835 3582 tamen
1886 3529 2196 3602 quantum
2257 3520 2336 3582 ad

841 3621 991 3701 quia
1020 3627 1137 3693 est,
1172 3637 1296 3681 non
1339 3619 1589 3680 excedit
1618 3626 1847 3680 nostrae
1879 3617 2109 3680 mentis
2150 3618 2338 3680 intui-

843 3727 1001 3790 tum,
1035 3737 1233 3800 quum
1278 3717 1411 3798 ipse
1444 3717 1507 3778 in
1540 3716 1713 3778 omni
1753 3735 1867 3779 suo
1897 3716 2132 3778 effect-u
2170 3716 2338 3777 clare

842 3816 1410 3898 multipliciterque
1453 3815 1729 3876 reluceat
1760 3815 1962 3896 quoad
2004 3815 2142 3876 hoe.
2179 3813 2337 3876 Hinc

842 3914 967 3976 dici
1016 3914 1175 3976 solet
1222 3933 1235 3976 :
1285 3913 1819 3994 quemadmodum
1875 3911 2033 3975 nihil
2086 3913 2338 3974 incerti-

843 4031 918 4074 us
950 4010 1789 4093 incomprehensibiliusque
1821 4009 2338 4091 consistit,quam

843 4111 998 4192 quid
1037 4109 1121 4172 sit
1150 4111 1356 4188 Deus;
1396 4109 1489 4170 sic
1530 4109 1691 4170 nihil
1733 4109 1966 4170 certius
2006 4116 2069 4170 et
2106 4109 2338 4169 clarius

2447 3148 2584 3210 pax.
2621 3163 2699 3173 —
2727 3127 3016 3190 Attamen
3065 3126 3272 3207 angeli
3315 3127 3468 3189 boni
3511 3145 3636 3189 non
3683 3127 3951 3189 suerunt

2446 3227 2524 3288 de
2568 3226 2734 3287 sacto
2782 3225 2951 3287 beati
2997 3226 3059 3286 in
3105 3225 3314 3306 primo
3357 3225 3638 3298 instanti,
3681 3225 3832 3306 quia
3879 3235 3951 3287 ut

2445 3325 2533 3386 ait
2562 3323 2953 3404 Augustinus
2985 3331 3210 3404 quarto
3238 3342 3432 3404 super
3461 3323 3780 3391 Genesim.
3815 3341 3952 3386 non

2448 3423 2592 3504 plus
2621 3421 3020 3484 discernebat
3049 3423 3214 3483 Deus
3245 3421 3445 3484 bonos
3475 3441 3511 3482 a
3541 3421 3958 3502 maliS,quam

2449 3539 2562 3602 pro
2606 3528 2757 3582 tune
2809 3527 2986 3581 erant
3029 3520 3285 3581 discreti
3339 3519 3502 3581 inter
3551 3537 3638 3581 se.
3685 3519 3745 3581 Si
3795 3537 3958 3600 ergo

2449 3618 2718 3679 fuissent
2758 3617 2925 3678 beati
2972 3617 3036 3678 in
3081 3617 3290 3698 primo
3334 3616 3442 3678 illo
3482 3616 3763 3690 instanti,
3797 3635 3960 3698 ergo

2448 3735 2668 3779 omnes
2714 3715 2983 3777 fuissent
3022 3715 3212 3787 beati,
3248 3715 3548 3796 quoniam
3595 3715 3958 3777 uniformes

2449 3823 2627 3877 erant
2675 3815 2866 3876 creati
2924 3833 2937 3877 :
2991 3813 3210 3895 sicque
3259 3813 3474 3875 nullus
3522 3830 3742 3874 eorum
3801 3833 3958 3894 pec-

2450 3919 2673 3985 casset,
2725 3930 2924 3992 quum
2985 3910 3297 3973 certitudo
3344 3911 3830 3973 assecurationis
3887 3921 3951 3972 et

2451 4010 2854 4073 confirmatio
2886 4010 2948 4071 in
2984 4009 3172 4083 bono,
3205 4009 3282 4070 ad
3325 4008 3782 4071 beatitudinem
3817 4009 3959 4070 exi-

2449 4116 2695 4190 gantur.

844 4216 961 4282 est,
994 4227 1184 4291 quam
1230 4209 1429 4270 Deum
1475 4227 1628 4270 esse.
1664 4208 1837 4269 Unde
1878 4208 1957 4268 ad
2000 4207 2212 4269 minus
2253 4206 2341 4267 vi·
2372 4206 2421 4267 D
2533 4207 2655 4269 Sed
2683 4205 2878 4287 objici
2920 4213 3144 4287 potest.
3179 4204 3400 4286 Angeli
3435 4205 3606 4267 enim
3641 4205 3704 4267 in
3739 4204 3958 4286 primo

844 4309 1031 4370 detur
1078 4307 1441 4378 dicendum,
1486 4307 1651 4386 quod
1703 4305 2027 4367 extensive
2076 4305 2340 4386 loquen-

846 4407 947 4480 do,
970 4406 1232 4486 angelus
1262 4405 1497 4466 certius
1527 4404 1704 4466 novit
1736 4404 1934 4465 Deum
1966 4422 2127 4476 esse,
2146 4421 2339 4484 quam

846 4523 931 4566 se.
967 4505 1128 4566 Reor
1168 4510 1381 4564 autem
1425 4503 1592 4584 quod
1637 4502 1826 4563 etiam
1874 4501 2206 4563 intensive.

926 4601 1219 4682 Amplius
1248 4601 1687 4662 Bonaventura
1711 4617 1724 4660 :
1750 4599 2175 4673 Quorumdam
2200 4599 2343 4679 (ait)

846 4700 1064 4782 opinio
1105 4699 1247 4772 ruit,
1280 4699 1447 4780 quod
1488 4698 1692 4779 angeli
1736 4698 1798 4760 in
1842 4698 2049 4779 primo
2083 4697 2343 4758 instanti

847 4819 976 4861 suae.
1016 4797 1351 4860 creationis
1394 4796 1649 4858 suerunt
1693 4796 1756 4856 in
1800 4804 1945 4857 actu
1985 4795 2344 4857 conversio-

848 4897 949 4959 nis
997 4904 1060 4958 et
1108 4895 1455 4958 aversionis
1492 4901 1601 4956 :et
1649 4893 1814 4955 sicut
1862 4894 1928 4955 in
1979 4894 2188 4975 prima
2237 4892 2345 4953 illa

847 4995 1176 5058 aversione
1218 4994 1446 5068 aversi,
1479 4992 1859 5055 aeternaliter
1902 5000 2049 5054 sunt
2088 4993 2347 5053 damna-

850 5097 934 5167 ti3
978 5096 1065 5157 ita
1101 5095 1165 5156 in
1204 5093 1411 5176 prima
1453 5093 1559 5153 illa
1590 5092 2002 5154 conversione
2032 5090 2345 5163 conversi,

850 5194 1232 5258 aeternaliter
1272 5200 1419 5254 sunt
1458 5191 1817 5272 glorificati.
1854 5191 1930 5251 Et
1970 5191 2088 5252 hoc
2127 5188 2351 5250 dieunt

852 5291 1200 5354 intendisse
1238 5291 1686 5372 Augustinum,
1722 5288 1991 5350 dicendo
2030 5287 2199 5369 quod
2242 5287 2351 5348 ali-

2454 4303 2712 4365 instanti
2753 4301 3014 4362 fuerunt
3053 4300 3223 4362 beati
3267 4300 3659 4362 beatitudine
3703 4308 3960 4362 natura-

2455 4402 2520 4472 li,
2554 4417 2704 4480 ergo
2734 4406 2797 4461 et
2825 4399 3219 4461 beatitudine
3251 4398 3714 4480 supernaturali
3752 4418 3765 4460 :
3800 4417 3962 4479 quo-

2453 4501 2626 4562 niam
2693 4517 2881 4560 causa
2948 4497 3446 4579 supernaturalis
3513 4496 3954 4571 beatitudiniS,

2455 4598 2700 4661 scilicet
2730 4595 3259 4670 Deu8,et't'icacior
3288 4604 3384 4657 est
3414 4614 3598 4657 causa
3627 4595 3962 4657 beatitudi-

2454 4697 2555 4759 nis
2599 4695 2926 4768 naturaliS,
2960 4715 3100 4776 quae
3145 4693 3268 4756 fuit
3311 4693 3448 4776 ipsa
3495 4713 3675 4756 mens
3718 4693 3954 4774 angeli,

2455 4813 2566 4856 seu
2601 4813 2789 4856 causa
2830 4793 3134 4855 naturalis
3166 4799 3393 4854 creata.
3429 4792 3607 4865 Item,
3643 4792 3707 4853 in
3745 4793 3959 4874 primo

2457 4893 2717 4954 instanti
2750 4891 3010 4954 fuerunt
3043 4891 3106 4953 in
3138 4891 3359 4971 gratia,
3396 4898 3463 4951 ut
3495 4889 3776 4971 patebit:
3805 4907 3959 4972 ergo

2459 4991 2524 5053 in
2565 4991 2788 5052 eodem
2828 4990 3089 5050 fuerunt
3133 4988 3194 5048 in
3235 4987 3454 5068 gloria,
3499 4987 3651 5070 quia
3693 4988 3959 5070 angelus

2459 5090 2596 5152 sine
2647 5089 2936 5150 discursu
3001 5087 3458 5168 perfectionem
3515 5105 3696 5147 suam
3749 5087 3962 5149 conle-

2459 5187 2608 5250 stim
2660 5186 3072 5266 consequitur
3123 5184 3338 5245 habita
3391 5185 3809 5265 dispositione
3865 5205 3960 5247 re-

2461 5285 2717 5367 quisita.
2769 5319 2850 5330 —
2897 5283 3248 5346 Dicendum
3302 5282 3378 5344 ad
3429 5282 3733 5364 primum,
3785 5283 3958 5366 quod

4001 1089 4056 1132 p.
4085 1079 4178 1119 23ss
4191 1075 4268 1120 Αἱ
