4334 6242
674 522 898 579 QuAEs'r.
932 525 971 568 V
1004 522 1018 569 2
1052 522 1138 570 ΑΝ
1180 522 1478 572 mmmm-:s
1523 521 1829 570 NA'runAu
1870 520 2126 571 vmwm
2169 521 2420 570 Posslm·
2462 522 2624 575 VERA
2665 520 2975 570 umActJLA
3017 519 3251 569 FACERE

3400 497 3520 566 419

413 692 566 773 quia
627 693 761 756 haec
823 693 1200 757 abstrahunt
1260 694 1542 756 animam
1609 692 1690 755 ab
1747 700 1915 755 exte·
1943 691 1996 756 A
2027 712 2192 767 sum,
2225 701 2415 776 atque
2460 693 2527 755 in
2571 692 2982 774 cogitationes
3020 711 3093 755 ac
3131 691 3327 755 verba
3372 690 3522 752 alie·

413 790 715 866 rioribus,
775 792 1181 875 propriisque
1238 791 1634 874 (τοι-1101111113,
1696 792 1916 873 sicque

411 890 861 970 approximant
890 909 1032 952 eam
1073 888 1465 952 irradiationi
1503 888 1665 950 lucis
1695 907 1915 972 super-

415 1006 529 1049 nae.
565 986 992 1052 conformiter
1021 988 1124 1051 isti
1158 988 1401 1061 dicunt,
1435 1003 1666 1069 pueros
1699 994 1762 1047 et
1793 986 1914 1049 vir-

411 1084 592 1163 gines
632 1104 747 1168 per
788 1085 1009 1147 talium
1051 1085 1410 1147 lucidorum
1449 1083 1912 1165 inspectionem

412 1181 492 1243 ab
531 1183 958 1246 exterioribus
996 1182 1390 1245 reverberari
1428 1200 1502 1244 ac
1542 1182 1713 1245 intus
1752 1182 1915 1245 redi·

413 1298 502 1355 re,
554 1280 776 1363 sicque
835 1283 1112 1364 desuper
1173 1280 1527 1359 illustrari;
1579 1280 1916 1363 perpaucis

410 1387 626 1442 tamen
677 1379 989 1460 contingit
1037 1380 1179 1454 hoc,
1221 1380 1332 1461 qui
1382 1398 1513 1463 prae
1563 1379 1790 1442 ceteris
1839 1398 1914 1441 ex

414 1478 593 1540 donis
659 1486 902 1542 naturae
959 1479 1550 1560 complexionisque
1613 1477 1914 1559 qualitate

411 1594 484 1638 ac
532 1576 888 1640 elevatione
937 1576 1202 1658 ingenii,
1248 1577 1326 1638 ad
1377 1576 1914 1639 illuminationem

412 1673 604 1737 talem
655 1675 857 1757 magis
915 1675 1208 1757 dispositi
1269 1683 1436 1737 sunt.
1491 1675 1568 1737 Et
1620 1675 1915 1757 quamvis

415 1771 546 1836 haec
577 1774 744 1835 dona
773 1774 1115 1856 disponant
1141 1773 1221 1835 ad
1252 1773 1409 1846 haec,
1441 1780 1719 1835 attamen
1751 1774 1914 1835 mul—

2025 791 2300 855 nationis
2330 810 2402 853 ac
2432 792 2825 855 delirationis
2854 791 3351 874 praecipitantur.
3383 790 3525 851 Por-

2025 906 2097 950 ro
2126 888 2237 970 qui
2277 889 2539 971 puritati
2568 907 2641 951 ac
2682 888 3202 971 contemplationi
3242 895 3312 949 ut
3340 888 3523 949 decet

2028 986 2257 1048 intenti
2284 994 2455 1063 sunt,
2488 985 2985 1050 familiaritatem
3025 1004 3099 1048 ac
3132 985 3522 1048 consortium

2027 1084 2399 1165 angelorum
2466 1085 2931 1168 adipiscuntur,
2987 1084 3525 1167 quemadmodum

2028 1182 2106 1245 de
2139 1181 2442 1264 magistro
2472 1201 2586 1246 suo
2618 1183 2872 1247 Socrate
2904 1190 3167 1245 testatus
3198 1190 3295 1245 est
3330 1181 3525 1256 Plato,

2029 1281 2250 1343 dicens
2300 1299 2314 1343 :
2368 1282 2654 1345 Socrates
2702 1282 2785 1345 ob
2833 1282 3151 1363 egregiam
3212 1280 3407 1344 vitam
3467 1286 3531 1343 et

2031 1379 2472 1443 castimoniam
2532 1380 2612 1443 ab
2676 1380 2946 1444 infantia
3008 1398 3247 1442 numen
3306 1377 3532 1441 habuit

2032 1480 2356 1554 comitem,
2390 1479 2453 1541 id
2485 1489 2579 1542 est
2617 1480 2915 1563 spiritum
2956 1480 3195 1542 bonum
3228 1497 3296 1540 se
3336 1478 3531 1541 comi·

2031 1585 2272 1640 tantem
2320 1597 2393 1639 ac
2436 1578 2835 1660 dirigentem.
2875 1578 3119 1641 Tullius
3160 1578 3315 1639 item
3356 1577 3422 1639 in
3463 1576 3534 1638 li-

2031 1675 2146 1740 bro
2194 1694 2311 1740 suo
2359 1677 2436 1739 de
2478 1676 2714 1739 Natura
2756 1678 3021 1740 deorum
3064 1675 3365 1738 disseruit
3406 1692 3421 1737 2
3464 1674 3527 1738 Si

2027 1776 2172 1858 quis
2214 1783 2565 1858 temperate
2602 1784 2889 1839 uteretur
2926 1775 3088 1838 cibis
3126 1792 3201 1837 ac
3244 1774 3524 1856 potibus,

413 1880 480 1934 to
518 1872 666 1954 plus
705 1873 872 1935 dona
907 1872 1124 1954 gratim
1167 1890 1240 1934 ac
1286 1872 1530 1953 puritas
1575 1872 1807 1933 mentis
1851 1879 1914 1933 et
1950 1878 1998 1943 Β
2027 1882 2092 1957 οἰ
2133 1874 2615 1937 immaculatum
2659 1894 2727 1937 se
2770 1875 3139 1949 custodiret,
3174 1873 3525 1957 praesertim

413 1970 556 2033 vitae
591 1987 606 2031 :
639 1990 786 2052 quae
815 1970 1140 2033 interdum
1169 1970 1588 2033 revelationes
1623 1969 1916 2032 obtinent

412 2087 538 2131 non
570 2069 823 2151 petitas,
857 2070 1214 2151 praesertim
1253 2068 1322 2131 in
1351 2068 1454 2131 his
1483 2068 1594 2151 qui
1625 2068 1761 2131 zelo
1791 2069 1924 2130 sin«

414 2186 558 2230 cero
588 2167 848 2231 solliciti
879 2176 1030 2229 sunt
1059 2169 1136 2231 de
1167 2168 1367 2249 gloria
1395 2175 1458 2230 et
1491 2167 1916 2231 honorificen-

413 2265 500 2328 tia
529 2265 843 2329 Creatoris
871 2286 946 2328 ac
988 2266 1372 2328 utilitatibus
1407 2264 1704 2348 publiciS.
1739 2265 1916 2328 Unde

367 2408 382 2429 ‚
415 2362 670 2425 Gabriel
720 2363 969 2426 locutus
1012 2372 1108 2427 est
1151 2364 1393 2426 Danieli
1430 2381 1444 2425 ε
1477 2363 1659 2426 Nunc
1707 2382 1915 2446 egres-

413 2479 520 2524 sus
561 2481 706 2524 sum
743 2470 813 2525 ut
845 2463 1141 2525 docerem
1174 2470 1258 2536 te,
1290 2470 1354 2524 et
1384 2461 1532 2524 veni
1570 2470 1642 2523 ut
1681 2462 1917 2524 indica-

413 2578 545 2621 rem
588 2560 732 2633 tibi,
767 2559 919 2643 quia
960 2560 1060 2623 vir
1101 2560 1564 2623 desideriorum
1608 2579 1694 2623 eS.

477 2658 899 2721 Inveniuntur
927 2658 1131 2721 nihilo
1161 2658 1375 2721 minus
1405 2658 1634 2740 aliquae
1663 2658 1909 2731 animae,

409 2754 644 2837 quibus
685 2756 1055 2837 hujusmodi
1096 2757 1558 2839 superveniunt
1601 2756 1912 2819 irradiati-

408 2871 558 2916 ones
590 2872 670 2917 ex
710 2854 1086 2916 fortitudine
1125 2854 1580 2935 cogitationum
1614 2854 1679 2916 in
1720 2854 1912 2917 rebus

409 2952 820 3027 divinalibuS,
853 2961 1044 3035 atque
1081 2972 1158 3015 ex
1193 2953 1597 3015 vehementia
1634 2953 1913 3016 devotio-

2025 1992 2061 2035 a
2094 1974 2385 2036 venereis
2419 1974 2872 2056 voluptatibus,
2906 1974 3011 2035 hic
3046 1972 3363 2035 consortio
3398 1972 3525 2034 fru-

2025 2081 2239 2134 eretur
2278 2091 2352 2135 ac
2397 2072 2643 2136 visione
2686 2073 2969 2135 deorum.
3012 2072 3242 2135 Anima
3280 2071 3519 2134 etenim

2025 2178 2241 2233 nostra
2287 2171 2353 2233 in
2398 2171 2722 2235 horizonte
2764 2180 2861 2233 est
2907 2178 2971 2233 et
3016 2170 3197 2254 quasi
3242 2170 3526 2234 confinio

2025 2270 2431 2352 superiorum
2472 2290 2545 2333 ac
2591 2270 2986 2333 inferiorum.
3026 2304 3105 2317 -
3144 2268 3359 2352 Neque
3403 2269 3524 2333 hoc

2024 2368 2237 2442 lateat,
2274 2370 2444 2451 quod
2483 2368 2990 2451 inspectionibus
3031 2368 3390 2431 lucidorum
3435 2368 3527 2431 in-

2023 2475 2521 2531 strumentorum
2549 2468 2911 2550 frequenter
2939 2467 3289 2530 admiscent
3317 2486 3385 2529 se
3415 2468 3529 2530 dae-

2025 2583 2269 2639 moneS,
2324 2572 2637 2647 quatenus
2686 2566 2929 2641 fallant,
2979 2574 3089 2628 aut
3140 2566 3363 2627 saltem
3414 2566 3526 2629 illo

2021 2663 2270 2744 fulgore
2310 2664 2528 2727 oculos
2568 2664 2956 2727 intuentium
2994 2664 3239 2726 laedant.
3272 2699 3354 2709 —
3380 2664 3525 2728 Haec

2024 2761 2423 2825 Guillelmus.
2459 2762 2576 2835 Qui
2616 2763 2693 2825 de
2732 2763 2833 2826 his
2874 2762 3077 2825 multa
3116 2762 3527 2846 prosequitur

2022 2866 2085 2921 et
2114 2860 2193 2922 de
2222 2860 2565 2942 generibus
2595 2878 2863 2943 operum
2893 2861 3287 2942 magicorum
3312 2879 3387 2923 ac
3418 2860 3526 2922 mi·

2021 2958 2108 3019 ris
2149 2958 2603 3021 occultissimis
2639 2958 2987 3022 virtutibus
3028 2959 3375 3022 multarum
3414 2978 3521 3025 na-

405 3049 506 3112 nis
550 3050 618 3111 in
657 3050 1050 3113 orationibus
1091 3051 1248 3125 suiS,
1282 3058 1344 3114 et
1380 3070 1458 3113 ex
1501 3051 1724 3113 ardore
1769 3070 1910 3112 san·
1947 3060 1992 3125 C
2025 3058 2326 3119 turalium
2384 3076 2621 3131 rerum,
2674 3058 2975 3121 arborum
3034 3064 3096 3121 et
3151 3058 3518 3135 herbarum,

407 3156 656 3212 ctorum
701 3169 775 3212 ac
822 3149 1080 3232 piorum
1122 3149 1476 3211 affectuum
1524 3149 1761 3231 quibus
1810 3168 1911 3211 su-

405 3246 1058 3328 perjucundissimam
1126 3266 1514 3330 prorsusque
1584 3246 1908 3310 infinitam

406 3346 719 3410 Creatoris
790 3346 1340 3429 pulchritudinem
1417 3346 1903 3428 concupiscunt.

407 3444 682 3529 Galenus
723 3462 878 3507 vero
921 3444 988 3506 in
1031 3443 1198 3507 libro
1239 3444 1317 3506 de
1360 3444 1774 3507 Melancholia
1817 3443 1909 3506 di-

405 3542 492 3603 cit
535 3543 847 3623 quosdam
895 3560 973 3603 ex
1016 3542 1348 3604 desideriis
1391 3541 1629 3604 talibus
1673 3542 1911 3604 melan-

405 3640 729 3703 cholicum
773 3641 1100 3703 incurrere
1145 3640 1442 3703 morbum
1477 3657 1493 3702 :
1525 3640 1634 3721 qui
1684 3640 1909 3722 utique

403 3738 788 3821 desipientia
819 3757 1046 3820 magna
1082 3746 1200 3814 est,
1233 3747 1297 3801 et
1333 3738 1632 3801 alienatio
1661 3758 1698 3801 a
1726 3740 1909 3801 recti-

405 3836 627 3899 tudine
668 3836 1028 3899 intelleetus
1071 3836 1582 3919 discretioneque
1621 3837 1902 3900 rationis,

401 3935 593 3998 Porro
651 3934 1009 3998 laborantes
1065 3935 1185 3998 hoc
1244 3936 1488 4011 morbo,
1548 3935 1908 4017 suscipiunt

407 4035 866 4109 irradiationeS,
927 4053 1150 4097 verum
1211 4035 1618 4117 particulatas
1675 4043 1738 4096 et
1794 4034 1904 4097 de-

405 4141 746 4196 truncatas
781 4134 1177 4216 Quapropter
1214 4133 1414 4196 instar
1449 4134 1904 4216 Prophetarum

2021 3154 2396 3217 animalium
2427 3163 2491 3218 et
2518 3175 2918 3237 gemmarum
2943 3174 2957 3218 ε
2982 3156 3059 3218 de
3090 3156 3326 3238 quibus
3357 3157 3525 3220 infra

2021 3260 2361 3335 tangentur
2401 3254 2726 3317 nonnulla.

2101 3352 2195 3413 Ad
2236 3351 2487 3434 obJecta
2529 3361 2702 3434 patet
2744 3372 2821 3415 ex
2863 3353 3051 3416 dictis
3095 3354 3347 3419 solutio,

2471 3678 2945 3753 QUAESTIO
3011 3678 3073 3743 V

2023 3938 2349 4145 QUinto
2398 3944 2721 4026 quaeritur,
2766 3944 2897 4011 An
2943 3945 3335 4014 doemones
3380 3962 3515 4015 na·

2180 4042 2429 4109 tui-ali
2456 4041 2761 4111 virtute
2801 4046 3111 4124 possint
3141 4059 3335 4113 vera
3368 4047 3513 4113 mi·

2014 4142 2291 4209 racula
2328 4141 2611 4209 iacere.

407 4233 482 4295 de
513 4233 707 4295 rebus
736 4232 1127 4295 divinalibus
1158 4233 1322 4296 mira
1349 4233 1524 4315 loqui
1558 4233 1902 4316 incipiunt3
1934 4239 1984 4301 D
2097 4239 2174 4302 Et
2216 4240 2385 4304 circa
2426 4241 2547 4303 hoc
2590 4241 2792 4303 multa
2831 4250 3175 4305 occurrunt
3222 4240 3518 4308 determi-

407 4332 517 4395 sed
549 4331 938 4395 locutionem
969 4330 1146 4394 illam
1176 4350 1304 4394 non
1334 4332 1445 4394 diu
1477 4332 1853 4395 continuant
1884 4348 1900 4394 ε

405 4431 537 4494 i-mo
585 4432 652 4494 in
702 4430 896 4493 verba
944 4431 1339 4514 desipientiae
1390 4440 1708 4495 consuetae
1757 4452 1904 4497 mox

405 4532 717 4594 recidunt.
771 4531 1007 4593 Fumus
1064 4549 1341 4614 namque
1405 4532 1905 4596 melancholicus

403 4630 750 4694 ascendens
781 4630 860 4693 ad
893 4630 1346 4693 intellectivam
1375 4630 1530 4705 vim,
1565 4631 1903 4694 confestim

406 4730 818 4812 intercipiens
871 4729 1102 4791 mentis
1150 4729 1464 4809 fulgorem
1516 4730 1693 4792 illam
1742 4731 1905 4794 offu-

405 4837 557 4901 scat,
590 4836 653 4891 et
683 4848 720 4890 a
746 4836 936 4891 tantae
974 4829 1311 4891 altitudine
1352 4829 1654 4892 claritatis
1684 4830 1906 4911 dejicit

275 4922 288 4935 ’
405 4946 564 4989 eam.
598 4928 986 5011 Quandoque
1016 4928 1189 4991 enim
1227 4929 1305 4990 ad
1347 4929 1670 4992 modicum
1703 4938 1906 4993 cessat

405 5027 766 5101 ascendere,
799 5035 863 5089 et
904 5034 1053 5089 tunc
1093 5027 1173 5091 ad
1213 5028 1538 5091 modicum
1577 5028 1907 5091 elevantur

405 5126 482 5187 ad
514 5126 1081 5208 contemplandum
1111 5133 1174 5188 et
1202 5127 1282 5188 ad
1322 5126 1712 5209 loquendum
1742 5127 1906 5190 salu-

409 5222 581 5304 bria3
614 5224 727 5287 sed
765 5243 986 5287 rursus
1024 5225 1486 5288 melancholico
1523 5227 1904 5289 ascendente

409 5339 663 5407 vapore,
703 5322 866 5386 mira
911 5323 1297 5388 subitatione
1347 5324 1683 5387 trahuntur
1730 5325 1904 5388 deor-

2017 4339 2244 4413 nanda‚
2258 4339 2557 4401 videlicet
2576 4357 2589 4402 :
2610 4340 2932 4421 primo‚an
2966 4359 3157 4423 opera
3187 4360 3515 4425 magorum

2015 4436 2377 4500 efficaciam
2408 4436 2682 4501 habeant
2710 4458 2747 4501 a
2776 4440 3139 4503 daemonum
3182 4448 3509 4523 potestate.

2017 4534 2330 4611 Secunde,
2381 4556 2461 4599 an
2512 4536 2863 4599 materialia
2916 4537 3036 4599 ista
3087 4538 3388 4601 obediant
3435 4541 3513 4603 ad

2017 4641 2247 4695 nutum
2278 4634 2674 4698 daemonibus
2704 4636 2911 4717 quoad
2944 4644 3188 4699 motum
3223 4637 3511 4713 localem,

2015 4752 2095 4795 an
2135 4732 2329 4795 etiam
2370 4734 2635 4799 materia
2671 4735 2878 4816 quoad
2922 4736 3352 4817 receptionem
3393 4738 3516 4801 for-

2019 4850 2136 4895 mae
2185 4831 2643 4895 substantialis.
2684 4834 2915 4909 Tertio,
2958 4834 3233 4915 qualiter
3272 4836 3515 4917 magica

2013 4948 2208 5013 opera
2239 4931 2402 4994 fiant
2430 4931 2687 5006 virtute,
2720 4932 3086 5014 operatione
3126 4934 3511 5016 cooperatio·

2014 5048 2175 5093 neve
2219 5031 2615 5094 daemonum.-

2090 5128 2265 5201 Quod
2294 5136 2507 5192 autem
2539 5148 2689 5193 vera
2718 5130 3027 5193 miracula
3057 5148 3243 5213 agere
3272 5149 3506 5213 neque-

2011 5234 2122 5289 ant
2150 5228 2754 5303 daemoneS‚videtur
2780 5248 2859 5290 ex
2887 5228 3085 5291 verbo
3112 5228 3223 5291 illo
3246 5230 3503 5292 Psalmi·

2013 5332 2124 5390 stae
2158 5344 2172 5389 ε
2201 5327 2579 5390 Benedictus
2610 5327 2917 5390 Dominus
2947 5328 3115 5389 Deus
3143 5327 3355 5405 Israel,
3389 5328 3501 5411 qui
3528 5356 3791 5409 Parmae.
