4334 6242
1009 496 1153 554 QUID
1196 498 1287 544 sl'r
1328 496 1555 545 coeum
1596 495 1949 553 RMPYREUM,
1990 496 2064 541 ET
2105 496 2308 552 QUARE
2350 498 2442 543 SIT
2483 495 2788 543 CONDITUR

334 688 495 731 nem
551 668 889 732 hominum
947 668 1518 733 beatificandorum
1566 686 1705 730 esse
1755 686 1847 729 se-
1875 666 1929 729 A
1956 668 2055 730 tis.
2092 668 2252 729 Hinc
2282 687 2448 751 saepe
2479 668 2762 751 loquitur
2801 668 2864 730 in
2905 668 3232 751 Prophetis
3265 686 3280 729 ε
3315 667 3448 731 Coe·
3497 686 3738 739 amm.

1958 766 2091 827 lum
2152 766 2311 828 mihi
2369 768 2550 829 sedes
2608 775 2737 846 est3
2789 775 2872 839 et,
2924 768 2992 829 In
3053 767 3214 829 coelo
3269 768 3450 829 sedes
3503 786 3703 839 aas.

336 785 565 829 orsum
605 788 643 829 a
679 774 1055 849 tempestate
1104 775 1169 829 et
1210 766 1465 829 turbine
1514 774 1702 829 tantae
1751 786 1845 828 ra-

338 866 655 948 piditatiS,
703 874 921 949 utpote
971 864 1461 947 pacatissimam.
1510 865 1637 927 Nec
1684 864 1847 927 alius

340 965 525 1028 locus
568 966 869 1028 convenit
912 965 1039 1026 illis
1080 963 1455 1045 corporibus
1495 983 1686 1045 quam
1724 981 1847 1025 coe-

340 1064 550 1138 lestiS,
603 1063 907 1145 quoniam
958 1080 1222 1149 corpora
1281 1062 1537 1124 illorum
1588 1061 1848 1142 majoris

340 1161 939 1245 incomparabiliter
984 1160 1200 1243 gloriae
1258 1168 1445 1222 erunt
1492 1179 1683 1241 quam
1742 1158 1851 1221 ali-

340 1262 519 1342 quod
550 1280 628 1322 ex
660 1278 888 1323 novem
920 1259 1099 1323 coelis
1128 1267 1237 1321 aut
1261 1258 1569 1321 stellis.—
1586 1259 1847 1329 RursuS,

340 1377 583 1440 corpus
627 1360 794 1440 quod
845 1377 971 1421 non
1022 1358 1263 1439 indiget
1307 1365 1481 1420 motu
1532 1374 1739 1438 neque
1783 1364 1853 1417 ut

342 1455 743 1538 perfectione
775 1476 983 1538 neque
1015 1466 1085 1517 ut
1113 1456 1218 1518 via
1252 1456 1329 1518 ad
1368 1454 1848 1538 perfectionem,

338 1556 529 1637 prius
571 1576 647 1618 ac
688 1555 917 1618 melius
961 1562 1055 1617 est
1096 1574 1357 1638 corpore
1401 1555 1723 1636 indigente
1766 1554 1853 1616 al-

338 1662 592 1717 terutro
632 1655 946 1716 dictorum
992 1655 1345 1717 modorum.
1380 1653 1661 1716 Primum
1704 1670 1853 1734 ergo

339 1760 407 1814 et
441 1772 773 1815 summum
803 1770 1033 1835 corpus
1062 1761 1159 1815 est
1192 1752 1543 1815 immobile.
1580 1752 1754 1825 Quod
1796 1752 1849 1813 si

3331 478 3447 543 157

1957 865 2117 945 ejus.
2153 865 2228 926 Et
2259 866 2648 947 quicumque
2688 867 2765 928 de
2803 866 3003 947 gloria
3033 865 3142 928 Dei
3185 866 3448 946 dignum

1959 963 2113 1045 quid
2160 962 2355 1026 locuti
2401 972 2568 1036 sunt,
2604 964 2837 1027 coelum
2881 964 3096 1026 sedem
3135 964 3277 1044 ejus
3313 981 3450 1024 esse

1959 1060 2277 1135 dixerunt,
2312 1062 2848 1142 quemadmodum
2887 1069 2949 1123 et
2991 1062 3055 1123 in
3093 1061 3258 1123 libro
3297 1060 3450 1124 Coeli

1960 1166 2023 1221 et
2066 1158 2286 1221 mundi
2331 1160 2698 1222 Aristoteles
2741 1168 2971 1222 narrat.
3004 1196 3085 1205 —-
3123 1160 3312 1222 Porro
3360 1178 3454 1220 se-

1962 1257 2106 1319 dem
2147 1264 2396 1339 oportet
2425 1247 2563 1320 esse
2595 1258 2875 1340 quietam
2908 1267 2971 1321 et
3001 1257 3312 1320 stabilem.
3349 1258 3459 1319 Est

1964 1355 2158 1437 igitur
2221 1356 2456 1419 coelum
2518 1375 2892 1440 empyreum
2953 1358 3128 1419 velut
3186 1356 3459 1419 amictus

1963 1454 2320 1536 splendoris
2364 1455 2556 1517 >totius
2603 1456 2848 1529 mundi,
2891 1463 2953 1518 et
2996 1455 3176 1537 quasi
3221 1463 3458 1517 tectum

1966 1552 2461 1634 pulchritudinis
2493 1554 2954 1635 praeclarissimi
2987 1554 3199 1636 palatii
3227 1554 3338 1616 Dei
3363 1554 3464 1615 do-

1966 1652 2296 1715 minatoris
2360 1654 2648 1715 omnium
2708 1654 3108 1728 saeculorum,
3169 1662 3232 1716 et
3287 1653 3464 1715 velut

1965 1752 2446 1841 operimentum·
2479 1752 3024 1834 speciosissimum
3059 1752 3280 1835 templi
3315 1752 3464 1834 ipsi-

340 1850 471 1946 tale
502 1868 737 1933 corpus
770 1850 1067 1913 universo
1098 1852 1343 1913 deesset
1374 1868 1699 1933 corpore0,
1726 1868 1852 1911 ma·
1889 1852 1936 1915 B
1968 1871 2063 1925 uS,
2098 1851 2268 1933 quod
2311 1850 2528 1933 utique
2561 1858 2729 1913 totus
2770 1853 3047 1914 mundus
3076 1859 3189 1914 est.
3227 1851 3462 1933 Estque

338 1968 471 2029 gna
514 1949 574 2011 ei
619 1948 869 2010 deesset
919 1946 1245 2031 perfecti0‚
1288 1948 1455 2010 sicut
1504 1956 1567 2010 et
1612 1948 1853 2009 mundo

341 2046 685 2109 sublunari
729 2046 783 2108 si
828 2046 885 2109 ei
932 2047 1177 2108 deesset
1220 2046 1387 2127 ignis
1430 2053 1541 2107 aut
1582 2065 1767 2127 aqua.

436 2146 567 2208 Nec
623 2154 997 2207 extraneum
1056 2144 1243 2207 debet
1299 2144 1502 2206 videri
1564 2145 1731 2225 quod
1791 2153 1853 2206 et

344 2254 615 2327 propter
670 2244 1040 2325 angelorum
1098 2262 1443 2325 congruam
1504 2261 1575 2304 ac
1627 2244 1853 2305 conde-

344 2350 603 2404 centem
665 2342 1121 2405 habitationem
1179 2341 1421 2405 factum
1484 2339 1856 2423 perhibetur

342 2441 471 2503 hoc
520 2441 781 2515 coelum,
825 2461 1023 2523 quum
1070 2449 1133 2502 et
1180 2440 1623 2522 unusquisque
1674 2438 1739 2500 in
1788 2458 1856 2501 se

344 2539 493 2621 ipso
537 2538 748 2601 valeat
795 2539 1070 2621 experiri
1123 2547 1431 2620 quantum
1484 2539 1562 2600 ad
1612 2538 1856 2600 animas

344 2644 595 2718 spectet
644 2637 955 2699 humanas
1014 2636 1441 2718 incorporales
1492 2637 1569 2698 de
1618 2635 1859 2698 habita-

346 2734 523 2797 tione
570 2735 639 2796 in
687 2734 821 2796 suis
872 2733 1269 2817 corporibuS‚
1314 2754 1454 2815 quae
1496 2733 1858 2797 habitacula

345 2842 501 2894 sunt
542 2851 801 2911 carum3
850 2841 1160 2916 quantum
1205 2850 1543 2915 corporum
1593 2851 1855 2895 suorum

345 2931 621 3012 diligant
680 2931 1137 3013 speciositates,
1199 2931 1520 3006 sanitateS‚
1583 2940 1645 2994 et
1702 2932 1856 2995 alias

1964 1948 2403 2012 habitaculum
2446 1949 2662 2030 gloriae
2706 1949 2846 2031 ejus
2891 1951 3211 2032 penetrale
3253 1969 3327 2012 ac
3367 1949 3460 2011 in-

1963 2049 2218 2121 timum,
2251 2054 2314 2110 et
2341 2048 2466 2111 alia
2505 2048 2996 2130 comparatione,
3029 2056 3329 2130 tanquam
3369 2068 3462 2112 sa-

1966 2147 2242 2209 crarium
2308 2146 2418 2209 Dei
2485 2146 2818 2209 continens
2883 2155 3073 2230 atque
3141 2147 3458 2229 recipiens

1966 2261 2386 2325 quaecumque
2423 2241 2489 2305 in
2529 2250 2661 2305 toto
2695 2243 2995 2315 universo
3031 2252 3180 2306 sunt
3217 2252 3455 2317 sancta,

1964 2360 2037 2403 ac
2079 2341 2272 2421 digna
2312 2341 2376 2402 in
2418 2348 2590 2403 tanto
2631 2341 2854 2423 reponi
2893 2341 3186 2404 sacrario,
3230 2378 3310 2387 —
3348 2342 3461 2405 Cu-

1964 2439 2068 2519 jus
2101 2441 2254 2501 item
2288 2438 2526 2501 utilitas
2557 2446 2652 2501 est
2683 2438 3110 2502 manifestatio
3141 2438 3358 2521 gloriae
3385 2458 3460 2501 ac

1968 2536 2462 2618 magnificentiae
2523 2538 2851 2601 Creatoris.
2915 2538 3459 2612 Quemadmodum

1966 2636 2139 2698 enim
2191 2636 2256 2697 in
2307 2636 2496 2718 regali
2548 2636 2780 2719 palatio
2824 2636 2890 2697 in
2938 2636 3060 2699 hoc
3108 2638 3348 2700 mundo
3386 2655 3464 2699 ex

1968 2734 2422 2797 adsistentibus
2471 2736 2624 2816 regi,
2667 2754 2744 2797 ex
2795 2735 3204 2798 multitudine
3254 2744 3316 2797 et
3359 2755 3465 2798 va-

1968 2832 2190 2895 rietate
2222 2832 2682 2907 ministrorum,
2706 2853 2782 2896 ex
2814 2840 3040 2897 ornatu
3070 2842 3134 2896 et
3160 2842 3464 2917 apparatu

1969 2931 2278 3013 ipsorum,
2314 2940 2376 2993 et
2407 2950 2482 2993 cx
2524 2932 2679 3014 ipsis
2711 2931 3037 3015 obsequiis
3067 2935 3462 3009 eorumdem,

346 3028 763 3091 habitudines
822 3028 1040 3104 bonaS,
1094 3030 1226 3092 imo
1283 3038 1347 3092 et
1403 3030 1737 3093 domorum
1795 3038 1856 3091 et
1893 3038 1937 3102 G
1968 3050 2045 3093 ex
2088 3031 2228 3112 ipsa
2264 3030 2456 3093 etiam
2499 3030 2912 3094 mirificentia
2941 3039 3004 3093 et
3032 3032 3258 3094 decore
3298 3032 3466 3114 pala-

346 3127 684 3200 atriorum‚
722 3128 1073 3203 hortorum,
1107 3127 1367 3190 urbium
1406 3137 1468 3190 et
1505 3128 1856 3209 provincia-

346 3244 497 3287 rum
524 3226 939 3287 eminentiam
965 3235 1029 3288 et
1052 3227 1361 3289 decorem.
1380 3226 1494 3299 Qui
1524 3226 1642 3288 ista
1663 3234 1859 3288 atten-

349 3326 471 3398 dit,
507 3324 877 3407 conspicere
910 3334 1116 3408 potest
1144 3326 1223 3387 ad
1253 3326 1508 3407 angelos
1540 3326 1859 3407 pertinere

349 3424 432 3484 de
461 3422 797 3485 nobilitate
831 3430 894 3484 et
924 3422 1325 3504 speciositate
1364 3423 1508 3485 coeli
1548 3424 1853 3506 empyrei.

434 3523 652 3603 Ipsum
694 3539 949 3603 quoque
992 3521 1362 3583 universum
1398 3522 1579 3604 quasi
1618 3529 1861 3584 contra-

350 3621 451 3682 rio
502 3620 692 3682 modo
740 3638 807 3681 se
857 3618 1049 3680 habet
1098 3620 1176 3681 ad
1232 3619 1581 3681 hominem.
1635 3621 1860 3693 Quem-

351 3717 701 3781 admodum
744 3717 917 3779 enim
967 3717 1159 3780 homo
1208 3716 1397 3779 habet
1438 3736 1545 3779 cor
1587 3717 1757 3780 intus
1797 3727 1861 3781 et

354 3835 589 3899 corpus
633 3822 812 3879 extra
854 3833 868 3876 ε
912 3816 1005 3877 sic
1050 3816 1421 3877 universum
1460 3815 1751 3879 viliorem
1798 3825 1860 3879 et

354 3914 899 3996 corpulentiorem
946 3913 1139 3976 habet
1186 3913 1284 3975 sui
1337 3921 1603 3995 partem,
1635 3914 1861 3978 videli-

356 4019 455 4073 cet
486 4021 745 4087 terram,
778 4010 1085 4091 inferius3
1126 4011 1524 4074 subtiliorem
1564 4030 1715 4074 vero
1759 4014 1859 4074 sui

356 4120 629 4193 partem,
686 4118 907 4192 utpote
969 4110 1203 4173 coelum
1268 4128 1665 4193 empyreum,
1719 4119 1859 4173 tan-

356 4229 550 4292 quam
602 4229 733 4284 cor,
776 4209 966 4274 habet
1007 4211 1285 4273 exterius
1330 4210 1541 4291 ipsum
1592 4209 1861 4272 circum·
1892 4218 1940 4279 D

357 4310 533 4371 dans.
588 4309 667 4370 Et
721 4308 887 4370 sicut
936 4326 1046 4370 cor
1102 4308 1381 4371 hominis
1441 4327 1707 4389 parvum
1764 4316 1861 4371 est

358 4407 837 4489 comparatione
878 4408 1161 4488 corporis
1209 4406 1329 4479 sui,
1372 4405 1465 4468 sic
1505 4407 1860 4469 econtrario

358 4507 735 4567 universum
783 4503 975 4566 habet
1016 4504 1194 4585 quasi
1246 4522 1353 4565 cor
1402 4503 1861 4587 incomparabi-

359 4604 504 4668 liter
543 4603 755 4684 majus
800 4609 977 4685 parte
1016 4622 1131 4664 sua
1169 4602 1489 4665 inferiore.
1531 4604 1649 4666 Cor
1689 4623 1861 4666 nam-

359 4723 485 4786 que
539 4710 640 4765 est.
688 4701 871 4784 quasi
920 4720 1031 4764 vas
1080 4709 1144 4763 et
1192 4701 1666 4782 receptaculum
1715 4701 1860 4765 vitae

359 4809 549 4883 atque
605 4800 923 4875 vitalium,
984 4807 1047 4861 et
1103 4800 1283 4861 sedes
1342 4799 1592 4872 animae,
1657 4807 1858 4861 totum

360 4900 689 4962 residuum
746 4897 1021 4979 regentis
1070 4906 1133 4959 et
1179 4895 1700 4959 administrantis.
1757 4898 1861 4959 Sic

360 4998 595 5062 coelum
651 4997 953 5059 ultimum
1010 5015 1123 5058 seu
1170 5014 1546 5078 empyreum
1596 5014 1669 5059 ea
1719 5016 1861 5079 quae

362 5097 637 5159 maxime
684 5094 903 5157 vitalia
945 5101 1093 5156 sunt
1138 5094 1204 5155 in
1254 5094 1493 5156 mundo
1535 5096 1861 5157 continere

362 5212 623 5257 necesse
680 5200 799 5267 est,
852 5201 915 5255 et
962 5210 1101 5254 esse
1149 5192 1448 5254 thronum
1505 5212 1579 5254 ac
1628 5192 1862 5255 solium

362 5292 671 5357 creatoris
713 5297 945 5354 cuncta
980 5289 1393 5371 gubernantis
1422 5310 1493 5352 ac
1525 5291 1863 5373 disponen-

1968 3128 2063 3202 tii,
2112 3129 2324 3191 elucet
2374 3128 2853 3209 magnificentia
2900 3137 2962 3191 et
3006 3129 3209 3211 gloria
3263 3130 3465 3211 regis;

1970 3225 2057 3288 ita
2096 3226 2163 3288 in
2205 3226 2365 3289 coelo
2404 3245 2705 3309 empyreo
2743 3226 2944 3307 gloria
2981 3228 3091 3289 Dei
3130 3227 3470 3290 inaestima-

1971 3324 2187 3387 biliter
2231 3324 2533 3398 cernitur,
2577 3324 2688 3387 ubi
2739 3325 3306 3388 innumerabilium
3349 3344 3472 3389 coe-

1971 3423 2227 3486 lestium
2295 3422 2669 3486 militiarum
2735 3423 2910 3486 chori
2982 3424 3197 3487 laudes
3265 3424 3468 3507 ipsius

1970 3519 2318 3583 ineffabilis
2388 3529 2735 3584 concentus
2802 3522 3110 3585 suavitate
3172 3530 3468 3585 resonant

1971 3618 2379 3681 incessanter.

2049 3718 2223 3779 Idem
2288 3718 2547 3780 demum
2607 3724 2704 3779 est
2759 3718 2912 3780 ordo
2945 3717 3467 3781 substantiarum

1969 3823 2158 3898 atque
2218 3815 2520 3877 locorum.
2574 3816 2720 3877 Ideo
2778 3816 2945 3877 sicut
3001 3816 3208 3897 angeli
3267 3818 3468 3880 sancti

1971 3914 2182 3995 primo
2224 3912 2417 3975 creati
2464 3920 2632 3987 sunt,
2668 3912 2754 3975 ita
2796 3914 3030 3977 coelum
3070 3933 3464 3997 empyreum.

1968 4012 2125 4074 Nam
2157 4019 2221 4073 et
2256 4010 2466 4093 ipsum
2508 4018 2604 4072 est
2636 4011 2814 4093 quasi
2855 4012 3000 4074 aula
3035 4012 3248 4094 palatii
3283 4013 3468 4094 Regis

1970 4109 2208 4203 sumgni
2245 4129 2257 4172 :
2293 4109 2437 4171 aula
2476 4116 2686 4171 autem
2721 4109 3076 4173 aedificatur
3110 4111 3176 4171 in
3215 4110 3462 4192 primis,

1968 4245 2049 4254 —
2077 4210 2398 4271 Postremo
2429 4209 2506 4271 de
2539 4208 2803 4271 materia
2833 4209 2978 4273 coeli
3007 4210 3201 4290 hujus
3243 4210 3468 4273 merito

1970 4306 2315 4369 dubitatur.
2351 4306 2427 4368 Et
2467 4306 2588 4367 fuit
2633 4326 2798 4369 unus
2827 4308 3048 4390 (quem
3091 4307 3336 4371 Hebraei
3379 4327 3471 4370 re-

1971 4413 2196 4488 putant
2244 4405 2442 4467 fuisse
2492 4405 2971 4488 philosophum)
3013 4408 3252 4483 dicenS‚
3299 4410 3469 4491 quod

1972 4504 2136 4565 Deus
2167 4505 2244 4566 de
2277 4504 2612 4585 splendore
2653 4503 2831 4585 pallii
2872 4506 2970 4566 sui
3008 4504 3313 4569 fecithoc
3349 4525 3471 4571 coe-

1971 4601 2147 4680 lum;
2192 4609 2422 4664 terram
2469 4620 2640 4675 ver0,
2683 4603 2760 4664 de
2804 4603 2951 4665 nive
3001 4624 3141 4687 quae
3187 4604 3306 4667 fuit
3348 4605 3468 4667 sub

1973 4699 2244 4782 pedibus
2294 4699 2453 4780 ejus,
2501 4700 2674 4774 Quod
2724 4720 2925 4783 quum
2971 4702 3151 4783 juxta
3199 4704 3468 4785 superfi-

1971 4798 2135 4860 ciem
2177 4798 2638 4882 planitiemque
2671 4799 3010 4862 verborum
3050 4810 3320 4884 nequeat
3349 4809 3469 4863 sta-

1973 4916 2060 4971 re,
2096 4897 2256 4959 alter
2296 4896 2704 4959 Hebraeorum
2745 4898 3160 4980 philosophus
3198 4898 3358 4961 dixit
3395 4900 3469 4962 il-

1974 4996 2107 5057 lum
2161 5015 2275 5077 per
2315 4995 2510 5058 verba
2556 4995 2678 5059 ista
2725 4996 3134 5071 intellexisse,
3177 5000 3344 5080 quod
3388 5000 3466 5062 de

1972 5094 2095 5157 alia
2133 5102 2197 5155 et
2239 5093 2477 5175 puriori
2521 5094 2785 5157 materia
2827 5094 3066 5158 factum
3110 5096 3192 5158 sit
3232 5097 3466 5161 coelum

1973 5212 2165 5274 quam
2199 5200 2380 5254 terra.
2399 5193 2517 5255 Sed
2550 5194 2628 5255 de
2661 5194 2923 5256 materia
2953 5194 3308 5257 coelestium
3339 5213 3466 5258 cor-

1974 5309 2203 5372 porum
2249 5289 2414 5353 infra
2451 5290 2842 5353 tractabitur.
2876 5292 3019 5357 Haec
3061 5292 3459 5359 GuillelmuS.
