4334 6242
142 5260 299 5349 ftod.
320 5270 405 5307 xx,

934 504 1020 551 AN
1060 504 1215 553 DEUS
1256 504 1489 551 CUNCTA
1531 502 1899 561 coNsERVET,
1942 503 2017 549 m·
2058 504 2201 560 Qum
2244 505 2336 550 SIT
2377 503 2791 551 coNSERvA'rlo
2831 502 2966 549 ISTA

368 672 471 735 ab
530 673 647 748 εἱε,
698 694 817 738 nec
876 696 1065 740 causa
1123 676 1324 759 ipsius
1382 694 1521 737 esse
1573 692 1587 737 :

370 791 798 857 unaquaeque
834 794 1025 838 causa
1065 776 1258 837 simul
1287 782 1383 837 εει
1412 793 1561 836 cum
1598 791 1713 836 suo
1744 773 1897 835 effe-

374 879 525 933 ctu.
562 872 680 935 Sed
712 882 953 949 contra,
988 892 1086 936 res
1124 874 1359 955 accipit
1386 892 1525 935 esse
1559 890 1671 954 per
1708 891 1897 934 suum

296 988 311 1009 ·
374 970 545 1032 fieri
580 989 595 1033 :
627 989 777 1052 ergo
816 992 1016 1054 quum
1058 990 1365 1053 generans
1407 972 1490 1033 sit
1525 990 1715 1033 causa
1754 970 1897 1031 fieri

380 1069 605 1151 ipsius
646 1088 785 1131 esse
830 1070 1051 1152 geniti,
1084 1078 1181 1133 est
1222 1070 1415 1133 etiam
1460 1088 1649 1132 causa
1697 1069 1897 1151 ipsius

376 1185 541 1229 esse
586 1167 903 1230 mediante
945 1168 1109 1230 fieri.
1142 1205 1223 1213 —
1252 1168 1393 1231 Haec
1436 1167 1804 1230 RicharduS.

477 1265 598 1340 Qui
629 1266 825 1328 etiam
856 1266 1101 1348 quaerit,
1126 1287 1205 1329 an
1240 1284 1615 1329 conservare
1646 1266 1727 1327 sit
1756 1284 1895 1345 agc-

386 1383 488 1426 re.
536 1364 628 1426 Ad
673 1366 845 1447 quod
897 1366 1256 1447 respondet,
1299 1365 1468 1447 quod
1519 1364 1753 1445 duplex
1802 1372 1899 1426 εει

383 1462 587 1525 actio.
632 1464 763 1525 Una
808 1464 1083 1527 radicata
1130 1464 1195 1525 in
1246 1470 1443 1537 motu,
1487 1482 1627 1544 quae
1674 1470 1771 1523 εει
1816 1461 1896 1523 ab

384 1569 625 1641 agente
675 1562 741 1622 in
783 1580 1062 1643 passum,
1103 1570 1167 1623 et
1210 1570 1471 1624 vocatur
1516 1560 1683 1623 actio
1722 1567 1899 1621 extra

388 1660 735 1721 transiens.
770 1659 910 1721 Alia
947 1668 1041 1721 est
1079 1660 1246 1722 actio
1291 1660 1671 1731 immanenS,
1703 1665 1765 1719 et
1803 1666 1899 1719 εει

386 1756 658 1839 duplex.
679 1758 813 1820 Una
842 1777 958 1840 per
986 1778 1176 1841 quam
1210 1757 1371 1820 nihil
1404 1756 1480 1819 fit
1509 1763 1685 1819 extra
1714 1774 1899 1836 agen-

3385 480 3496 547 101

1640 694 1785 737 nam
1838 682 1899 736 et
1928 674 1979 735 A
2010 683 2169 736 trem
2215 682 2392 737 tuum
2435 683 2497 737 et
2528 684 2794 737 matrem
2830 683 3004 736 tuam
3045 682 3116 735 ut
3153 671 3240 735 sis
3277 672 3504 753 longae-

2008 793 2125 835 vus
2156 792 2351 855 super
2380 775 2871 847 terram,dicunt
2900 772 3312 854 expositoreS,
3332 772 3501 853 quod

2009 872 2218 953 proles
2250 870 2396 934 suos
2429 880 2721 953 parentes
2750 872 3087 944 honorans,
3110 869 3346 932 idcirco
3378 888 3504 931 me-

2008 977 2183 1031 retur
2212 970 2358 1033 vitae
2399 970 2966 1052 prolongationem,
3000 969 3301 1051 quoniam
3333 987 3370 1030 a
3398 987 3503 1049 pa-

2009 1068 2297 1131 rentibus
2341 1068 2530 1131 habet
2574 1087 2712 1131 esse
2755 1076 2818 1131 ct
2860 1069 3094 1130 vivere.

2108 1167 2228 1229 Sed
2286 1167 2481 1249 objici
2544 1175 2750 1249 potest
2807 1167 3147 1249 praedictis,
3207 1166 3376 1249 quod
3438 1166 3502 1227 in

2010 1266 2512 1329 Elementatione
2562 1286 2696 1339 sua,
2742 1266 3132 1328 theoremate
3179 1264 3504 1328 tricesimo

2008 1372 2254 1446 quarm,
2307 1365 2560 1427 Proclus
2621 1364 2903 1445 loquitur
2958 1364 3022 1426 in
3074 1371 3435 1426 commento
3485 1382 3502 1427 ε

2008 1463 2310 1536 Quamvis
2350 1470 2697 1544 perpetuus
2740 1463 2822 1525 sit
2861 1462 3160 1535 mundus,
3195 1479 3320 1524 non
3365 1479 3506 1543 pro-

2010 1569 2151 1643 pter
2181 1562 2300 1623 hoc
2331 1580 2454 1623 non
2489 1561 2775 1643 procedit
2802 1560 2881 1623 ab
2912 1559 3272 1622 intellectu:
3298 1578 3504 1641 neque

2008 1660 2182 1721 enim
2224 1667 2483 1741 propter
2517 1660 2636 1721 hoc
2665 1677 2792 1721 non
2824 1665 2920 1719 est
2950 1676 3315 1731 conversus,
3350 1674 3504 1738 quo-

2008 1758 2181 1819 niam
2203 1776 2468 1839 semper
2496 1758 2823 1821 ordinatus
2851 1757 3097 1837 cst,‚sed
3127 1764 3192 1818 et
3219 1754 3508 1837 procedit

388 1865 556 1931 tem,
606 1866 677 1919 ut
724 1857 1077 1939 intelligere
1125 1857 1590 1941 speculativum
1637 1873 1651 1917 :
1693 1864 1757 1916 et
1805 1854 1898 1916 sic
1934 1858 1981 1919 B
2010 1875 2284 1937 semper.
2337 1856 2428 1918 Ex
2486 1874 2614 1939 quo
2667 1856 2938 1930 videtur,
2992 1856 3161 1937 quod
3221 1861 3508 1916 creatura

390 1972 779 2017 conservare
818 1973 946 2018 non
976 1962 1073 2017 est
1104 1974 1311 2036 agere,
1344 1954 1511 2017 sicut
1541 1972 1659 2016 nec
1691 1954 1899 2035 primo

394 2054 613 2117 modo.
645 2054 786 2116 Alia
814 2060 911 2117 est
938 2055 1103 2117 actio
1135 2072 1399 2116 manens
1434 2072 1545 2115 seu
1581 2053 1643 2115 in
1674 2061 1901 2133 agente

392 2152 773 2233 persistenS,
794 2170 909 2233 per
936 2170 1127 2234 quam
1158 2158 1456 2214 causatur
1483 2151 1715 2232 aliquis
1744 2148 1897 2212 esse-

392 2256 549 2311 ctus
577 2250 643 2310 in
672 2249 799 2312 alio
825 2267 839 2311 :
864 2258 927 2311 et
957 2250 1050 2311 sic
1082 2267 1455 2312 conservare
1488 2249 1616 2323 Dei,
1638 2256 1735 2312 est
1762 2268 1901 2329 age-

392 2367 491 2410 re.
532 2348 639 2409 Est
680 2347 855 2409 enim
897 2348 1115 2411 divina
1154 2348 1320 2410 actio
1363 2367 1627 2410 manens
1668 2348 1733 2409 in
1774 2348 1901 2409 Deo

396 2447 579 2509 idem
628 2447 797 2528 quod
856 2447 1021 2509 Deus
1070 2466 1218 2509 cum
1278 2446 1580 2509 relatio-ne
1638 2445 1898 2508 rationis

390 2546 481 2608 ad
525 2551 879 2607 creaturam
924 2552 993 2606 ut
1030 2552 1466 2607 conservatam
1502 2564 1515 2608 :
1555 2563 1669 2626 per
1707 2562 1896 2625 quam

390 2644 722 2705 actionem
767 2651 1063 2704 causatur
1111 2642 1549 2723 permanentia
1598 2650 1899 2704 creaturae

394 2743 467 2803 in
512 2759 629 2803 suo
664 2759 803 2803 esse
842 2740 1149 2821 quamdiu
1189 2747 1302 2802 est.
1346 2739 1487 2803 Haec
1526 2739 1893 2802 Richardus.

479 2839 600 2914 Qui
645 2839 711 2901 in
756 2840 877 2901 hoc
919 2838 1170 2901 videtur
1208 2838 1566 2901 consentire
1602 2837 1895 2910 Henrico,

394 2938 575 3020 quod
604 2937 729 2999 alia
758 2937 1006 2999 actione
1034 2938 1201 2999 Deus
1233 2944 1403 2999 creat
1436 2955 1508 2998 ac
1545 2943 1895 3007 conservat,

2010 1956 2317 2037 quamdiu
2385 1955 2696 2029 subsistit,
2760 1955 3149 2017 incessanter
3209 1953 3510 2035 procedat

2009 2063 2200 2135 atque
2243 2060 2509 2115 creetur.
2545 2054 2622 2115 Et
2653 2053 2706 2115 si
2746 2053 2892 2134 quis
2929 2052 3370 2114 auctoritatem
3409 2051 3511 2114 de-

2010 2153 2237 2235 spiciat
2280 2152 2481 2215 Procli
2525 2159 2826 2233 tanquam
2870 2150 3196 2225 Platonici,
3230 2150 3384 2232 quid
3428 2150 3507 2212 ad

2008 2251 2449 2313 auctoritatem
2493 2249 2695 2312 divini
2747 2248 3028 2332 Dionysii
3073 2247 3504 2330 respondebit,

2009 2350 2120 2431 qui
2163 2356 2391 2430 quarto
2438 2348 2718 2430 capitulo
2760 2348 2836 2409 de
2880 2346 3124 2409 Divinis
3170 2346 3261 2408 ait
3301 2346 3508 2408 nomi-

2010 2447 2224 2521 nibuS,
2257 2448 2426 2529 quod
2463 2447 2628 2509 Deus
2659 2455 2755 2508 εει
2784 2446 3034 2509 bonitas
3072 2464 3344 2519 summa,
3377 2462 3510 2507 om-

2012 2546 2192 2607 nium
2251 2545 2658 2627 productiva,
2709 2563 2836 2608 non
2897 2544 3078 2626 quasi
3136 2563 3307 2605 nunc
3371 2562 3510 2625 pro-

2010 2645 2251 2706 ducens
2280 2652 2344 2705 et
2375 2662 2546 2705 nunc
2577 2661 2704 2706 non
2738 2662 3026 2715 causam,
3059 2644 3169 2705 sed
3204 2642 3508 2725 quoniam

2013 2742 2445 2804 indesinenter
2487 2741 2776 2805 omnium
2822 2760 3012 2803 causa
3053 2750 3150 2803 est
3191 2748 3255 2803 et
3295 2740 3510 2803 omnia
3559 2798 3564 2801 .

2011 2845 2317 2904 causans?
2339 2841 2572 2902 Verum
2601 2841 2679 2903 ad
2712 2841 2845 2903 haec
2877 2840 3314 2922 respondetur,
3339 2840 3508 2921 quod

2012 2947 2271 3021 propter
2327 2938 2771 3001 incessabilem
2820 2938 3310 3020 dependentiam
3370 2938 3509 2999 uni-

394 3043 463 3097 et
495 3036 667 3117 quod
708 3035 909 3097 creari
946 3035 1029 3097 sit
1065 3036 1238 3097 aliud
1282 3054 1475 3117 quam
1516 3033 1895 3097 conservari.
1934 3035 1977 3099 C
2010 3056 2339 3100 versorum
2388 3057 2425 3099 a
2475 3037 2686 3119 primo
2742 3036 2918 3099 fonte
2979 3037 3097 3099 ista
3144 3036 3446 3099 dicuntur
3489 3056 3504 3100 :

396 3136 471 3197 In
514 3134 635 3197 hoc
673 3141 887 3196 autem
928 3134 1097 3215 quod
1135 3134 1483 3196 Richardus
1520 3133 1773 3195 videtur
1814 3132 1903 3194 in-

398 3233 682 3306 sinuare,
726 3232 897 3314 quod
945 3250 1138 3313 agens
1187 3231 1565 3313 particulare
1609 3238 1679 3292 ut
1716 3248 1904 3311 gene-

401 3350 571 3403 rans,
604 3332 687 3393 sit
728 3348 853 3393 non
895 3330 1101 3393 solum
1144 3348 1333 3391 causa
1369 3329 1513 3392 sieri
1557 3329 1667 3391 sed
1709 3328 1901 3391 etiam

404 3430 609 3513 ipsius
658 3450 799 3492 esse
846 3430 935 3491 rei
986 3430 1236 3509 genitia,
1278 3448 1315 3491 a
1358 3429 1595 3491 Thoma
1636 3435 1699 3490 ει
1740 3427 1900 3490 Hen-

404 3529 539 3591 rico
587 3528 901 3591 dissentit.
954 3564 1037 3573 —
1080 3528 1344 3590 Videtur
1398 3534 1611 3590 autem
1672 3526 1901 3608 positio

404 3630 467 3691 S.
513 3629 769 3690 Thomae
816 3634 1125 3708 quantum
1175 3628 1250 3689 ad
1302 3626 1583 3708 primum
1634 3626 1900 3688 istorum

406 3726 845 3790 rationabilior
872 3744 1031 3788 esse.
1054 3726 1193 3789 Non
1226 3732 1436 3788 tamen
1467 3726 1735 3787 Thomas
1767 3724 1905 3786 vult

406 3826 639 3899 dicere,
675 3825 844 3907 quod
874 3842 1013 3887 esse
1045 3824 1135 3887 rei
1166 3832 1389 3887 creatae
1418 3831 1481 3885 et
1512 3824 1905 3886 conservatio

409 3924 493 3986 sit
520 3922 899 3986 continuum
929 3921 1098 3997 fieri,
1131 3923 1241 3985 sed
1272 3940 1411 3985 esse
1442 3922 1901 3984 continuatum.

412 4023 643 4085 Verum
674 4030 987 4103 quantum
1015 4022 1095 4084 ad
1126 4020 1735 4095 secundum,verius
1768 4037 1907 4082 reor

415 4122 579 4202 quod
638 4119 730 4183 ait
777 4120 1147 4191 RicharduS‚
1199 4120 1369 4201 quod
1426 4118 1673 4181 scilicet
1724 4137 1909 4198 gene-

2010 3155 2136 3218 qua
2181 3156 2280 3198 res
2323 3144 2453 3198 tam
2500 3136 2892 3198 incessanter
2937 3135 3223 3216 indigent
3264 3141 3508 3196 susten-

2013 3234 2128 3297 tari
2181 3254 2216 3296 a
2266 3235 2578 3309 Creatore,
2619 3254 2692 3297 ac
2741 3234 2795 3296 si
2839 3234 3013 3296 omni
3063 3240 3387 3296 momento
3427 3230 3508 3293 ab

2013 3333 2153 3415 ipso
2195 3334 2272 3395 de
2315 3350 2482 3395 novo
2524 3333 2922 3414 susciperent
2962 3350 3120 3393 esse.

2093 3433 2398 3495 Praeterea
2427 3432 2760 3493 Durandus
2795 3448 2808 3492 :
2841 3432 2910 3492 ln
2947 3431 3069 3503 his,
3105 3429 3334 3512 inquit,
3367 3449 3509 3512 quae

2016 3531 2187 3593 fiunt
2233 3549 2347 3612 per
2392 3529 2752 3611 simplicem
2795 3528 3284 3603 emanationem,
3327 3536 3397 3590 ut
3437 3547 3511 3590 ea

2016 3650 2159 3711 quae
2217 3637 2532 3701 creantur,
2584 3627 2728 3690 l'ieri
2779 3636 2841 3690 et
2889 3628 3127 3690 factum
3177 3647 3316 3690 esse
3363 3634 3512 3689 sunt

2016 3727 2311 3801 simul,et
2342 3733 2684 3807 utrumque
2717 3734 3119 3789 mensuratur
3141 3746 3319 3787 nunc
3347 3732 3513 3788 stan-

2016 3836 2095 3889 te.
2126 3827 2334 3900 Quum
2374 3842 2525 3906 ergo
2564 3825 2797 3887 creatio
2829 3825 2910 3887 sit
2937 3825 3076 3887 sine
3115 3832 3314 3899 motu,
3343 3844 3511 3888 crea-

2017 3944 2083 3986 re
2126 3933 2190 3986 et
2235 3923 2436 3986 creari
2486 3923 2708 3985 dicunt
2756 3923 2920 3985 solos
2969 3930 3294 4005 respectus
3344 3923 3512 3985 inter

2017 4025 2217 4087 Deum
2261 4030 2324 4084 et
2367 4029 2742 4095 creaturam,
2785 4022 2872 4083 ita
2913 4022 3082 4103 quod
3125 4039 3338 4082 creare
3382 4038 3508 4083 non

2016 4130 2112 4185 est
2140 4121 2315 4183 aliud
2351 4140 2542 4203 quam
2577 4120 2724 4181 dare
2754 4138 2892 4182 esse
2921 4119 3111 4181 alicui
3153 4119 3331 4181 nullo
3360 4139 3511 4201 sup-

420 4238 557 4281 rans
606 4218 689 4280 sit
736 4237 928 4280 causa
972 4237 1109 4279 esse
1154 4218 1355 4299 ipsius
1397 4217 1615 4299 geniti,
1649 4235 1776 4279 non
1822 4224 1908 4278 ta·
1938 4222 1987 4283 D
2020 4221 2248 4304 posim,
2299 4228 2361 4281 ct
2410 4218 2632 4291 creari,
2683 4236 2872 4299 quam
2935 4218 3025 4281 sic
3082 4218 3316 4281 habere
3371 4238 3510 4281 esse

420 4337 559 4380 men
612 4334 805 4379 causa
852 4315 1060 4378 totalis
1119 4334 1236 4378 nec
1287 4315 1659 4397 principalis
1712 4333 1726 4377 ι
1781 4314 1909 4377 imo

420 4434 619 4478 causae
648 4413 1009 4496 superiores
1040 4420 1101 4475 et
1133 4413 1543 4487 universaleS‚
1580 4413 1909 4495 potissime

422 4532 603 4576 causa
634 4512 863 4595 prima,
899 4512 1095 4594 magis
1126 4520 1275 4573 sunt
1305 4530 1509 4575 causae
1540 4512 1741 4593 ipsius
1772 4531 1909 4575 esse

424 4612 643 4675 horum
694 4611 1091 4675 inferiorum.
1139 4612 1431 4673 Attamen
1481 4630 1671 4674 causa
1719 4612 1909 4693 parti-

426 4710 651 4772 cularis
680 4728 829 4771 vere
860 4710 1093 4773 dicit-ur
1124 4729 1315 4773 causa
1347 4730 1485 4773 esse
1515 4710 1613 4773 sui
1645 4710 1904 4773 causati.

426 4808 573 4871 Nam
603 4817 666 4871 et
696 4816 856 4871 teste
884 4808 1285 4891 philosopho,
1308 4810 1513 4891 proles
1547 4827 1671 4872 non
1706 4818 1913 4892 potest

430 4907 663 4988 parenti
730 4908 1076 4988 rependere
1138 4908 1546 4988 aequivalens,
1608 4908 1910 4989 quoniam

428 5004 609 5067 habet
652 5023 795 5067 esse
837 5003 917 5066 ab
966 5003 1095 5066 illo.
1140 5005 1318 5067 Pater
1359 5024 1611 5087 quoque
1653 5014 1915 5068 vocatur

429 5104 530 5184 qui
568 5104 646 5166 de
688 5122 801 5165 sua
845 5101 1199 5165 substantia
1248 5104 1541 5184 producit
1584 5104 1794 5166 simile
1838 5105 1917 5167 si-

431 5200 491 5263 bi
523 5219 537 5263 ε
569 5201 740 5284 quod
778 5209 873 5263 est
912 5219 1213 5283 generare
1256 5208 1317 5263 et
1357 5201 1564 5263 facere
1604 5202 1911 5264 absolute.

436 5300 709 5383 Denique
740 5321 933 5384 super
972 5301 1129 5363 illud
1164 5300 1228 5362 in
1262 5300 1495 5373 Exod0,
1528 5300 1776 5362 Honora
1814 5320 1920 5383 pa-

2018 4340 2056 4381 a
2085 4321 2232 4382 Deo.
2266 4318 2509 4380 ldcirco
2543 4336 2743 4398 quum
2786 4334 2899 4399 pro
2928 4317 3214 4400 quolibet
3253 4318 3512 4381 instanti

2022 4438 2244 4481 verum
2286 4418 2364 4479 sit
2397 4418 2629 4491 dicere,
2663 4416 2832 4499 quod
2872 4423 3157 4478 creatura
3195 4416 3386 4480 habet
3423 4436 3518 4479 es-

2024 4536 2090 4579 se
2127 4536 2163 4578 a
2203 4517 2364 4595 Deo;
2408 4532 2524 4596 pro
2561 4514 2848 4595 quolibet
2885 4515 3075 4576 etiam
3116 4515 3376 4577 instanti
3415 4534 3518 4577 ve-

2025 4634 2168 4676 rum
2225 4622 2320 4676 est
2379 4612 2612 4686 dicere,
2667 4612 2834 4693 quod
2893 4619 3143 4674 creatur
3197 4621 3260 4675 et
3310 4620 3518 4675 creata

2023 4721 2136 4775 est.
2173 4713 2300 4775 Nec
2339 4718 2586 4793 oportet
2619 4729 2976 4772 mensuram
3021 4710 3358 4773 creationis
3393 4711 3518 4793 pri-

2027 4830 2130 4874 mo
2161 4810 2541 4874 coexsistere
2570 4809 2758 4872 alicui
2793 4828 2962 4870 nunc
2998 4809 3338 4890 temporis:
3367 4810 3519 4891 quia

2024 4928 2151 4973 non
2214 4915 2462 4991 oportet
2516 4908 2794 4989 aliquem
2859 4914 3102 4969 motum
3163 4908 3518 4989 praecederc

2026 5008 2433 5081 creationem,
2467 5005 2632 5068 sicut
2677 5006 2750 5067 sit
2796 5005 2860 5067 in
2905 5023 3068 5068 nova
3111 5006 3520 5069 illuminatio-

2026 5126 2105 5169 ne
2150 5106 2390 5168 ratione
2435 5104 2754 5167 novitatis.
2799 5103 2918 5165 Sed
2964 5104 3129 5165 sicut
3173 5105 3237 5166 in
3283 5105 3520 5167 divinis

2029 5222 2283 5285 semper
2322 5222 2542 5265 verum
2584 5209 2682 5264 est
2719 5201 2952 5275 dicere,
2987 5204 3153 5283 quod
3199 5203 3392 5265 Filius
3432 5204 3522 5284 gi-

2033 5301 2250 5382 gnitur
2295 5308 2358 5363 et
2403 5300 2654 5381 genitus
2707 5307 2803 5360 est
2850 5299 3223 5361 necessitate
3279 5308 3520 5365 naturae
