4334 6242
159 4419 192 4459 ρ.
209 4411 274 4453 w.
286 4407 327 4453 F.

943 482 1168 537 QnAEsr.
1213 482 1273 528 ιν
1317 480 1330 526 :
1373 480 1456 527 AN
1501 478 1562 526 m
1606 478 1966 527 nAEuomaus
2009 481 2102 527 sn·
2145 482 2303 530 onno
2346 482 2544 537 A'roun
2587 481 2898 529 rumano
3358 464 3479 535 355

367 652 802 733 ret,corporis
853 672 1134 715 sensum.
1187 653 1306 715 Sed
1359 673 1559 735 quum
1612 672 1736 717 non
1788 652 1870 713 sit
1899 650 1948 713 A
1979 650 2102 713 fuit
2144 652 2209 713 in
2250 651 2462 713 sinum
2506 652 2773 715 Abrahae
2812 653 3198 733 deportatus,
3231 650 3324 711 sic
3368 668 3479 732 per

362 750 652 811 activum
681 750 818 813 sine
855 752 1107 832 passivo
1147 751 1271 813 sibi
1312 752 1865 833 correspondente,

361 864 496 909 non
527 856 734 929 potest
765 850 928 929 ignis
962 869 1145 932 agere
1177 870 1292 912 sua
1320 851 1593 913 naturali
1623 851 1870 913 actione

361 945 431 1007 in
479 946 803 1029 spiritum,
843 948 1056 1029 ipsum
1109 947 1478 1029 affligendO,
1516 949 1638 1011 nisi
1685 949 1869 1031 spiri-

359 1050 466 1107 tus
508 1045 712 1127 possit
754 1046 886 1128 pati
931 1046 1012 1108 ab
1053 1044 1192 1129 ipso
1230 1066 1447 1109 veram
1483 1047 1868 1129 passionem,

358 1142 619 1225 qualem
663 1162 888 1206 sensus
929 1144 1010 1206 ab
1051 1144 1196 1227 igne
1242 1146 1572 1227 reciperet..
1615 1145 1873 1228 Propria

357 1250 578 1304 autem
610 1243 894 1325 potentia
930 1243 1281 1328 recipiendi
1325 1243 1694 1324 hujusmodi
1730 1263 1872 1326 pas-

361 1340 636 1415 sionem,
669 1358 794 1403 non
835 1350 932 1403 est
972 1341 1094 1403 nisi
1138 1360 1384 1415 sensuS‚
1421 1350 1482 1404 et
1512 1351 1690 1405 actus
1723 1342 1874 1405 acti-

362 1457 594 1501 vorum
626 1456 755 1501 non
785 1448 935 1501 sunt
961 1439 1084 1502 nisi
1127 1441 1192 1501 in
1225 1441 1504 1522 patiente
1540 1440 1868 1523 disposito.

365 1536 671 1600 Diabolus
713 1555 862 1601 vero
903 1538 1034 1601 vim
1076 1540 1446 1602 sensitivam
1488 1558 1612 1602 non
1660 1540 1868 1602 habet.

366 1636 584 1697 Restat
631 1654 782 1717 crgo
828 1636 1180 1699 difficultas
1229 1657 1306 1699 ex
1358 1647 1536 1719 parte
1586 1637 1871 1719 spirituS,

367 1736 692 1816 quomodo
739 1734 819 1796 ab
877 1736 1019 1815 igne
1072 1735 1380 1817 corporali
1441 1736 1638 1817 possit
1691 1736 1755 1797 in
1807 1753 1874 1797 se

367 1832 734 1915 passionem
776 1834 1078 1916 recipere.
1113 1834 1240 1895 Nec
1281 1840 1488 1915 potest
1524 1834 1671 1907 dici,
1705 1828 1874 1915 quod
1912 1829 1960 1891 B

367 1933 656 2013 potentia
690 1932 798 1993 illa
836 1932 1086 2013 passiva
1125 1933 1207 1994 sit
1250 1932 1313 1994 in
1355 1933 1584 2015 spiritu
1626 1941 1876 1994 natura-

368 2030 514 2093 liter
566 2048 581 2091 :
635 2032 788 2113 quia
849 2039 1000 2093 tunc
1060 2030 1503 2093 indifferenter
1557 2039 1878 2113 pateretur

365 2130 682 2191 exsistens
725 2130 789 2191 in
834 2128 978 2210 igne
1019 2129 1315 2191 infernali
1359 2130 1622 2211 spiritus
1663 2148 1879 2211 pecca-

367 2236 466 2291 tor
508 2234 571 2289 et
615 2245 740 2290 non
789 2235 1105 2309 peccator,
1137 2235 1201 2289 et
1243 2228 1442 2307 magis
1483 2235 1777 2309 peccator
1817 2234 1878 2289 et

370 2326 586 2387 minus
636 2333 953 2407 pecc-ator,
1000 2345 1198 2408 quum
1246 2332 1578 2408 peccatum
1625 2343 1751 2387 non
1795 2325 1879 2387 sit

367 2424 706 2506 dispositio
746 2425 826 2486 ad
867 2444 1120 2506 poenam
1159 2424 1280 2486 nisi
1325 2424 1668 2486 meritorie.
1702 2424 1877 2497 Quod

368 2524 606 2585 falsum
656 2531 774 2597 est,
815 2524 1066 2585 dicente
1119 2522 1418 2603 Gregorio
1469 2530 1694 2604 quarto
1743 2522 1880 2584 Dia-

373 2621 662 2703 logorum
720 2640 734 2683 :
787 2622 959 2683 Unus
1021 2620 1326 2701 gehennae
1377 2621 1539 2701 ignis
1595 2639 1722 2682 non
1781 2638 1879 2682 eo-

371 2720 514 2782 dem
570 2719 762 2781 modo
810 2719 1052 2781 cruciat
1103 2726 1484 2801 peccatores,
1529 2718 1880 2799 Unusquis-

372 2837 494 2900 que
544 2819 722 2881 enim
773 2826 1086 2900 quantum
1138 2817 1334 2896 exigit
1385 2816 1594 2897 culpa,
1633 2824 1877 2878 tantum

372 2917 564 2978 sentit
595 2916 674 2977 de
705 2934 909 2997 poena.
940 2916 1066 2978 Nec
1099 2922 1304 2996 potest
1337 2915 1484 2987 dici,
1513 2915 1680 2995 quod
1712 2916 1878 2977 Deus

1979 750 2299 813 daemones
2363 751 2684 812 ducuntur
2749 750 2954 832 iniqui
3016 750 3094 812 ad
3159 747 3397 811 inferos
3461 766 3476 810 :

1980 849 2149 932 quod
2194 856 2259 910 et
2304 848 2486 910 multi
2531 869 2567 911 a
2614 857 2815 911 morte
2864 848 3220 911 resuscitati
3268 846 3479 909 testati

1980 953 2148 1021 sunt,
2204 947 2541 1029 Sanctique
2597 947 2799 1029 aliqui
2859 946 2925 1008 in
2983 944 3480 1009 revelationibus

1981 1045 2136 1119 suiS,
2172 1052 2360 1127 prout
2398 1045 2463 1106 in
2506 1046 2777 1108 diversis
2816 1044 3132 1107 chronicis
3174 1052 3236 1106 et
3275 1043 3481 1123 legen-

1981 1144 2078 1206 dis
2122 1143 2524 1206 describitur.

2416 1469 2891 1543 QUAES'FIO
2954 1468 3061 1533 IV

2132 1733 2319 1796 I'arto
2349 1736 2675 1816 quaeritur,
2708 1737 2838 1803 An
2877 1738 2961 1803 :ln
2997 1734 3485 1803 doemonlbus

2161 1835 2272 1899 sit
2313 1834 2503 1899 ordo
2546 1837 2785 1917 atque
2828 1835 3211 1916 praelatio.

2066 1930 2331 1993 Videtur
2378 1934 2545 2013 quod
2596 1951 2742 1996 non.
2790 1935 3018 2007 Primo,
3068 1934 3217 2014 quia
3265 1952 3485 1995 secun-

1987 2028 2140 2090 dum
2193 2029 2483 2092 divinum
2533 2032 2927 2114 Dionysium,
2979 2033 3131 2094 ordo
3181 2040 3277 2093 est
3324 2030 3484 2113 opti-

1989 2244 2115 2287 non
2157 2233 2253 2287 est
2284 2227 2439 2307 quid
2480 2228 2817 2309 optimum,
2852 2229 2962 2290 sed
3001 2229 3372 2311 pessimum.
3406 2265 3487 2275 —

1989 2324 2302 2399 Secundo,
2338 2334 2667 2407 peccatum
2702 2335 2981 2389 meretur
3010 2326 3484 2410 depressionem

1987 2441 2059 2483 ac
2105 2424 2476 2485 servitutem
2514 2444 2528 2487 ε
2562 2444 2711 2505 ergo
2751 2424 2961 2506 angeli
3009 2426 3369 2507 superiores
3412 2444 3487 2489 eo

1991 2521 2129 2603 ipso
2159 2539 2287 2603 quo
2319 2522 2728 2586 inferioribus
2757 2524 3011 2604 gravius
3044 2533 3484 2606 peccaverunt,

1989 2620 2437 2683 vehementius
2485 2622 2762 2704 opprimi
2814 2630 3184 2683 meruerunt.
3232 2630 3295 2684 et
3340 2621 3488 2683 sub-

1989 2738 2146 2781 esse.
2205 2719 2367 2799 Ergo
2411 2732 2543 2781 'non
2599 2728 2878 2802 praesunt
2928 2720 3357 2782 infe-rioribus,
3408 2755 3489 2765 —

1989 2816 2217 2889 Tertio,
2234 2826 2565 2899 peccatum
2598 2818 2991 2880 deordinatio
3023 2824 3117 2879 est
3145 2826 3397 2880 naturae.
3418 2817 3487 2879 In

1989 2915 2386 2977 daemonibus
2426 2924 2639 2977 autem
2678 2915 3053 2997 gravissima
3089 2923 3237 2976 sunt
3268 2934 3487 2997 pecca—

373 3015 436 3075 in
469 3014 591 3076 hoc
626 3021 829 3075 mutet
870 3021 1158 3075 naturam
1197 3012 1459 3094 spiritus
1495 3029 1508 3073 :
1543 3014 1694 3094 quia
1725 3022 1878 3075 tunc
1916 3017 1959 3080 C
1993 3021 2072 3085 ta,
2106 3032 2255 3093 ergo
2286 3012 2681 3075 deordinatio
2716 3013 3007 3075 maxima.
3031 3049 3111 3058 —
3140 3013 3391 3088 Quarto,
3422 3014 3488 3075 in

373 3131 497 3175 non
544 3113 890 3174 sustineret
931 3129 1185 3193 poenam
1227 3112 1336 3192 qui
1383 3112 1706 3173 commisit
1750 3113 1880 3173 cul-

374 3230 542 3292 pam.
575 3211 787 3272 Restat
828 3209 1042 3289 igitur,
1079 3217 1146 3270 ut
1189 3209 1461 3282 videtur,
1499 3209 1666 3290 quod
1713 3210 1879 3271 Deus

375 3308 944 3393 supernaturaliter
980 3307 1296 3389 imprimit
1335 3316 1576 3370 naturae
1616 3308 1879 3389 spiritus

375 3408 645 3489 angelici
693 3425 767 3469 ac
812 3405 1076 3467 humani
1124 3422 1532 3467 communem
1578 3406 1707 3467 vim
1755 3424 1880 3487 qua

375 3506 503 3588 pati
545 3514 736 3587 queat
778 3504 858 3566 ab
903 3503 1047 3584 igne
1094 3521 1416 3585 corporeo,
1451 3504 1563 3565 Vel
1605 3504 1690 3565 ita
1730 3504 1880 3564 utri-

375 3623 497 3686 que
542 3602 918 3665 naturaliter
963 3601 1146 3675 inest,
1193 3601 1340 3663 licet.
1385 3601 1531 3663 latet
1577 3619 1728 3679 nos3
1761 3601 1879 3663 sic-

377 3722 498 3786 que
542 3704 716 3765 illam
759 3709 1069 3784 temperat
1109 3703 1296 3775 DeuS‚
1333 3709 1401 3763 ut
1443 3700 1578 3784 ipse
1617 3701 1879 3783 spiritus

377 3822 488 3885 per
512 3802 688 3864 illam
724 3802 1037 3864 sustineat
1066 3818 1322 3882 poenam
1362 3800 1641 3883 peccatis
1674 3818 1880 3863 corre—

377 3900 820 3984 spondentem,
855 3906 926 3959 ut
956 3898 1309 3961 secundum
1345 3899 1513 3979 quod
1545 3898 1701 3960 dicit
1731 3898 1877 3961 Gre-

375 3999 588 4080 gorius
619 4015 791 4061 nono
820 3996 1479 4078 Moralium‚quamvis
1509 3996 1878 4077 angelorum

378 4105 438 4161 et
475 4098 812 4161 hominum
857 4095 938 4157 sit
975 4103 1200 4156 natura
1242 4094 1597 4167 dissimilis,
1634 4114 1758 4156 una
1795 4102 1882 4156 ta-

1992 3111 2156 3172 libro
2196 3110 2311 3172 Job
2359 3110 2588 3191 legitur
2622 3130 2635 3173 :
2671 3110 2785 3173 Ubi
2817 3110 3144 3190 (videlicet
3187 3111 3253 3173 in
3297 3111 3490 3173 infer-

1991 3210 2100 3289 no)
2130 3208 2355 3269 umbra
2390 3209 2609 3270 mortis
2640 3217 2702 3269 et
2734 3209 2949 3271 nullus
2979 3209 3153 3283 ord0,
3188 3210 3298 3271 sed
3330 3229 3491 3272 sem-

1992 3308 2278 3389 piternus
2324 3307 2545 3369 horror
2590 3306 2919 3369 inhabitat.

2069 3407 2136 3467 In
2196 3406 2582 3468 contrarium
2642 3414 2738 3467 est
2788 3405 2948 3469 illud
2994 3406 3132 3477 Job,
3187 3408 3317 3470 Una
3378 3408 3779 3477 uniltia.x·.1,s.

1989 3503 2265 3565 adhaeret
2303 3520 2317 3565 z
2357 3504 2523 3585 quod
2566 3504 2641 3565 de
2682 3504 2966 3585 squamis
3011 3503 3355 3566 Leviathan
3400 3505 3489 3567 di-

1991 3600 2176 3674 citur,
2211 3619 2326 3682 per
2354 3621 2510 3684 quas
2551 3601 2839 3664 membra
2878 3602 3115 3665 diaboli
3156 3602 3486 3683 designan-

1990 3706 2106 3759 tur.
2125 3734 2189 3744 —
2216 3698 2738 3781 Rursus,primus
2769 3699 2878 3764 ille
2908 3708 3192 3782 apostata
3218 3700 3489 3782 appella-

1990 3805 2092 3859 tur
2122 3797 2421 3879 princeps
2454 3798 2857 3861 tenebrarum
2897 3818 2971 3861 ac
3006 3799 3389 3873 daemonum,
3424 3807 3486 3861 et
3536 3815 3780 3868 Μαιυωκ,

1991 3914 2099 3958 rex
2127 3914 2328 3978 ‚super
2358 3915 2577 3959 omncs
2620 3897 2791 3959 filios
2831 3898 3164 3980 superbiae.
3199 3934 3278 3943 —
3308 3898 3483 3961 Chri·
3511 3883 3593 3987 {gb
3612 3946 3777 3995 m„-

3352 4015 3367 4059 2
3420 3997 3776 4067 SlLuc.ai.18.

1989 4001 2123 4055 stus
2180 4012 2435 4075 quoque
2496 3995 2557 4055 in
2620 3994 2960 4076 Evangelio
3018 3996 3299 4079 loquitur

1989 4090 2247 4153 Satanas
2284 4090 2349 4152 in
2390 4110 2457 4153 se
2490 4091 2701 4173 ipsum
2743 4092 2987 4155 divisus
3018 4101 3133 4168 est,
3168 4096 3485 4175 quomodo

380 4214 523 4259 men
556 4214 748 4278 poena
784 4193 1074 4276 implicat
1114 4208 1272 4274 quos
1305 4212 1469 4255 unus
1511 4192 1578 4255 in
1610 4192 1880 4255 crimine
1909 4196 1959 4259 D
1989 4188 2183 4251 stabit
2217 4206 2483 4271 regnum
2518 4188 2702 4271 ejus?
2741 4187 2939 4252 Habet
2971 4190 3165 4272 igitur
3193 4210 3482 4273 regnum,

379 4302 586 4357 reatus
632 4294 802 4375 ligat.
849 4291 990 4356 Haec
1034 4290 1362 4354 HenricuS.

459 4394 802 4465 PostremO,
843 4398 912 4454 ut
958 4390 1252 4471 Magister
1299 4388 1494 4453 refert
1537 4388 1601 4451 in
1645 4386 1875 4465 littera,

384 4491 576 4574 aliqui
625 4491 847 4553 dicunt
894 4489 1262 4551 Luciferum
1323 4488 1385 4549 in
1437 4487 1686 4549 inferno
1735 4488 1877 4550 reli·

385 4599 594 4671 gatum
636 4609 673 4652 a
705 4596 986 4670 tempore
1027 4606 1154 4670 quo
1183 4607 1220 4649 a
1250 4587 1497 4650 Christo
1537 4586 1744 4649 victus
1783 4594 1878 4649 est

388 4690 447 4750 in
477 4690 748 4763 deserto,
773 4707 882 4751 seu
917 4696 1202 4769 tempore
1235 4686 1565 4768 passionis.
1589 4686 1712 4747 Alii
1745 4687 1877 4767 opi—

385 4787 817 4868 nantur,quod
851 4806 994 4849 mox
1028 4794 1096 4847 ut
1129 4785 1434 4866 peccavit,
1456 4785 1520 4845 in
1553 4784 1876 4847 infernum

383 4887 699 4968 projectus
759 4885 840 4947 sit
886 4884 968 4947 ob
1017 4884 1114 4946 sui
1167 4883 1608 4945 enormitatem
1670 4902 1879 4945 exces-

381 5004 502 5047 sus.
557 4985 834 5047 Diversae
895 5001 1146 5064 quoque
1207 4982 1484 5043 visiones
1547 4989 1874 5055 testantur,

383 5089 504 5145 tam
557 5084 624 5145 in
675 5082 926 5145 inferno
976 5100 1167 5162 quam
1227 5080 1290 5141 in
1349 5078 1712 5160 purgatorio
1759 5080 1878 5141 dae-

389 5200 598 5245 mones
639 5182 855 5263 plures
895 5198 1033 5242 esse
1073 5180 1150 5241 ad
1191 5177 1590 5260 puniendum
1634 5178 1876 5239 animas

387 5298 535 5343 reas.
572 5280 648 5342 Et
679 5279 847 5341 sicut
875 5278 1142 5341 Lazarus
1184 5295 1297 5358 per
1330 5274 1586 5357 angelos
1627 5282 1876 5338 sanctos

1989 4306 2138 4370 ergo
2178 4296 2241 4350 et
2270 4288 2701 4371 principatum
2740 4308 2815 4351 ac
2853 4287 3143 4353 ordinem
3182 4298 3484 4374 tanquam

1991 4405 2298 4469 superior.

2069 4582 2162 4648 Ad
2220 4581 2339 4647 hoc
2398 4583 2666 4648 Thomas
2724 4585 3064 4669 respondet
3115 4602 3129 4651 τ
3184 4586 3483 4651 Ordinem

1991 4684 2373 4766 prmlationis
2427 4684 2490 4746 in
2538 4684 2935 4748 daemonibus
2991 4705 3150 4759 csse,
3194 4688 3485 4768 congruit

1987 4800 2207 4843 eorum
2252 4789 2513 4855 naturae,
2556 4783 2789 4846 divinae
2832 4803 3084 4865 quoque
3134 4786 3479 4867 sapientiae,

1987 4904 2060 4947 ac
2092 4884 2365 4966 propriae
2405 4885 2724 4966 nequitiae.
2762 4885 2850 4947 Ex
2882 4894 3103 4948 natura
3141 4888 3313 4950 enim
3345 4889 3482 4970 qui-

1988 4985 2131 5045 dam
2162 4982 2305 5044 aliis
2338 4984 2696 5063 superiores
2727 4983 2986 5046 fuerunt
3020 5002 3033 5045 :
3067 4994 3129 5047 et
3159 4986 3309 5067 quia
3340 5006 3482 5069 pec·

1987 5089 2198 5142 catum
2244 5088 2534 5143 naturam
2580 5098 2706 5142 non
2750 5082 2935 5155 tollit,
2980 5085 3267 5164 sequitur
3309 5084 3478 5166 quod

1987 5178 2181 5240 etiam
2229 5185 2373 5260 post
2419 5186 2750 5260 peccatum
2796 5180 3053 5259 quidam
3102 5181 3243 5243 aliis
3294 5202 3478 5264 supe.-

1995 5276 2192 5339 riores
2244 5284 2629 5338 remaneant.
2672 5277 2765 5338 Ad
2817 5277 3096 5340 divinam
3146 5279 3338 5343 etiam
3387 5301 3479 5347 sa-

3540 3129 3623 3174 Job
3638 3146 3679 3183 x,
3694 3134 3762 3175 22.

3532 2043 3603 2099 Cs.
3627 2042 3765 2098 Bptst.

1989 2146 2166 2189 mum
2200 2127 2354 2209 quid
2390 2129 2453 2189 in
2489 2130 2699 2191 rebuS.
2736 2132 2805 2192 ln
2835 2131 3231 2193 daemonibus
3270 2139 3485 2193 autem
3512 2122 3600 2150 ‘'¹¹'‘
