4334 6242
864 462 942 528 16
1621 479 1899 528 Errronffi
1939 476 2407 525 msrmcrloxtm
2450 475 2607 524 me
2650 477 2694 524 11
2736 479 3201 527 sumamma!

859 655 1058 710 tamen
1116 651 1319 724 gratia,
1369 653 1425 706 et
1464 648 1591 723 ipsa
1635 648 1901 706 voluntas
1957 664 2091 704 cum
2149 646 2355 702 eadem
2388 641 2440 704 A
2468 647 2663 701 motus
2690 645 2873 702 animi
2904 647 3024 704 sore
3054 649 3341 712 dicebant,
3365 665 3549 721 quum
3578 650 3697 705 sint
3724 648 3964 707 virtutes

861 740 1048 797 multa
1083 739 1198 797 alia
1237 739 1335 797 Dei
1374 741 1528 795 dona
1569 737 1856 810 praecedit.
1892 735 2150 807 Denique
2187 737 2246 789 et
2271 735 2360 804 (ut

859 844 930 884 ex
959 828 1148 885 verbis
1177 827 1484 900 Augustini
1519 825 1834 898 colligitur)
1862 825 2111 898 gratiam
2144 838 2358 895 praeve-

859 917 1118 976 nientem
1167 921 1222 975 et
1267 919 1624 990 operantem,
1657 931 1774 987 qua
1820 915 1972 970 bona
2017 912 2076 968 in
2118 911 2358 968 homine

856 1006 1124 1063 voluntas
1178 1009 1554 1079 praeparatur,
1601 1005 1752 1060 bona
1807 1004 2078 1075 quaedam
2129 1017 2201 1057 ex
2260 1000 2356 1057 Dei

860 1097 1048 1169 gratia
1095 1100 1150 1154 et
1188 1097 1368 1152 libero
1407 1094 1647 1151 arbitrio
1695 1095 2049 1166 praecedunt,
2081 1093 2355 1163 quoedam

858 1186 1034 1243 etiam
1064 1203 1134 1242 ex
1164 1185 1286 1242 solo
1317 1185 1496 1241 libero
1531 1182 1790 1244 arbitrio,
1821 1181 2043 1238 scilicet
2072 1183 2136 1238 ut
2162 1179 2357 1235 videa-

857 1289 990 1330 mus
1028 1275 1209 1330 bonas
1249 1289 1372 1329 esse
1411 1272 1510 1328 Dei
1541 1269 2006 1344 justificationes,
2040 1267 2250 1326 deinde
2294 1269 2358 1322 ut

856 1379 954 1418 eas
1009 1362 1338 1420 desiderare
1393 1359 1894 1432 concupiscamuS,
1943 1360 2000 1413 et
2048 1359 2189 1414 tunc
2234 1359 2358 1411 tan-

856 1455 1011 1517 dem,
1043 1451 1287 1508 faciente
1327 1449 1530 1523 gratia,
1563 1465 1764 1506 earum
1803 1447 2048 1505 delectet
2075 1445 2351 1518 operatio.
2386 1437 2389 1440 ’

853 1578 974 1629 Hoc
991 1592 1134 1642 opus
1152 1578 1459 1628 humanum
1480 1576 1678 1626 merita
1698 1575 1944 1625 bonitate
1963 1573 2226 1623 decorum
2244 1575 2351 1630 est,

918 1651 1134 1701 Praevia
1164 1650 1314 1714 quod
1345 1649 1514 1699 vestit
1549 1648 1748 1712 gratia,
1781 1645 2042 1711 quodque
2084 1657 2349 1708 sequens.

1247 1890 1671 1956 DISTINCTIO
1715 1888 1945 1952 XXVII.

1086 2047 1200 2108 Hic
1243 2044 1772 2108 considerandum
1820 2050 1936 2115 est,
1983 2047 2101 2103 etc.

977 2263 1074 2319 NA
1109 2265 1198 2319 est
1233 2259 1615 2318 essentialiter
1654 2257 1840 2331 gratia
1877 2271 2124 2328 operans
2161 2256 2219 2310 et
2253 2270 2347 2310 co·

994 2350 1600 2423 operans,secundum
1631 2347 1886 2402 diversos
1913 2343 2149 2400 effectus
2179 2341 2349 2398 aliter

845 2442 903 2497 et
929 2439 1098 2496 aliter
1125 2437 1446 2494 nominata.
1481 2437 1542 2491 In
1573 2438 1858 2508 quantum
1895 2432 2052 2489 enim
2082 2432 2348 2487 volunta-

844 2534 962 2586 tem
993 2546 1027 2585 a
1057 2528 1212 2585 malo
1249 2527 1472 2590 liberat,
1505 2542 1751 2597 operans
1787 2524 2002 2580 dicitur
2021 2540 2036 2588 ;
2070 2521 2130 2577 in
2165 2536 2347 2592 quan-

845 2623 972 2676 tum
1020 2621 1216 2675 autem
1265 2618 1532 2673 eamdem
1580 2615 1818 2687 adjuvat
1863 2614 1938 2667 ad
1985 2612 2207 2668 bonum
2257 2608 2344 2665 ul-

843 2705 1024 2764 terius
1070 2706 1424 2768 faciendum,
1457 2718 1772 2775 cooperans
1819 2699 2162 2774 appellatur.
2198 2700 2345 2754 Sunt

843 2800 1038 2854 autem
1080 2794 1338 2851 bominis
1379 2793 1492 2850 tria
1519 2794 1805 2849 bonorum
1836 2805 2048 2863 genera
2081 2805 2092 2843 :
2125 2805 2344 2860 magna

841 2885 1079 2951 scilicet,
1110 2888 1176 2941 ut
1201 2884 1460 2947 virtuteS,
1494 2881 1704 2953 quibus
1734 2896 1907 2936 nemo
1937 2878 2090 2934 male
2121 2877 2204 2933 uti
2248 2895 2345 2950 po-

2382 1789 2431 1852 B

2465 733 2735 792 animum
2776 739 2851 793 ad
2890 740 3085 794 actum
3127 742 3422 795 moventes
3454 739 3660 812 :juxta
3706 741 3861 813 quod
3906 741 3965 795 et

2463 825 2705 880 verbum
2742 826 3049 898 Augustini
3088 827 3495 898 accipiendum
3533 832 3636 894 est,
3670 845 3784 900 quo
3822 826 3965 883 dicit

2466 911 2640 968 fidem
2684 930 2807 970 esse
2849 917 3083 972 credere
3130 918 3286 988 quod
3331 932 3445 972 non
3492 917 3672 982 videti,
3706 918 3810 972 boc
3856 920 3959 980 est,

2466 1000 2609 1056 tides
2638 1005 2725 1057 est
2742 1001 2924 1060 virtus
2954 1020 3192 1061 movens
3218 1006 3295 1060 ad
3325 1008 3682 1063 credendum
3714 1006 3774 1062 id
3804 1006 3959 1077 quod

2466 1105 2583 1144 non
2611 1089 2791 1148 vides.

2465 1215 2642 1264 Omne
2674 1215 2803 1266 licet
2835 1219 3091 1268 meritum
3125 1219 3311 1283 capiat
3341 1219 3542 1270 devota
3568 1219 3848 1278 voluntati,

2528 1287 2647 1338 Hoc
2676 1293 2865 1340 tamen
2896 1289 2951 1340 in
2981 1290 3178 1355 primis
3208 1291 3392 1354 gratia
3419 1292 3544 1343 sola
3571 1292 3735 1356 parit.

2843 1530 3266 1595 DISTINCTIO
3316 1535 3574 1596 XXVIII.

2760 1681 2825 1744 Id
2878 1701 3029 1746 vero
3080 1685 3479 1760 inconcusse,
3532 1693 3651 1748 etc.

2530 1894 3016 1954 NDUBITANTER
3042 1902 3361 1958 tenendum
3392 1905 3495 1966 est,
3526 1901 3775 1959 liberum
3804 1903 3954 1959 arbi-

2544 1984 2724 2042 trium
2754 1986 2880 2044 sine
2910 1989 3095 2060 gratia
3133 1991 3518 2062 praeveniente
3546 1995 3604 2048 et
3638 1993 3953 2066 adjuvante

2453 2075 2531 2130 ad
2567 2075 2814 2133 salutem
2854 2094 2971 2134 non
3010 2079 3291 2146 sufficere,
3325 2098 3433 2138 nec
3472 2082 3696 2139 meritis
3736 2081 3951 2139 nostris

2455 2163 2701 2234 gratiam
2735 2167 3022 2231 advocari,
3040 2168 3192 2226 sicut
3212 2173 3412 2227 tamen
3443 2171 3681 2228 haeresis
3704 2171 3955 2228 asseruit

2454 2251 2766 2325 Pelagiana
2796 2271 2809 2311 ε
2842 2273 2972 2328 quae
3002 2260 3147 2316 adeo
3179 2259 3380 2332 gratiae
3415 2261 3513 2317 Dei
3542 2261 3946 2327 contrariatur,

2455 2344 2518 2397 ut
2563 2344 2762 2401 omnia
2800 2345 2981 2417 ipsius
3028 2350 3308 2405 mandata
3355 2349 3598 2422 implere
3646 2351 3947 2406 hominem

2451 2429 2576 2486 sine
2614 2449 2682 2488 ea
2720 2450 2886 2504 posse
2925 2436 3105 2502 dicat;
3139 2454 3245 2494 nec
3294 2438 3543 2510 gratiam
3583 2439 3710 2495 dari
3746 2438 3945 2504 voluit,

2454 2520 2565 2574 nisi
2596 2524 2660 2577 ut
2696 2521 2923 2580 facilius
2962 2542 3030 2582 ea
3066 2526 3437 2598 impleantur,
3470 2527 3663 2600 ipsum
3694 2527 3945 2586 liberum

2451 2609 2759 2666 arbitrium
2790 2630 2894 2685 per
2917 2618 3187 2671 naturam
3227 2614 3346 2672 sore
3382 2617 3629 2689 gratiam
3668 2616 3829 2673 illam
3860 2635 3951 2674 as-

2451 2715 2665 2766 serens,
2713 2701 2839 2758 sine
2885 2721 3001 2775 qua
3050 2704 3192 2760 nihil
3241 2706 3376 2762 boni
3433 2705 3619 2763 facere
3662 2707 3945 2772 valemus,

2452 2789 2565 2844 Deo
2612 2808 2714 2862 per
2759 2791 2946 2864 Iegem
2996 2811 3165 2850 suam
3214 2812 3318 2850 nos
3364 2795 3703 2852 instruente.
3746 2797 3946 2868 Itaque

2452 2894 2553 2949 per
2590 2879 2713 2935 haec
2761 2884 3156 2939 concedebant
3203 2884 3497 2956 Pelagiani
3540 2885 3664 2941 dari
3705 2885 3943 2958 quidem

841 2977 984 3041 test;
1015 2973 1284 3036 minima,
1319 2974 1382 3028 ut
1428 2972 1581 3026 bona
1617 2966 1994 3040 temporalia;
2027 2969 2084 3022 et
2123 2967 2337 3030 media,
2371 2958 2414 3022 C
2451 2968 2702 3040 gratuito
2756 2969 3080 3037 scientiam,
3131 2976 3191 3029 at
3243 2990 3357 3029 non
3414 2974 3495 3030 sic
3542 2975 3841 3032 caritatem
3888 2979 3947 3031 et

840 3065 906 3118 ut
937 3063 1207 3135 potentiae
1245 3061 1478 3118 animae.
1512 3059 1731 3126 Quibus
1770 3055 1994 3113 ultimis
2028 3056 2256 3112 duobus
2286 3058 2342 3111 et

839 3153 986 3209 bene
1023 3156 1080 3208 et
1114 3151 1269 3208 male
1305 3150 1573 3206 homines
1611 3148 1693 3204 uti
1735 3149 1994 3220 possunt.
2027 3146 2090 3200 In
2131 3145 2340 3201 mediis

838 3245 1035 3298 autem
1077 3239 1244 3297 bonis
1287 3239 1464 3296 etiam
1513 3238 1760 3294 liberum
1809 3235 2116 3292 arbitrium
2161 3233 2341 3290 conti·

839 3335 1052 3389 netur:
1093 3331 1260 3404 cujus
1314 3329 1490 3387 etiam
1549 3329 1735 3384 bonus
1788 3344 1946 3390 usus,
1995 3324 2178 3382 virtus
2231 3328 2335 3390 est,

839 3437 970 3494 quae
999 3419 1057 3474 in
1089 3418 1320 3491 magnis
1351 3417 1517 3474 bonis
1546 3417 1935 3488 computatur.
1968 3417 2107 3480 Quae
2135 3414 2340 3470 omnia

837 3527 873 3566 a
900 3510 1014 3566 Deo
1053 3525 1176 3565 esse
1217 3511 1459 3563 constat.
1491 3505 1726 3577 Proprie
1764 3509 1962 3560 tamen
1997 3505 2180 3560 virtus
2219 3519 2334 3559 non

837 3601 924 3654 est
959 3601 1124 3654 actus
1161 3595 1249 3653 vel
1289 3613 1447 3659 usus,
1487 3597 1588 3652 sed
1637 3595 1788 3649 bona
1833 3593 2044 3648 mentis
2086 3592 2337 3665 qualitas

836 3704 954 3760 qua
998 3689 1150 3744 recte
1189 3686 1417 3749 vivitur,
1449 3688 1507 3741 et
1540 3701 1656 3756 qua
1689 3683 1886 3740 nullus
1924 3682 2077 3738 male
2113 3682 2333 3739 utitur:

837 3793 1015 3848 quam
1065 3776 1214 3832 Deus
1253 3774 1410 3830 solus
1446 3774 1504 3829 in
1547 3772 1784 3830 bomine
1824 3775 2114 3844 operatur.
2147 3773 2332 3837 Quod,

835 3868 1160 3922 secundum
1219 3864 1550 3936 magistrOS,
1601 3865 1670 3918 de
1725 3862 1936 3918 virtute
1992 3861 2337 3933 intelligitur

832 3953 1045 4012 infusa.
1078 3956 1244 4020 Quod
1276 3956 1345 4010 de
1373 3952 1584 4008 virtute
1613 3951 1860 4025 Justitiae
1888 3954 1944 4006 et
1977 3951 2108 4007 fidei
2137 3954 2335 4022 aperte

833 4061 904 4101 ex
925 4044 1237 4116 Scripturis
1270 4041 1679 4116 probaturzsic
1707 4043 1863 4112 quod
1893 4041 2074 4096 virtus
2103 4057 2221 4096 non
2250 4043 2339 4096 est

2451 3057 2720 3127 gratiam,
2770 3062 2871 3116 sed
2917 3061 3084 3133 quasi
3130 3078 3199 3118 ex
3250 3062 3470 3119 meritis
3520 3080 3651 3120 eam
3698 3063 3941 3136 acquiri.

2449 3147 2766 3204 Destruunt
2806 3153 3003 3206 autem
3050 3154 3107 3207 et
3145 3169 3247 3224 per
3281 3151 3391 3208 hoc
3432 3153 3700 3208 Ecclesiae
3736 3154 3947 3209 oratio-

2448 3251 2567 3291 nes.
2587 3237 2655 3290 Et
2681 3235 2921 3309 insuper
2946 3240 3215 3311 parvulos
3244 3241 3370 3298 sine
3394 3240 3696 3313 originalis
3725 3242 3943 3314 peccati

2446 3324 2677 3382 vinculo
2719 3327 2877 3382 nasci
2917 3331 3359 3386 contendebant.
3391 3331 3774 3387 Auctoritates
3806 3349 3941 3390 vero

2448 3414 2757 3487 Augustini
2788 3416 3000 3490 quibus
3038 3419 3263 3475 erronei
3304 3419 3719 3484 innitebantur,
3750 3423 3826 3477 ad
3854 3439 3943 3478 sa-

2448 3519 2589 3560 num
2650 3505 3006 3565 intellectum
3060 3513 3329 3580 acceptae,
3378 3509 3527 3565 nihil
3583 3527 3687 3581 pro
3731 3511 3815 3566 eis
3860 3510 3941 3568 sa-

2446 3595 2625 3655 ciunt,
2658 3599 2721 3651 ut
2770 3596 2828 3651 in
2875 3600 3055 3653 textu.
3103 3597 3284 3669 Igitur
3331 3597 3578 3655 liberum
3618 3601 3703 3672 (ut
3746 3600 3940 3658 Hiero-

2446 3699 2657 3756 nymus
2714 3684 2926 3756 inquit)
2970 3684 3053 3742 sic
3106 3686 3455 3743 confitemur
3499 3687 3826 3753 arbitrium,
3876 3692 3942 3745 ut

2446 3771 2713 3828 dieamus
2761 3789 2864 3828 nos
2905 3789 3137 3846 semper
3174 3774 3433 3847 indigere
3476 3774 3575 3832 Dei
3616 3776 3852 3842 auxili0,
3884 3780 3942 3833 et

2443 3863 2563 3916 tam
2614 3862 2743 3916 illos
2791 3879 2985 3919 errare
3033 3863 3131 3936 qui
3182 3881 3315 3920 cum
3368 3865 3687 3922 Manichoeo
3735 3865 3941 3923 dicunt

2444 3950 2745 4007 hominem
2795 3956 3097 4023 peccatum
3144 3953 3325 4010 vitare
3377 3969 3493 4009 non
3543 3971 3726 4025 posse,
3758 3972 3936 4026 quam

2444 4039 2573 4096 illos
2620 4041 2719 4112 qui
2777 4057 2911 4098 cum
2958 4042 3260 4098 Joviniano
3316 4046 3583 4099 asserunt
3635 4043 3935 4100 hominem

833 4133 1018 4189 animi
1049 4137 1244 4190 motus
1271 4132 1360 4188 vel
1398 4133 1654 4195 affectus,
1687 4133 1788 4187 sed
1819 4129 2068 4202 qualitas
2105 4147 2209 4186 seu
2240 4130 2337 4186 ha·
2364 4124 2413 4185 D
2444 4145 2558 4185 non
2592 4147 2755 4202 posse
2785 4148 3039 4204 peccare.
3073 4135 3196 4198 Quo
3232 4132 3410 4188 simul
3438 4134 3495 4188 et
3531 4150 3693 4190 error
3720 4133 3936 4207 Pelagii

832 4223 1007 4280 bitus.
1041 4225 1208 4288 Quod
1247 4226 1305 4280 et
1340 4224 1410 4280 de
1451 4221 1637 4293 gratia
1666 4219 1888 4276 censeri
1928 4220 2116 4284 debet,
2147 4237 2332 4292 quum

833 4311 960 4383 ipsa
1023 4328 1254 4384 quoque
1308 4309 1492 4367 virtus
1557 4310 1908 4381 quandoque
1970 4308 2329 4368 nominatur.

833 4399 1110 4465 Quamvis
1154 4402 1352 4456 autem
1394 4398 1622 4455 nullum
1663 4398 1739 4452 sit
1779 4397 1838 4452 in
1888 4397 2124 4454 bomine
2165 4401 2337 4456 meri·

831 4492 958 4545 tum
1016 4487 1139 4544 sine
1195 4487 1375 4544 libero
1433 4485 1690 4550 arbitrio,
1742 4485 2079 4556 principalis
2134 4489 2332 4544 tamen

834 4577 1099 4634 merendi
1133 4593 1310 4634 causa
1337 4579 1423 4634 est
1460 4575 1646 4649 gratia
1685 4577 1915 4647 gratum
1952 4573 2187 4639 faciens,
2218 4595 2333 4648 qua

829 4666 1097 4724 voluntas
1125 4665 1382 4723 hominis
1421 4668 1664 4722 sanatur
1691 4667 1747 4720 et
1773 4664 2028 4736 juvatur.
2065 4664 2225 4721 Unde
2262 4683 2329 4722 ex

832 4757 1019 4829 gratia
1046 4760 1103 4813 et
1131 4755 1312 4812 libero
1341 4755 1581 4811 arbitrio
1613 4755 1798 4810 bonus
1827 4753 2010 4809 animi
2043 4757 2239 4811 motus
2276 4759 2333 4812 et

831 4846 1108 4904 meritum
1149 4845 1424 4918 procedit.
1459 4845 1618 4902 Unde
1647 4846 1701 4900 et
1742 4860 1844 4915 per
1873 4842 2121 4915 gratiam
2151 4843 2331 4900 virtu-

828 4938 914 4991 tes
945 4935 1156 4992 mereri
1197 4938 1349 4991 recte
1388 4934 1680 4999 dicuntur,
1713 4949 1782 4990 ex
1815 4949 2065 5004 quarum
2104 4933 2329 4990 actibus

819 5025 978 5097 juste
1024 5024 1291 5080 vivimus.
1329 5023 1473 5080 Hine
1519 5025 1676 5096 quod
1726 5039 1902 5094 supra
1951 5022 2173 5078 dictum
2224 5026 2325 5090 est,

829 5115 1050 5171 bonum
1081 5129 1256 5171 usum
1296 5113 1462 5169 liberi
1492 5112 1717 5169 arbitrii
1745 5112 2016 5168 virtutem
2049 5129 2192 5177 esse,
2226 5129 2328 5184 pro

828 5207 962 5262 actu
981 5203 1210 5260 virtutis
1239 5207 1326 5260 est
1345 5203 1775 5274 accipiendum.
1801 5203 1946 5258 Hinc
1967 5202 2142 5258 etiam
2176 5202 2328 5259 male

829 5292 1048 5368 opinati
1079 5295 1234 5360 sunt,
1257 5291 1357 5365 qui
1387 5292 1564 5350 fidem
1593 5295 1651 5349 et
1670 5291 1970 5349 caritatem
2001 5295 2058 5348 et
2085 5291 2325 5359 simileS‚

2442 4219 2695 4277 eliditur.

2442 4337 2617 4387 Nemo
2646 4335 2870 4401 implere
2912 4341 3097 4400 potest
3132 4337 3283 4400 leges
3314 4339 3412 4388 aut
3444 4337 3664 4388 vincere
3703 4338 3933 4400 crimen,

2504 4407 2682 4471 Cujus
2714 4407 2767 4457 in
2798 4407 3027 4458 arbitrio
3053 4408 3235 4472 gratia
3264 4409 3416 4460 nulla
3448 4409 3621 4460 sedet.

2849 4659 3275 4722 DISTINCTIO
3317 4661 3523 4723 XXIX.

2576 4810 2719 4872 Post
2761 4809 2895 4873 haec
2939 4812 3471 4874 considerandum
3514 4819 3629 4887 est,
3672 4821 3791 4875 etc.

2508 5024 2790 5080 NDIGUI'I'
2820 5024 2999 5080 homo
3027 5025 3253 5096 primus
3282 5026 3466 5098 gratia
3496 5030 3788 5098 operante,
3813 5044 3927 5084 non

2532 5113 2770 5186 quidem
2820 5116 2886 5171 ut
2930 5131 2999 5170 ea
3044 5130 3079 5168 a
3126 5115 3282 5170 malo
3318 5131 3419 5172 seu
3470 5119 3703 5187 peccato
3745 5118 3929 5189 (quod

2435 5218 2553 5258 non
2584 5203 2810 5274 habuit)
2838 5203 3199 5267 liberaretur,
3232 5205 3334 5259 sed
3371 5208 3437 5261 ut
3472 5206 3547 5260 ad
3583 5206 3803 5262 bonurn
3831 5223 3928 5261 vo·

2437 5292 2631 5350 luntas
2666 5292 2794 5366 ejus
2832 5297 3277 5366 praepararetur.
3312 5293 3524 5351 Habuit
3551 5297 3748 5352 autem
3780 5294 3929 5370 (opi-
