4334 6242
837 458 918 525 42
1533 487 1596 532 m
1639 488 1860 533 manum
1903 489 1944 534 11
1987 486 2470 535 SENTENTIARUM.
2515 507 2598 518 -
2638 491 2791 536 ms'r.
2841 492 2901 555 13
2946 493 3168 549 QUAEST.
3217 495 3237 539 1

838 648 1002 730 logia
1044 660 1255 717 autem
1303 675 1503 738 quum
1553 657 1635 719 sit
1677 677 1791 739 per
1831 658 2112 720 divinam
2160 677 2331 721 reve·
2358 658 2411 720 A
2442 659 2597 723 Coeli
2631 669 2693 722 et
2724 662 2967 736 mundi,
3002 663 3054 725 si
3098 683 3297 726 unum
3340 665 3803 728 contrariorum
3844 663 3943 726 fu·

839 748 1135 812 lationem
1179 763 1460 837 accepta,
1492 774 1528 817 a
1573 757 2010 838 superioribus
2051 759 2129 820 ad
2175 757 2330 820 infe-

837 848 1002 910 riora
1045 851 1389 914 descendit.

901 949 1090 1012 Porro
1121 952 1286 1032 quod
1317 953 1406 1014 ait
1435 954 1728 1034 Magister
1758 955 1822 1016 in
1856 955 2327 1039 littera,Moyses

833 1046 1074 1127 Spiritu
1105 1049 1215 1110 Dei
1249 1049 1527 1124 afflatuS,
1563 1052 1624 1112 id
1660 1060 1756 1114 est
1784 1053 2093 1116 divinitus
2134 1054 2330 1136 inspi-

834 1153 1004 1207 ratus
1053 1153 1113 1206 ct
1163 1148 1408 1219 doctus,
1461 1150 1526 1210 in
1587 1170 1713 1214 uno
1761 1151 2079 1233 principio
2135 1153 2330 1215 refert

835 1245 1144 1306 mundum
1179 1265 1214 1307 a
1245 1247 1371 1308 Deo
1411 1256 1716 1319 creatum,
1755 1249 2090 1330 tripliciter
2119 1253 2330 1333 expla-

834 1350 1021 1403 natur
1055 1361 1068 1404 :
1107 1345 1312 1425 primo
1343 1346 1456 1420 sic,
1493 1347 1724 1410 inuno
1761 1348 2098 1429 principiO,
2134 1350 2196 1412 id
2232 1359 2327 1412 cst

835 1440 1050 1514 simul,
1092 1462 1203 1504 seu
1253 1451 1397 1505 ante
1447 1445 1696 1522 omuia;
1742 1447 2041 1520 secunde,
2086 1448 2150 1509 in
2202 1467 2328 1511 uno

835 1539 1176 1621 principio,
1223 1541 1285 1603 id
1335 1551 1429 1604 est
1476 1543 1540 1604 in
1591 1545 1783 1622 Fili03
1838 1535 2042 1614 tertio,
2088 1547 2150 1608 in
2203 1566 2329 1610 uno

836 1638 1175 1720 principi0,
1209 1640 1272 1701 id
1315 1649 1410 1702 est
1454 1641 1518 1702 in
1563 1643 1820 1706 exordio
1865 1645 2190 1726 temporis,

1151 1966 1625 2040 QUAESTIO
1685 1969 2014 2032 PRIMA

960 2231 1094 2292 lrca
1134 2230 1295 2292 hanc
1335 2231 1604 2312 primam
1646 2233 2122 2297 distinctionem
2159 2254 2327 2316 quae-

987 2329 1148 2389 ritur
1204 2330 1432 2411 prim0‚
1489 2331 1778 2398 Utrum
1836 2335 1946 2398 sit
2006 2335 2327 2399 tantum

834 2443 1081 2493 unum
1123 2428 1611 2510 principium
1655 2431 2123 2500 increatum.

912 2526 1178 2588 Videtur
1206 2529 1373 2610 quod
1411 2547 1556 2591 non.
1591 2530 1821 2604 Prim0‚
1855 2530 2156 2612 quoniam
2191 2530 2328 2592 ubi-

837 2643 1112 2707 cumque
1153 2634 1250 2687 est
1289 2627 1574 2688 invenire
1618 2628 1823 2709 majus
1863 2637 1926 2690 et
1968 2628 2202 2703 minus,
2238 2628 2327 2690 ibi

837 2723 1200 2805 assignatur
1242 2733 1302 2786 et
1349 2725 1716 2787 maximum.
1760 2727 2066 2788 Malorum
2114 2735 2327 2788 autem

839 2823 1127 2904 quaedam
1170 2830 1317 2884 sunt
1355 2825 1554 2905 magis
1595 2826 1779 2898 mala,
1813 2825 2026 2907 aliqua
2065 2826 2275 2887 minus
2312 2845 2325 2888 :

835 2938 984 3003 ergo
1014 2931 1111 2984 est
1139 2922 1393 3004 aliquod
1428 2924 1775 2985 maximum
1811 2925 2068 2985 malum.
2106 2925 2170 2986 ln
2206 2943 2333 2986 om-

2442 759 2563 820 erit
2625 760 2687 821 in
2750 769 2994 837 natura,
3046 772 3109 824 ct
3157 763 3351 824 aliud.
3402 764 3565 844 Ergo
3622 763 3785 825 sicut
3842 771 3943 825 est

2442 877 2765 921 summum
2814 868 2876 922 et
2927 861 3209 943 primum
3260 861 3523 936 bonum,
3570 862 3657 923 ita
3704 870 3767 923 et
3808 863 3940 944 pri-

2447 976 2620 1018 mum
2682 966 2745 1019 et
2806 959 3157 1022 maximum
3225 959 3483 1022 malum.
3546 997 3624 1006 —-
3682 960 3939 1035 Quinto,

2443 1055 2683 1118 bonurn
2715 1066 2775 1118 et
2810 1058 3047 1119 malum
3090 1066 3238 1119 sunt
3266 1077 3497 1140 genera
3535 1059 3803 1120 aliorum
3844 1078 3942 1122 se-

2444 1155 2724 1215 cundum
2758 1156 2924 1236 quod
2965 1176 3166 1236 genus
3197 1157 3434 1218 dicitur
3461 1156 3738 1218 ambitus
3781 1177 3940 1238 prae-

2442 1251 2816 1313 dicabilium
2867 1255 3218 1315 secundum
3270 1254 3578 1316 rationem
3622 1256 3934 1316 camdem.

2442 1350 2604 1430 Ergo
2636 1353 3135 1433 unumquodque
3166 1371 3387 1415 eorum
3418 1362 3514 1415 est
3544 1353 3939 1434 principium

2442 1449 2730 1510 omnium
2783 1450 2848 1510 in.
2899 1469 3014 1519 suo
3063 1450 3309 1512 ambitu
3359 1459 3820 1513 contentorum.
3856 1487 3942 1496 —

2442 1548 2650 1621 Sexto,
2684 1549 2892 1610 omnis
2935 1550 3255 1630 processio
3294 1556 3694 1611 causatorum
3730 1569 3767 1611 a
3802 1549 3941 1611 suis

2442 1647 2650 1708 causis
2702 1665 2814 1728 per
2862 1646 3351 1709 similitudinem
3403 1648 3745 1729 quamdam
3795 1647 3942 1709 erfi-

2442 1745 2628 1818 citur,
2662 1763 2861 1826 quum
2904 1744 3177 1807 effectus
3222 1745 3303 1807 sit
3348 1746 3723 1827 participata
3769 1765 3943 1826 quae-

2368 1839 2585 1904 Bdam
2636 1863 2765 1904 suae
2813 1862 3018 1905 causae
3068 1844 3441 1906 similitudo.
3490 1844 3693 1916 Quum
3747 1845 3945 1925 igitur

2442 1941 2606 2002 Deus
2639 1941 2799 2002 lucis
2830 1942 2911 2003 sit
2942 1942 3363 2004 essentialiter
3396 1941 3621 2016 bonus,
3646 1942 3939 2024 pulcher,

2441 2040 2608 2120 pius,
2654 2039 2927 2121 sapicnS,
2974 2040 3246 2122 simplex
3296 2049 3357 2102 et
3409 2059 3667 2122 prorsus
3722 2040 3943 2102 imma-

2442 2137 2701 2210 terialiS,
2746 2156 2870 2200 non
2920 2147 3183 2219 apparet
3227 2139 3396 2220 quod
3446 2139 3563 2200 ista
3612 2156 3937 2220 corporea,

2441 2234 2717 2308 sordida,
2754 2235 3131 2308 inordinata,
3167 2235 3452 2308 confusa,
3486 2235 3565 2296 ab
3614 2235 3752 2316 ipso
3796 2253 3943 2316 pro-

2440 2331 2764 2392 fluxerint.
2799 2368 2881 2376 —
2920 2333 3226 2414 Septimo,
3270 2352 3459 2394 causa
3506 2333 3671 2394 bona
3722 2341 3783 2394 et
3830 2333 3944 2414 pia

2440 2449 2512 2492 ac
2544 2431 2829 2513 provida,
2864 2439 2958 2493 est
2990 2450 3251 2495 suorum
3293 2431 3645 2494 effectuum
3686 2449 3942 2494 conser-

2441 2530 2686 2609 vativa3
2740 2549 2858 2592 nec
2906 2530 2999 2592 sic
3051 2548 3157 2593 eos
3219 2529 3496 2592 instituit
3542 2531 3711 2612 quod
3771 2550 3942 2592 unus

2441 2628 2523 2690 sit
2552 2628 2813 2690 alterius
2854 2629 3280 2690 destruc’tivus
3315 2646 3328 2690 :
3364 2629 3687 2690 cernimus
3724 2636 3943 2690 autem

2441 2727 2977 2807 quemadmodum
3031 2726 3315 2808 undique
3362 2745 3487 2787 una
3524 2745 3631 2788 res
3676 2725 3759 2788 sit
3800 2743 3942 2788 cor-

2442 2825 2694 2906 ruptiva
2735 2825 3014 2887 alterius.

2522 2923 2590 2984 lu
2630 2924 3016 2984 contrarium
3056 2931 3171 2993 est,
3207 2923 3373 3005 quod
3406 2923 3698 2985 videmus
3732 2930 3939 2985 totum

834 3021 901 3082 ni
935 3027 1145 3081 autem
1186 3039 1416 3100 genere
1447 3021 1728 3102 primum
1761 3029 1820 3084 et
1857 3022 2205 3084 maximum
2236 3031 2331 3083 est
2368 3022 2411 3086 C
2446 3021 2813 3082 universum
2846 3041 2983 3083 esse
3017 3022 3401 3089 ordinatum,
3435 3030 3498 3083 et
3526 3022 3811 3084 ordinem
3843 3040 3941 3082 es-

836 3137 1024 3180 causa
1081 3120 1505 3180 secundorum
1555 3127 1618 3180 et
1669 3120 2109 3201 posteriorum.
2168 3121 2330 3201 Ergo

834 3219 998 3280 sicut
1039 3226 1135 3279 est
1174 3237 1372 3278 unum
1419 3219 1699 3299 primum
1747 3218 2136 3300 principium
2191 3219 2330 3280 uni-

835 3335 1164 3378 versorum
1215 3315 1550 3388 bonorum,
1604 3317 1688 3378 ita
1736 3324 1799 3379 et
1847 3317 2158 3379 malorum
2208 3335 2221 3378 :
2268 3325 2330 3378 et.

836 3415 923 3476 ita
954 3422 1102 3476 sunt
1133 3415 1258 3476 duo
1290 3414 1489 3496 prima
1524 3415 1840 3498 principia
1871 3417 2331 3499 increata‚quo-

837 3514 1009 3575 niam
1061 3513 1410 3575 maximum
1470 3514 1708 3575 malum
1759 3533 1896 3575 esse
1946 3533 2070 3576 non
2125 3521 2331 3596 potest

837 3632 874 3675 a
918 3629 1171 3674 summo
1215 3612 1398 3674 bono.
1431 3648 1512 3657 —
1553 3613 1863 3687 SecundO,
1907 3613 1972 3674 in
2023 3613 2331 3674 creaturis

837 3718 986 3772 sunt
1031 3711 1230 3771 multa
1271 3710 1568 3772 animalia
1609 3729 1944 3783 venenosa,
1991 3710 2178 3780 l'oeda,
2223 3729 2331 3773 no-

837 3809 998 3882 civa,
1034 3809 1424 3891 turpissima,
1467 3809 1596 3870 imo
1637 3817 1702 3870 et.
1745 3809 2207 3882 crudelissima,
2253 3808 2329 3868 ad

837 3908 999 3969 nihil
1029 3908 1128 3988 (ut
1157 3909 1446 3988 apparet.)
1476 3907 1678 3980 utilia,
1713 3927 1854 3989 quae
1888 3915 1950 3969 et
1980 3907 2330 3968 'bestiarum

838 4013 1335 4078 mansuetarum,
1379 4006 1838 4078 innocentium,
1883 4006 2161 4078 utilium,
2203 4005 2331 4066 imo

835 4113 897 4167 et
942 4105 1300 4179 hominum,
1343 4112 1491 4166 sunt
1533 4104 1894 4166 devorativa
1937 4122 1950 4164 ε
1994 4112 2057 4165 et
2100 4122 2332 4185 nequa-

2443 3139 2509 3180 se
2541 3120 2837 3180 intimum
2880 3119 3092 3191 rebuS‚
3131 3120 3266 3201 ipsa
3296 3137 3549 3202 quoque
3582 3119 3943 3201 spiritualia

2443 3226 2503 3278 et
2545 3217 2895 3298 corporalia
2936 3217 3057 3278 sibi
3099 3217 3376 3280 invicem
3419 3218 3759 3290 deservire,
3796 3235 3941 3298 pro-

2442 3317 2623 3377 desse
2674 3322 2736 3376 et
2786 3317 3111 3396 cooperari
3161 3317 3240 3378 ad
3289 3317 3472 3378 bona.
3518 3352 3597 3360 —-
3646 3317 3937 3397 Insuper,

2443 3415 2603 3475 sicut
2650 3412 2874 3495 probat
2918 3414 3356 3495 Philosophus,
3401 3413 3798 3495 impossibile
3841 3421 3941 3475 est

2441 3513 2681 3594 aliquid
2723 3531 2860 3575 esse
2902 3532 3225 3574 summum
3269 3521 3331 3574 et
3370 3531 3527 3595 pure
3568 3530 3682 3574 seu
3724 3531 3941 3574 esseu-

2443 3611 2676 3672 tialiter
2726 3611 2988 3686 malum,
3034 3611 3183 3692 quia
3233 3617 3667 3692 corrumperet
3713 3619 3942 3672 semet-

2444 3709 2654 3790 ipsum
2699 3709 2975 3787 malum3
3011 3717 3073 3770 et
3114 3709 3233 3771 hoc
3274 3716 3736 3790 consequenter
3774 3709 3937 3770 mul-

2445 3807 2748 3888 tipliciter
2788 3807 3161 3869 ostenditur.

2522 4005 2615 4067 Ad
2660 4005 2779 4066 hoc
2828 4005 3056 4066 Doctor
3096 4002 3547 4083 irrefragabilis
3586 4003 3939 4066 Alexander

2444 4104 2783 4185 respondet
2835 4120 2848 4163 ε
2901 4101 3057 4165 Boni
3106 4109 3168 4164 et.
3220 4102 3368 4163 mali
3430 4120 3555 4164 non
3616 4109 3765 4163 sunt
3812 4101 3939 4162 duo

838 4223 1030 4286 quam
1074 4204 1324 4266 videtur
1375 4221 1743 4283 congruere,
1789 4203 1956 4284 quod
2009 4204 2174 4265 Deus
2224 4222 2331 4264 na-
2363 4201 2413 4262 D
2447 4203 2763 4284 principia
2810 4221 2887 4263 ex
2936 4220 3118 4282 aequo
3166 4200 3515 4262 dividentia
3563 4199 3775 4281 ipsum
3824 4218 3939 4260 ens

837 4303 1126 4364 turaliter
1155 4301 1382 4373 bonuS,
1409 4302 1552 4382 pius
1583 4319 1654 4362 ac
1686 4301 1960 4381 sapiens,
1987 4300 2332 4362 instituerit

836 4409 1025 4483 atque
1069 4399 1438 4482 produxerit
1481 4399 1607 4460 illa.
1643 4434 1724 4443 —
1761 4399 1990 4472 Tertio,
2034 4398 2100 4459 in
2141 4397 2333 4460 rebus

836 4509 933 4562 est
977 4498 1385 4561 contrarietas
1432 4504 1604 4558 tanta
1653 4497 1718 4558 in
1764 4497 1937 4559 omni
1987 4516 2217 4577 genere
2260 4515 2333 4556 ac

839 4597 1052 4679 specie
1086 4615 1319 4670 rerum,
1354 4603 1526 4657 tanta
1556 4594 1952 4676 impugnatio
1986 4603 2227 4669 mutua,
2265 4601 2334 4655 ut

839 4703 1010 4778 patet
1055 4695 1122 4757 in
1167 4694 1414 4767 avibus,
1459 4693 1744 4776 piscibus
1788 4701 1846 4754 et
1892 4692 2200 4773 jumentis
2250 4701 2335 4754 at-

837 4814 963 4877 que
994 4793 1473 4862 hominibus‚ut
1502 4811 1535 4853 a
1568 4791 1904 4873 principiis
1937 4791 2162 4873 primis
2197 4810 2337 4854 con·

837 4893 1049 4954 trariis
1100 4891 1482 4973 processisse
1532 4890 1924 4971 originaliter
1975 4890 2331 4962 videantur,

839 4989 1285 5071 verificarique
1345 4987 1694 5052 ae-stimetur
1751 4987 1967 5068 opinio
2026 4989 2335 5069 Empedo-

840 5090 980 5162 ctis,
1043 5087 1382 5150 asserentis
1443 5087 1617 5148 litem
1678 5095 1741 5148 et
1791 5085 2140 5148 amicitiam
2198 5105 2336 5147 esse

840 5187 1132 5251 formalia
1165 5205 1276 5247 seu
1309 5185 1608 5247 effectiva
1639 5203 1851 5245 rerum
1889 5184 2221 5266 principia.
2258 5219 2339 5228 —-

839 5288 1090 5361 Quarto,
1142 5285 1494 5346 secundum
1543 5281 1996 5363 Philosophum
2056 5281 2336 5345 secundo

2446 4302 2577 4363 sive
2640 4300 3051 4382 principium.
3104 4300 3403 4372 Quamvis
3464 4299 3634 4360 enim
3697 4297 3935 4360 malum

2444 4399 2659 4480 aliquo
2730 4398 2915 4460 modo
2982 4396 3209 4458 habeat
3271 4396 3658 4479 principium
3729 4395 3796 4456 in
3862 4413 3939 4458 eo

2446 4497 2612 4578 quod
2658 4495 2921 4568 factum,
2960 4513 3084 4556 non
3130 4502 3335 4556 tamen
3383 4513 3459 4555 ex
3498 4512 3679 4576 aequo
3722 4513 3790 4555 se
3830 4493 3939 4555 ha-

2445 4595 2551 4656 bet
2596 4594 2673 4656 ad
2718 4591 3110 4676 principium
3162 4591 3331 4653 boni.
3365 4627 3444 4636 —
3474 4592 3780 4673 Denique,
3814 4591 3937 4652 Au-

2445 4692 2737 4774 gustinus
2790 4691 2853 4752 in
2906 4691 3069 4752 libro
3118 4691 3193 4750 de
3244 4690 3519 4752 Moribus
3566 4689 3939 4752 Manichaeo-

2448 4810 2589 4852 rum
2636 4808 2649 4852 ε
2693 4790 2974 4852 Primum
3019 4788 3283 4868 (inquit.)
3326 4788 3713 4869 principium
3762 4786 3937 4860 boni,

2447 4896 2541 4951 est
2573 4907 2895 4950 summum
2938 4887 3196 4948 bonum.
3233 4885 3353 4949 Sed
3391 4885 3453 4945 in
3490 4904 3740 4949 summo
3772 4885 3941 4948 bono

2450 4986 2611 5048 nihil
2654 4993 2859 5067 potest
2888 5003 3026 5046 esse
3059 4984 3135 5045 de
3167 5001 3291 5046 non
3334 4981 3521 5055 bon0,
3556 4982 3675 5046 hoc
3710 4991 3827 5056 est,
3863 4984 3941 5046 de

2450 5083 2956 5165 imperfectione,
2992 5083 3368 5165 privatione,
3402 5081 3796 5144 nocibilitate
3830 5091 3943 5145 aut

2449 5182 2808 5245 violatione.
2845 5181 3006 5262 Ergo
3050 5180 3299 5242 nullum
3344 5181 3581 5242 malum
3629 5188 3835 5261 potest
3879 5181 3938 5242 ei

2452 5298 2703 5355 nocere,
2756 5278 3079 5344 laesionem
3129 5286 3237 5340 aut
3284 5277 3693 5340 violationem
3750 5276 3941 5340 infer-
