4334 6242
545 1519 626 1562 Pae.
643 1532 724 1571 eni,
742 1521 809 1562 28.

545 1581 626 1626 Pe.
645 1595 754 1634 xciv,
769 1585 810 1625 ⁴.

565 1842 632 1886 Is.
655 1853 735 1894 ux,
752 1845 791 1885 ¹.

590 2164 674 2208 Job
698 2177 812 2216 xxvi,

551 2233 568 2273 1
578 2233 617 2272 3.

573 2491 686 2548 Sap.
705 2504 735 2543 t,
751 2493 792 2533 7.

565 2591 670 2636 Luc.
687 2604 716 2642 ι,
733 2593 798 2634 51.

549 2708 564 2753 Ι
579 2709 684 2754 Cor.
701 2722 730 2758 ι.
742 2711 810 2752 24.

561 2923 808 2974 Batiam,

545 2990 568 3030 2
577 2993 593 3031 l
601 3021 613 3033 .

541 3571 806 3624 Prov.111‚t9.

543 3678 806 3731 Eeeli.xx1v‚

537 4321 651 4380 Sap.
672 4337 715 4376 u,
737 4325 804 4366 24.

561 5073 698 5119 Recte
705 5104 717 5117 .
727 5088 798 5127 vu,

537 5141 604 5184 ³0.

836 455 918 520 32
1799 473 2142 520 rnoomtmu
2183 473 2740 520 communionum

839 644 1095 718 creatio,
1132 644 1196 706 in
1241 643 1436 707 verbo
1477 644 1618 718 hoc,
1655 643 1871 706 «fecit
1902 661 1974 723 »3
2009 643 2369 726 specialiter
2408 661 2662 727 quoque
2700 643 2913 718 homo,
2947 644 3101 705 dum
3144 643 3460 718 subditur,
3496 666 3530 704 <t
3570 652 3632 706 et
3676 643 3938 727 spiritus

839 752 1154 815 universae
1196 752 1404 813 carnis
1447 751 1723 815 hominis
1755 773 1810 812 n.

959 967 1244 1049 Denique
1294 967 1355 1030 S.
1389 967 1658 1030 Thomas
1695 983 1708 1028 :
1741 965 1962 1038 Aliter,
1998 965 2229 1048 inquit,
2265 965 2685 1028 consideratio
2734 972 3167 1030 creaturarum
3217 967 3492 1050 pertinet
3538 968 3617 1030 ad
3668 968 3941 1050 philoso-

840 1075 1021 1158 phos„
1055 1084 1118 1138 et
1145 1075 1330 1137 aliter
1357 1075 1435 1136 ad
1475 1074 1820 1156 theologos.
1856 1073 2222 1156 Philosophi
2261 1091 2537 1155 namque
2578 1079 2896 1135 creaturas
2938 1074 3339 1136 considerant
3377 1075 3729 1138 secundum
3769 1076 3935 1157 quod

840 1182 904 1244 in
939 1182 1195 1265 propria
1225 1174 1447 1244 natura
1479 1182 1836 1244 consistunt
1863 1198 1878 1243 t
1909 1181 2074 1242 unde
2106 1181 2397 1262 proprias
2429 1199 2650 1243 causas
2680 1188 2741 1242 et
2773 1179 3097 1261 passiones
3128 1199 3238 1242 seu
3278 1182 3694 1264 proprietates
3724 1201 3937 1243 rerum

841 1291 1194 1373 inquirunt.
1226 1290 1525 1371 Theologi
1557 1308 1708 1353 vero
1739 1297 2057 1351 creaturas
2088 1288 2492 1350 considerant
2521 1294 2710 1369 prout
2739 1306 2776 1348 a
2805 1286 3015 1368 primo
3054 1287 3373 1370 principio
3402 1288 3716 1362 exierunt,
3749 1297 3939 1370 atque

839 1399 917 1460 ad
962 1397 1163 1461 finem
1207 1397 1531 1469 ultimum,
1567 1396 1676 1478 qui
1723 1397 1889 1458 Deus
1933 1405 2048 1469 est,
2080 1397 2521 1459 ordinantur...
2555 1396 2643 1458 De
2694 1414 2885 1458 manu
2930 1396 3241 1460 Creatoris
3287 1396 3490 1460 fertur
3532 1398 3595 1459 in
3640 1399 3935 1462 Psalmo:

840 1505 1179 1588 Aperiente
1211 1513 1271 1567 te
1314 1523 1573 1567 manum
1616 1511 1814 1578 tuam,
1847 1504 2061 1567 omnia
2102 1503 2541 1586 implebuntur
2571 1503 2872 1567 bonitate.
2908 1502 3237 1585 Siquidem
3279 1504 3347 1566 in
3378 1523 3571 1567 manu
3610 1505 3751 1586 ejus
3791 1514 3939 1568 sunt

842 1629 1064 1675 omnes
1095 1610 1262 1673 fines
1295 1617 1496 1684 terrae,
1524 1610 1827 1692 quoniam
1859 1609 1940 1671 ab
1969 1617 2206 1672 aeterno
2236 1627 2363 1672 non
2394 1610 2517 1672 nisi
2550 1610 2616 1671 in
2646 1609 2788 1691 ejus
2820 1616 3127 1692 potestate
3157 1611 3436 1674 suerunt.
3466 1613 3699 1694 Aperta
3726 1621 3939 1674 autem

844 1718 962 1781 hac
1007 1738 1200 1781 manu
1244 1717 1420 1780 clave
1469 1717 1725 1791 amoriS,
1759 1717 2132 1799 prodierunt
2182 1725 2484 1780 creaturae
2534 1718 2599 1779 in
2648 1736 2805 1780 esse.
2841 1717 2929 1779 De
2977 1736 3104 1799 qua
3150 1737 3343 1780 manu
3395 1719 3678 1802 loquitur
3725 1720 3937 1792 Isaia3‚

845 1826 1008 1888 Ecce
1055 1842 1184 1889 non
1233 1832 1329 1887 est
1375 1824 1742 1887 abbreviata
1791 1843 2016 1885 manus
2064 1824 2204 1904 ejus
2238 1842 2253 1887 :
2287 1824 2589 1906 quoniam
2639 1822 2895 1886 infinita
2941 1843 3055 1886 sua
3102 1824 3337 1888 virtute
3386 1845 3599 1888 rerum
3648 1836 3939 1890 naturam

845 1935 912 1996 in
951 1951 1090 1996 esse
1129 1932 1446 2015 produxit.
1482 1933 1678 2006 Quam
1713 1931 1933 2013 utique
1975 1931 2085 1993 Dei
2126 1951 2387 1994 manum
2426 1930 2799 1994 abbreviare
2846 1931 3055 1994 conati
3098 1941 3268 2008 sunt,
3300 1934 3411 2015 qui
3456 1942 3862 1997 asseruerunt
3904 1953 3942 1996 a

843 2042 972 2105 Deo
1015 2041 1177 2103 nihil
1220 2039 1362 2102 fieri
1407 2057 1593 2122 posse
1636 2058 1711 2102 ex
1755 2037 1977 2101 nihilo.

963 2150 1229 2231 Insuper
1257 2148 1334 2210 de
1363 2147 1463 2209 his
1494 2147 1725 2230 exponi
1756 2154 1962 2230 potest
1994 2145 2152 2209 illud
2180 2147 2296 2210 Job
2330 2165 2343 2208 ε
2378 2149 2678 2224 Spiritus
2705 2151 2848 2226 ejus
2876 2150 3142 2210 ornavit
3170 2153 3379 2219 caeo'os,
3397 2160 3457 2210 et
3488 2152 3942 2210 obstetricante

842 2277 1046 2317 manu
1081 2257 1248 2334 ejus,
1279 2259 1552 2316 eductus
1591 2264 1682 2315 est
1719 2257 1980 2316 coluber
2010 2264 2354 2316 tortuosus.
2392 2256 2459 2317 ln
2503 2255 2740 2338 quibus
2785 2256 2997 2319 verbis
3035 2256 3391 2319 ostenditur
3434 2257 3683 2320 trinitas
3726 2259 3940 2320 Perso-

842 2382 1092 2438 narum,
1127 2363 1424 2426 videlicet
1459 2380 1473 2424 ε
1508 2362 1782 2445 Spiritus
1813 2362 2101 2436 SanctuS,
2135 2381 2335 2444 quum
2366 2362 2621 2437 dicitur,
2656 2385 2691 2423 «
2722 2363 2996 2447 Spiritus
3034 2364 3175 2445 ejus
3206 2382 3279 2444 »3
3312 2373 3375 2427 et
3406 2383 3676 2448 persona
3714 2365 3935 2438 Patris,

843 2471 908 2533 in
957 2471 1079 2534 hoc
1128 2470 1527 2554 pronomine,
1565 2491 1598 2528 «
1639 2469 1780 2550 ejus
1820 2491 1854 2528 »
1891 2471 2108 2532 :unde
2157 2477 2220 2531 et
2270 2470 2335 2531 in
2385 2469 2727 2552 Sapientia,
2773 2471 3046 2554 Spiritus
3095 2472 3349 2535 Domini
3400 2472 3670 2554 replevit
3716 2472 3939 2535 orbem

841 2586 1171 2642 terrarum.
1205 2578 1412 2661 Atque
1446 2579 1509 2640 in
1550 2577 1833 2651 nomine,
1869 2596 2116 2651 manuS,
2150 2577 2533 2659 exprimitur
2562 2578 2780 2653 Filius,
2815 2579 2923 2661 qui
2966 2586 3030 2641 et
3059 2579 3393 2642 brachium
3422 2580 3622 2642 Patris
3650 2587 3933 2654 vocatur,

842 2705 1042 2768 quum
1075 2687 1211 2769 ipse
1251 2686 1333 2748 sit
1372 2684 1575 2747 virtus
1615 2693 1678 2747 et
1715 2684 2030 2766 sapientia
2066 2684 2283 2746 Patris.
2320 2685 2411 2747 Ex
2452 2693 2628 2767 parte
2659 2704 2914 2769 quoque
2950 2693 3128 2748 actus
3168 2689 3295 2750 duo
3332 2696 3698 2769 tanguntur,
3733 2695 3886 2771 puta
3918 2705 3933 2749 :

843 2801 1124 2868 ornatus,
1159 2793 1270 2876 qui
1309 2793 1586 2876 pertinet
1623 2793 1701 2854 ad
1744 2811 1958 2854 rerum
1999 2792 2505 2874 dispositionem,
2538 2793 2842 2875 quoniam
2884 2793 3057 2856 varia
3098 2813 3203 2856 eas
3244 2794 3720 2877 pulchritudine
3758 2795 3941 2858 deco·

843 2902 1026 2976 ravit,
1061 2901 1414 2964 secundum
1455 2900 1614 2962 illud
1659 2899 2108 2973 Ecclesiastici,
2141 2898 2449 2980 Magnalia
2492 2901 2819 2983 sapientiae
2864 2921 2993 2964 suae
3033 2903 3390 2982 decoravit3
3422 2911 3487 2964 et
3529 2903 3682 2966 item
3732 2903 3940 2966 obste-

840 3009 1191 3073 tricationis
1221 3007 1538 3082 officium,
1571 3008 1741 3089 quod
1773 3014 2016 3090 spectat
2043 3009 2122 3070 ad
2154 3007 2571 3090 providentiae
2598 3009 3146 3090 gubernationem,
3179 3029 3306 3092 qua
3333 3016 3653 3072 creaturas
3684 3011 3941 3093 propria

839 3118 1075 3180 virtute
1135 3116 1480 3180 subsistere
1539 3132 1666 3177 non
1715 3115 2020 3190 valenteS‚
2073 3115 2273 3177 instar
2320 3115 2679 3178 obstetricis
2739 3125 3070 3181 conservat
3128 3118 3193 3180 in
3251 3137 3412 3191 esse,
3464 3126 3527 3180 et
3584 3119 3940 3182 necessaria

837 3225 1136 3288 veniendi
1175 3227 1254 3288 ad
1296 3224 1496 3287 finem
1538 3223 1825 3305 largitur,
1857 3242 1931 3285 ac
1970 3223 2429 3305 impedimenta
2468 3223 2691 3286 salutis
2730 3225 3005 3307 repellit,
3038 3225 3230 3287 etiam
3272 3225 3438 3287 mala
3476 3225 3828 3289 ordinando
3870 3227 3937 3288 in

838 3333 1100 3398 bonum.
1133 3369 1216 3380 —
1241 3331 1557 3415 AmpliuS,
1590 3352 1668 3394 ex
1699 3339 1876 3413 parte
1909 3331 2181 3394 effectus
2212 3330 2413 3412 tangit
2451 3331 2601 3404 duc,
2635 3331 2932 3395 videlicet
2963 3332 3197 3396 coelum
3233 3341 3298 3396 et
3327 3331 3663 3396 colubrum
3700 3341 3935 3398 tortuo-

837 3461 1002 3506 sum.
1035 3443 1107 3504 In
1158 3441 1320 3505 coelo
1369 3440 1497 3503 duo
1540 3446 1906 3522 pensantur.
1942 3438 2224 3501 Primum
2270 3444 2366 3499 est
2412 3437 2553 3519 ejus
2602 3437 2934 3513 stabilitas,
2965 3439 3147 3521 juxta
3193 3440 3352 3503 illud
3401 3440 3881 3505 Proverbiorum
3919 3460 3934 3504 ε

839 3547 1159 3612 Stabilivit
1205 3546 1400 3611 coelos
1449 3546 1805 3629 prudentia.
1842 3546 2206 3608 Secundum
2256 3551 2352 3607 est
2402 3543 2779 3609 indeficiens
2830 3547 3079 3610 claritas
3121 3547 3285 3628 ejuS,
3318 3549 3397 3610 de
3438 3567 3567 3631 qua
3609 3549 3676 3610 in
3724 3548 3939 3612 Eccle-

838 3656 1093 3720 siastico
1127 3673 1141 3719 τ
1177 3655 1306 3736 Ego
1352 3653 1478 3716 feci
1528 3653 1594 3716 in
1643 3653 1822 3717 coelis
1866 3661 1937 3714 ut
1978 3652 2253 3716 oriretur
2294 3652 2511 3716 lumen
2555 3652 2953 3716 indeficiens
2989 3654 3219 3736 Sicque
3263 3673 3379 3736 per
3424 3655 3617 3719 coelos
3666 3655 3935 3738 intelligi

838 3772 1104 3848 possunt
1133 3771 1437 3826 creaturae
1466 3781 1609 3844 quae
1641 3762 1707 3823 in
1739 3779 1856 3824 suo
1883 3761 2110 3824 decore
2141 3759 2415 3822 firmiter
2446 3761 2879 3843 perstiterunt.
2913 3761 3222 3824 Similiter
3252 3762 3317 3824 in
3361 3762 3625 3826 colubro
3652 3771 3936 3827 tortuoso

837 3874 964 3936 duo
995 3871 1345 3953 signantur,
1381 3870 1446 3932 id
1485 3877 1582 3933 est
1620 3869 1976 3933 obscuritas
2017 3877 2208 3951 atque
2248 3868 2612 3951 obliquitas.
2648 3868 2920 3932 Coluber
2948 3869 3187 3952 quippe
3227 3869 3461 3932 dicitur
3496 3871 3679 3952 quasi
3717 3870 3932 3934 colens

837 3981 1156 4055 umbram,
1205 3998 1349 4062 quae
1406 3986 1586 4041 sonat
1645 3977 1807 4040 lucis
1866 3976 2311 4058 privationem.
2365 3975 2719 4059 Obliquitas
2776 3994 2927 4040 vero
2984 3976 3387 4058 exprimitur,
3444 3979 3599 4040 dum
3654 3979 3929 4053 additur,

839 4109 874 4146 «
904 4093 1223 4148 tortuosus
1257 4107 1292 4144 ›>
1329 4102 1343 4146 :
1375 4085 1716 4148 distortum
1747 4090 1843 4146 est
1872 4083 2045 4146 enim
2078 4085 2249 4166 quod
2280 4103 2317 4147 a
2346 4085 2727 4148 rectitudine
2761 4084 3145 4168 obliquatur.
3182 4086 3412 4168 Sicque
3451 4106 3565 4170 per
3594 4087 3931 4150 colubrum

836 4195 1216 4256 denotantur
1267 4199 1570 4259 creaturae
1617 4210 1892 4273 quarum
1952 4191 2362 4272 pulchritudo
2420 4211 2534 4274 per
2583 4202 2914 4275 peccatum
2973 4202 3067 4256 est
3125 4193 3459 4257 obscurata
3506 4204 3571 4257 et
3618 4195 3933 4259 rectitudo

835 4299 1182 4382 obliquata,
1216 4297 1572 4382 praesertim
1611 4297 1926 4371 diaboluS,
1961 4298 2147 4379 cujus
2190 4299 2431 4361 invidia
2462 4316 2631 4362 mors
2674 4301 2959 4363 introivit
2990 4302 3055 4363 in
3094 4301 3314 4365 orbem
3347 4308 3679 4366 terrarum.
3714 4304 3931 4386 Itaque

835 4414 1004 4468 recte
1053 4406 1290 4469 dicitur
1329 4407 1495 4468 Deus
1539 4405 1732 4468 coelos
1776 4423 2056 4478 ornasse,
2091 4405 2244 4487 quia
2287 4405 2354 4467 in
2398 4407 2703 4469 creaturis
2745 4427 2887 4490 quae
2926 4428 3115 4470 suum
3157 4410 3445 4472 ordinem
3494 4418 3930 4486 servaverunt,

829 4513 1048 4575 divina
1087 4513 1336 4576 bonitas
1383 4513 1616 4575 clarius
1661 4512 1976 4594 splendet,
2009 4519 2073 4573 et
2111 4513 2357 4576 decoris
2402 4522 2661 4577 ornatus
2700 4533 2827 4578 non
2870 4523 3073 4578 exstat
3114 4524 3412 4579 mutatus,
3448 4517 3637 4580 Recte
3675 4535 3931 4600 quoque

829 4619 1067 4683 dicitur
1094 4619 1546 4684 obstetricante
1579 4638 1772 4681 manu
1803 4619 1943 4700 ejus
1975 4618 2237 4682 coluber
2268 4627 2586 4684 tortuosus
2617 4624 2905 4698 eductuS,
2940 4624 3091 4705 quia
3129 4624 3195 4686 in
3228 4623 3412 4686 malis
3444 4625 3685 4688 relucet
3712 4626 3932 4689 divina

830 4728 1113 4809 potentia
1141 4747 1256 4810 per
1285 4727 1404 4790 hoc
1434 4728 1604 4810 quod
1637 4726 2040 4800 cohibentur,
2073 4734 2264 4809 atque
2304 4727 2521 4790 divina
2560 4729 2959 4810 providentia
2998 4749 3112 4812 per
3140 4731 3261 4793 hoc
3300 4732 3468 4813 quod
3508 4749 3731 4794 eorum
3762 4731 3931 4796 mala

829 4835 898 4898 in
942 4835 1182 4899 bonum
1225 4836 1618 4899 ordinantur.
1653 4870 1735 4883 -—
1763 4835 1907 4900 Haec
1950 4835 2241 4899 Thomas,

955 5052 1131 5116 Circa
1153 5052 1290 5116 haec
1319 5051 1545 5114 scribit
1573 5051 2032 5126 Bonaventura,
2070 5051 2379 5114 inducens
2410 5069 2527 5134 pro
2557 5051 2832 5115 themate
2864 5051 3023 5115 illud
3054 5053 3448 5118 Ecclesiastae
3474 5072 3487 5116 ε
3513 5058 3929 5116 Solummodo

829 5163 948 5222 hoc
975 5161 1224 5230 inveni,
1257 5162 1432 5238 quod
1459 5163 1634 5221 Deus
1669 5159 1827 5236 fecit
1866 5161 2191 5219 hominem
2232 5167 2505 5228 rectum,
2536 5167 2598 5218 et
2638 5161 2773 5235 ipse
2810 5179 2874 5220 se
2914 5160 3202 5238 infinitis
3242 5163 3598 5223 immiscuit
3636 5165 3929 5241 quoestio-

831 5269 1050 5330 nibus.
1081 5268 1152 5330 In
1183 5267 1285 5330 his
1325 5285 1601 5350 namque
1639 5266 1892 5330 duobus
1931 5265 2249 5328 clauditur
2281 5265 2590 5330 terminus
2630 5267 2823 5329 totius
2862 5266 3155 5331 humanae
3186 5269 3773 5352 comprehensionis
3807 5287 3823 5332 :
3858 5277 3928 5332 ut
