4334 6242
844 485 966 549 478

1521 501 1586 548 IN
1626 501 1850 548 Lunum
1888 502 1934 547 11
1975 498 2458 560 SENTENUARUM.
2506 516 2587 526 —
2627 497 2779 544 msr.
2825 497 2929 560 1x;
2971 497 3197 554 QUAEST.
3240 497 3284 542 11

844 690 973 755 quo
1004 673 1191 735 modo
1219 673 1474 754 attingit
1510 681 1942 735 extremorum
1977 677 2338 751 utrumque.
2373 668 2421 732 A
2454 668 2771 731 stimoniis
2832 667 3324 749 Scripturarum.
3378 665 3482 728 Ait
3535 665 3732 737 enim,
3783 663 3959 746 quod

841 771 1002 834 Hinc
1031 772 1236 852 angeli
1281 771 1375 833 illi
1419 772 1528 853 qui
1561 790 1627 834 se
1667 771 1904 833 habent
1935 771 2000 832 in
2036 768 2345 850 simplici-

840 876 966 932 tate
1008 870 1298 933 essentiae
1340 878 1403 932 et
1454 869 1936 951 perspicacitate
1987 867 2343 948 intelligen-

838 968 1056 1041 tiae,ad
1090 967 1590 1030 illuminationes
1621 967 1869 1030 divinas
1903 965 2344 1048 percipiendas

838 1066 906 1128 in
951 1084 1028 1129 ea
1069 1067 1344 1148 puritate
1387 1074 1449 1128 et
1493 1065 1824 1128 nobilitate
1872 1083 1996 1146 qua
2045 1063 2164 1126 sub
2215 1064 2344 1126 Deo

804 1209 807 1211 -
838 1163 1043 1245 major
1071 1165 1294 1246 nequit
1324 1163 1616 1244 intelligi,
1653 1163 1716 1224 id
1747 1172 1863 1233 est,
1897 1180 2022 1243 qua
2057 1160 2178 1222 sub
2216 1161 2344 1223 Deo

836 1262 1144 1344 majorem
1177 1281 1316 1324 esse
1349 1280 1475 1324 non
1507 1263 1688 1323 decet
1718 1261 1784 1323 in
1815 1278 2044 1342 genere
2077 1259 2209 1334 illo,
2240 1259 2345 1320 ha-

834 1360 989 1423 bent
1036 1379 1104 1423 se
1153 1362 1231 1423 ad
1282 1360 1784 1423 illuminationes
1834 1358 2082 1421 divinas
2135 1358 2345 1440 prima

833 1459 1161 1534 relatione,
1195 1467 1260 1522 et
1301 1460 1379 1521 de
1418 1459 1628 1541 prima
1670 1466 1819 1521 sunt
1856 1457 2233 1520 hierarchia.
2268 1455 2345 1518 Il-

836 1556 879 1619 li
932 1576 1083 1621 vero
1131 1559 1244 1640 qui
1297 1558 1532 1621 habent
1585 1577 1652 1620 se
1705 1557 1782 1619 ad
1843 1555 2341 1618 illuminationes

833 1656 1088 1719 easdem
1133 1656 1486 1720 secundum
1529 1655 2004 1739 proportionem
2045 1654 2341 1737 puritatis

834 1773 962 1836 qua
992 1761 1263 1836 receptae
1293 1763 1441 1817 sunt
1471 1755 1536 1817 in
1580 1753 2001 1835 intelligentia
2029 1753 2336 1832 angelica,

2454 766 2800 849 imperium
2843 785 2917 828 ac
2962 765 3201 828 locutio
3249 764 3357 827 Dei
3401 765 3479 827 ad
3523 763 3844 844 angelum,
3874 762 3962 824 si-

2451 864 2716 945 gnificat
2776 863 3252 946 proportionem
3304 871 3369 926 et
3418 862 3678 924 modum
3730 861 3959 942 primae

2453 962 2942 1025 illuminationis
2991 981 3028 1024 a
3078 963 3205 1024 Deo
3259 960 3323 1022 in
3378 960 3655 1043 primam
3714 959 3961 1022 hierar-

2452 1061 2660 1124 chiam
2724 1061 3091 1123 immediate
3150 1058 3618 1133 descendentiS,
3673 1057 3958 1138 allegans

2452 1159 2611 1222 illud
2660 1159 2834 1223 lsaioe
2889 1176 2902 1221 :
2955 1157 3106 1232 Quis
3164 1164 3260 1220 est
3318 1157 3435 1219 iste
3492 1156 3601 1238 qui
3646 1155 3821 1218 venit
3870 1155 3956 1217 de
4006 1177 4281 1230 huma.

2452 1257 2911 1332 Edom,tinctis
2941 1255 3227 1319 vestibus
3255 1256 3334 1319 de
3364 1253 3723 1318 BosratUbi
3754 1253 3957 1315 Filius

2450 1356 2562 1418 Dei
2615 1374 2730 1438 per
2777 1375 2843 1418 se
2894 1356 3105 1438 ipsum
3158 1354 3415 1416 instruit
3470 1353 3951 1432 interrogantes,

2449 1454 2942 1536 Dispositionem
3004 1471 3157 1517 vero
3222 1452 3517 1515 secundae
3580 1451 3961 1513 hierarchiae

2452 1557 2677 1639 probat
2733 1576 2849 1640 per
2899 1556 3057 1619 illud
3116 1555 3449 1628 Zachariae,
3496 1553 3773 1635 Angelus
3830 1553 3965 1615 cla·
3992 1574 4277 1626 zanua.

2451 1656 2650 1718 mavit
2677 1657 2755 1719 ad
2794 1655 2992 1718 alium
3034 1655 3368 1737 angelum3
3400 1661 3463 1716 et
3502 1671 3617 1736 per
3645 1651 3803 1715 illud
3832 1652 3963 1714 Da-

2450 1754 2660 1828 nieliS,
2708 1755 2877 1836 quod
2932 1773 3097 1816 unus
3146 1752 3438 1836 superior
3483 1751 3745 1832 angelus
3790 1750 3965 1813 dixit
3994 1771 4277 1878 ‚ffu'¹”¹¹'

835 1852 1072 1915 babent
1107 1873 1174 1916 se
1210 1854 1489 1916 secunda
1521 1853 1824 1916 relatione
1857 1853 1935 1915 ad
1971 1851 2341 1913 illuminati·
2376 1851 2423 1914 B
2453 1852 2729 1916 Gabrieli
2762 1870 2777 1915 z
2813 1852 3086 1926 Gabriel,
3118 1851 3219 1914 fac
3252 1851 3447 1914 istum
3479 1849 3831 1931 intelligere
3859 1849 3964 1912 vi·

835 1969 988 2013 ones
1024 1951 1295 2025 divinaS,
1329 1959 1391 2014 et
1421 1959 1570 2014 sunt
1603 1951 1680 2014 de
1716 1950 2071 2013 hierarchia
2105 1950 2333 2012 media.

833 2049 933 2112 Illi
978 2067 1130 2112 vero
1173 2049 1286 2132 qui
1329 2068 1396 2112 se
1440 2049 1675 2112 habent
1716 2050 1794 2111 ad
1838 2048 2341 2110 illuminationes

834 2147 1086 2210 easdem
1121 2149 1468 2210 secundum
1502 2148 1670 2229 quod
1692 2147 2159 2210 transfusibiles
2191 2154 2339 2209 sunt

834 2247 902 2308 in
948 2245 1344 2309 intellectum
1382 2247 1759 2320 humanum,
1802 2246 1911 2329 qui
1957 2245 2339 2327 conjunctus

833 2353 930 2407 est
962 2345 1266 2408 continuo
1303 2353 1366 2408 et
1396 2332 1689 2428 tempori,
1722 2344 1907 2406 tertia
1937 2344 2240 2407 relatione
2270 2363 2337 2406 se

833 2442 1071 2506 habent
1099 2444 1178 2506 ad
1218 2444 1380 2518 illas,
1415 2450 1478 2506 et
1515 2444 1591 2506 de
1624 2443 1981 2506 hierarchia
2014 2451 2162 2505 sunt
2195 2442 2339 2504 insi-

837 2561 958 2602 ma.
985 2542 1215 2623 Sicque
1247 2543 1599 2604 secundum
1634 2541 1953 2623 triplicem
1985 2541 2337 2622 proportio-

836 2658 982 2701 nem
1021 2639 1381 2702 intellectus
1418 2638 1691 2720 angelici
1724 2639 1802 2700 ad
1838 2639 2337 2701 illuminationes

836 2736 1104 2810 divinaS,
1139 2737 1619 2818 distinguuntur
1658 2744 1784 2798 tres
1823 2737 2215 2799 hierarchiae.

914 2834 1073 2896 Hinc
1118 2835 1394 2917 septimo
1438 2834 1724 2898 Coelestis
1763 2835 2136 2898 hierarchiae
2173 2835 2340 2916 capi-

835 2933 970 2995 tulo
1019 2934 1078 2996 S.
1115 2934 1451 3017 Dionysius
1500 2940 1882 3015 protestatur
1916 2933 2172 3002 ·.Prima
2218 2951 2339 2996 coe-

2450 1951 2716 2014 sionem.
2737 1951 2905 2013 Dicit
2933 1950 3175 2033 quippe
3202 1949 3373 2031 quod
3404 1947 3753 2023 clamor,eo
3780 1948 3963 2030 quod

2452 2050 2635 2132 longe
2696 2058 2897 2124 sonat,
2936 2050 3223 2131 designat
3269 2047 3805 2110 illuminationem
3856 2048 3965 2109 di-

2450 2157 2721 2212 stantem
2748 2169 2785 2211 a
2808 2149 3020 2231 primo
3054 2147 3506 2220 illuminatore,
3526 2154 3589 2209 et
3614 2165 3727 2229 per
3750 2145 3959 2208 alium

2452 2253 2751 2328 tanquam
2787 2265 2902 2328 per
2932 2247 3212 2308 medium
3247 2246 3661 2328 deportatam.
3690 2245 3769 2306 At
3798 2261 3961 2308 vero

2448 2345 2651 2408 tertiae
2680 2345 3050 2408 hierarchiae
3088 2343 3570 2426 dispositionem
3610 2343 3833 2405 asserit
3866 2343 3960 2405 si-

2448 2442 2740 2525 gnificari
2774 2442 2840 2504 in
2872 2443 3188 2515 Zacharia,
3218 2441 3327 2504 ubi
3356 2441 3592 2503 dicitur
3624 2459 3639 2503 :
3669 2440 3959 2522 Angelus
3991 2461 4277 2512 lacman.

2451 2541 2561 2623 qui
2595 2541 2971 2624 loquebatur
3000 2540 3068 2601 in
3098 2558 3224 2612 me,
3256 2546 3376 2601 etc.
3402 2538 3520 2602 Ubi
3548 2539 3961 2621 significatur

2451 2637 2834 2701 illuminatio
2864 2638 3253 2701 descendens
3284 2638 3364 2700 ab
3394 2637 3620 2718 angelo
3648 2638 3714 2700 in
3747 2637 3963 2701 homi-

2452 2756 2599 2799 nem
2652 2755 2667 2798 ε
2721 2738 2890 2819 quod
2940 2736 3271 2819 proprium
3321 2744 3418 2799 est
3463 2736 3665 2798 tertiae
3712 2735 3959 2798 hierar-

2452 2835 2628 2898 chiae.
2665 2836 2839 2898 Unde
2884 2836 3035 2917 quia
3076 2834 3374 2916 theologi,
3411 2834 3474 2896 id
3516 2841 3613 2896 est
3656 2841 3959 2897 auctores

2453 2934 2796 3016 Scripturae
2826 2935 3167 3007 canonicae,
3198 2933 3286 2995 ita
3316 2933 3655 3015 tripliciter
3684 2933 3963 3015 loquun-

837 3031 1095 3094 lestium
1138 3031 1558 3094 essentiarum
1602 3031 1935 3113 dispositio
1977 3038 2071 3092 est
2112 3030 2179 3092 in
2220 3031 2339 3092 cir·
2378 3038 2421 3100 C
2454 3040 2558 3094 tur
2586 3033 2665 3094 de
2704 3031 3306 3104 illuminationibuS,
3341 3031 3498 3094 dicit
3536 3049 3645 3094 eos
3685 3049 3799 3113 per
3830 3031 3964 3094 hoc

837 3130 1014 3192 cuitu
1053 3130 1164 3193 Dei
1201 3138 1264 3193 et
1300 3130 1470 3192 circa
1506 3131 1704 3192 Deum
1744 3129 2107 3191 immediate
2143 3135 2337 3202 stanS,

837 3234 899 3289 et
974 3227 1358 3310 simpliciter
1421 3247 1494 3290 ac
1567 3228 1956 3290 incessanter
2023 3226 2339 3288 circuiens

836 3333 1138 3388 aeternam
1174 3327 1315 3406 ejus
1355 3325 1712 3398 scientiam,
1747 3325 2100 3387 secundum
2134 3323 2341 3386 excel-

840 3424 1259 3486 lentissimam
1311 3431 1618 3505 quantum
1677 3423 1742 3485 in
1791 3422 2032 3504 angelis
2087 3441 2343 3503 semper

838 3521 1142 3584 mobilem
1209 3521 1716 3595 collocationem,
1781 3520 2341 3601 indesinenterque

837 3620 1103 3684 chorum
1157 3620 1333 3681 ducit
1390 3620 1559 3682 circa
1611 3619 1842 3682 divinae
1901 3618 2342 3681 illustrationis

837 3718 1117 3800 fulgores
1165 3737 1239 3780 ac
1292 3717 1522 3791 radioS,
1564 3725 1628 3779 et
1677 3717 1906 3779 circuit
1954 3734 2080 3780 eos.
2118 3717 2341 3798 Angeli

837 3818 1010 3879 enim
1043 3817 1268 3899 primae
1298 3815 1669 3879 hierarchiae
1700 3821 1830 3878 tota
1857 3824 1919 3877 et
1948 3814 2345 3878 affectuosis-

840 3915 1002 3978 sima
1050 3914 1284 3977 mentis
1333 3913 1685 3977 intentione
1732 3913 1968 3994 jugiter
2012 3931 2080 3974 se
2129 3921 2345 3975 exten-

839 4013 998 4074 dunt
1056 4012 1120 4074 in
1183 4013 1404 4086 Deum,
1468 4019 1782 4094 quatenus
1843 4010 2343 4074 illuminationes

840 4111 1088 4174 divinas
1148 4110 1504 4193 suscipiant
1561 4111 1627 4173 in
1675 4129 1750 4173 ea
1794 4111 2134 4192 (quantum
2187 4109 2343 4192 ipsis

2452 3129 2817 3211 significare
2859 3129 3279 3191 hierarchiam
3333 3129 3653 3211 triplicem
3700 3129 3965 3210 angelo-

2450 3247 2615 3289 rum.
2651 3226 2785 3301 Quo
2828 3233 3093 3300 constat,
3127 3227 3297 3307 quod
3339 3225 3675 3289 sufficiens
3722 3235 3819 3289 est
3860 3228 3965 3290 di-

2451 3325 2614 3387 visio
2644 3324 3016 3388 hierarchioe
3055 3323 3358 3406 angelicae
3388 3324 3453 3387 in
3493 3325 3790 3406 primam,
3824 3345 3965 3388 me-
3996 3367 4010 3380 ·

2453 3423 2622 3486 diam
2666 3431 2730 3486 et
2773 3423 3089 3498 infimam,
3120 3440 3197 3485 eo
3240 3423 3407 3504 quod
3452 3423 3963 3487 illuminationes

2452 3541 2489 3584 a
2534 3523 2662 3586 Deo
2711 3522 3165 3584 descendentes
3215 3521 3283 3583 in
3333 3521 3449 3584 bac
3498 3521 3737 3605 triplici
3791 3523 3964 3586 exsi-

2453 3628 2629 3682 stunt
2672 3620 3100 3702 proportione.

2532 3720 2874 3792 Postrem0,
2907 3719 2985 3780 ad
3022 3718 3143 3781 hoc
3183 3719 3353 3800 quod
3390 3718 3632 3781 dictum
3673 3728 3791 3794 est,
3824 3721 3963 3803 pri-

2454 3838 2621 3882 mam
2656 3817 3081 3880 hierarchiam
3116 3816 3243 3880 dici
3273 3817 3704 3900 epiphaniam,
3728 3837 3963 3882 secun-

2453 3917 2596 3978 dam
2628 3915 3159 4001 hyperphaniam,
3177 3916 3426 3978 tertiam
3458 3916 3959 4000 hypophaniam,

2452 4015 2529 4077 de
2560 4013 3047 4078 definitionibus
3078 4031 3331 4096 quoque
3360 4014 3965 4088 carum,dicendum

2453 4114 2621 4196 quod
2652 4113 2847 4176 verba
2881 4113 3016 4176 haec
3058 4112 3212 4175 ficta
3248 4120 3419 4186 sunt,
3451 4121 3515 4175 et
3553 4132 3886 4196 nunquam
3920 4135 3965 4179 a

840 4208 1145 4292 possibile
1194 4208 1317 4289 est)
1360 4208 1655 4291 puritate,
1691 4227 1818 4291 qua
1858 4207 1922 4270 in
1970 4208 2096 4270 Deo
2139 4208 2345 4270 consi·
2371 4211 2422 4276 D
2454 4211 2821 4274 beatissimo
2861 4211 3161 4294 Dionysio
3210 4212 3438 4274 tradita
3479 4219 3588 4274 aut
3628 4231 3957 4295 expressa,

841 4316 1030 4382 stunt,
1051 4315 1241 4389 atque
1275 4307 1341 4369 in
1373 4307 1502 4370 illis
1531 4306 1806 4369 feliciter
1836 4306 2244 4369 delectentur.
2268 4307 2344 4368 Et

841 4406 963 4469 ista
1012 4424 1234 4469 eorum
1284 4405 1569 4468 extensio
1624 4405 1794 4467 circa
1842 4403 2341 4467 illuminationes

840 4505 1112 4580 divinaS,
1159 4512 1425 4569 vocatur
1473 4503 1801 4566 circularis
1855 4509 2064 4566 motus
2116 4521 2341 4566 eorum

841 4610 905 4666 et
935 4603 1183 4678 chorus,
1201 4603 1482 4685 itemque
1512 4601 1866 4684 tripudium
1900 4601 2068 4683 quod
2100 4602 2341 4664 ducunt

847 4701 1315 4782 jucundissime
1375 4701 1544 4763 circa
1601 4701 1822 4763 Deum.
1883 4700 2074 4764 Porro
2131 4700 2345 4763 media

839 4798 1195 4862 hierarchia
1230 4799 1630 4861 illuminatur
1659 4818 1696 4860 a
1731 4799 1905 4862 fonte
1940 4797 2344 4862 illuminatio-

839 4899 940 4962 nis
983 4917 1057 4961 ac
1097 4897 1390 4981 principe
1431 4898 1748 4960 mediante
1789 4897 2014 4980 prima.
2049 4899 2118 4960 In
2157 4897 2345 4960 tertia

840 5015 992 5060 vero
1022 4996 1376 5060 hierarchia
1405 4997 1780 5060 terminatur
1810 4995 2345 5059 illuminationum

844 5097 1210 5170 descensuS,
1245 5103 1555 5176 quantum
1584 5096 1661 5157 ad
1700 5094 2200 5157 illuminationes
2238 5112 2347 5157 no-

847 5193 948 5258 bis
987 5192 1563 5276 proportionabiles
1605 5199 1668 5254 et
1706 5191 2158 5255 manifestatas,

928 5293 1058 5356 Hoc
1101 5309 1356 5373 quoque
1399 5291 1583 5356 divus
1621 5291 1958 5391 Dionysius
1997 5291 2220 5374 probat
2254 5299 2344 5355 te-

2452 4328 2569 4372 nec
2601 4317 2909 4392 quantum
2942 4309 3019 4372 ad
3060 4327 3342 4385 sensum,
3374 4328 3493 4373 nec
3531 4317 3839 4393 quantum
3872 4311 3963 4376 ad

2450 4407 2663 4470 verba.
2699 4407 2967 4470 Thronis
3006 4426 3287 4490 namque
3319 4409 3378 4471 S.
3411 4408 3751 4492 Dionysius
3790 4430 3965 4473 nun-

2452 4525 2643 4589 quam
2692 4505 2982 4568 attribuit
3026 4505 3255 4586 judicii
3300 4506 3679 4570 libertatem.
3714 4507 3961 4572 Princi-

2452 4613 2637 4687 patus
2694 4621 2949 4686 quoque
3007 4621 3135 4668 non
3193 4604 3408 4686 posuit
3466 4606 3532 4668 in
3592 4605 3961 4672 hierarchia

2452 4702 2750 4776 secunda,
2774 4702 2885 4764 sed
2915 4701 3121 4766 tertia.
3146 4702 3454 4765 Similiter
3479 4703 3759 4766 Virtutes
3786 4724 3959 4767 nun-

2452 4819 2644 4883 quam
2692 4801 2904 4882 posuit
2946 4800 3013 4862 in
3055 4800 3411 4863 hierarchia
3458 4802 3663 4874 tertia,
3696 4803 3807 4865 sed
3854 4822 3959 4866 se-

2453 4898 2677 4961 cunda.
2712 4898 2870 4960 Hinc
2902 4897 3096 4961 verba
3134 4898 3243 4961 illa
3273 4906 3575 4981 tanquam
3616 4900 3769 4963 ficta
3799 4910 3961 4965 sunt

2451 4996 2828 5078 abjicienda.
2855 5031 2931 5040 —
2966 4997 3107 5060 Haec
3135 4996 3432 5059 Albertus
3466 4997 3531 5060 in
3560 4997 3842 5062 Summa.
3870 4999 3959 5062 Et

2454 5103 2801 5158 consonant
2830 5094 2929 5156 his
2970 5095 3208 5176 scripta
3246 5095 3387 5176 ejus
3429 5095 3595 5158 libro
3625 5097 3704 5160 de
3730 5098 3807 5160 lv
3836 5098 3959 5161 Co-

2452 5193 2767 5276 aequaevis,
2796 5193 2908 5254 ubi
2953 5192 3030 5254 de
3077 5193 3178 5256 his
3228 5193 3430 5256 multa
3477 5194 3771 5260 inducit:
3804 5217 3956 5280 quae

2450 5290 2744 5356 brevitati
2788 5290 3050 5354 studens
3091 5291 3334 5356 omitto.
