4334 6242
221 1779 316 1820 ‹15¹-

117 1782 218 1821 utta

1046 514 1246 564 uranu
1288 512 1511 563 Artem
1553 514 1736 561 raxvt
1779 514 1914 560 sur-r
1956 512 2272 559 oas'rmxn
2313 512 2377 559 m
2418 512 2619 571 vrruS,
2662 510 2789 559 arc.
3341 494 3461 560 385

367 680 668 762 superbia
706 702 926 746 corum
968 684 1204 747 dicitur
1231 702 1486 765 semper
1523 682 1862 745 ascendere
1890 678 1942 742 A
1972 680 2049 741 (16
2098 680 2457 742 venialibus
2504 688 2813 763 quantum
2864 680 2940 743 ad
2989 680 3280 745 homines
3332 680 3459 744 dici

365 798 476 841 seu
508 800 958 858 crescere,non
981 791 1294 865 quantum
1324 782 1400 843 ad
1437 780 1860 842 intensionem
1971 777 2148 840 solet.
2191 813 2273 822 —
2311 778 2452 840 Haec
2500 779 2735 841 Petrus

363 878 642 955 malitiae‚
685 882 797 943 sed
845 890 1160 963 quantum
1211 881 1290 943 ad
1338 888 1595 942 actuum
1646 886 1861 940 exten·
2048 876 2283 938 Verum
2322 876 2422 938 his
2462 876 2660 957 objici
2702 886 2931 959 potest,
2964 878 3117 960 quia
3156 878 3461 940 nonnulla

360 976 605 1039 sionem
655 998 766 1041 seu
819 979 1442 1061 multiplicationem.
1490 976 1858 1039 Essentialis
1968 974 2078 1036 Dei
2110 982 2174 1035 et
2205 975 2578 1038 Sanctorum
2618 984 2933 1058 praecepta
2967 977 3219 1039 videtur
3259 976 3459 1039 liben-

359 1091 614 1156 quoque
647 1094 836 1159 poena
874 1096 1095 1140 eorum
1130 1096 1254 1139 non
1286 1077 1536 1150 crescit,
1559 1076 1669 1137 sed
1699 1075 1858 1136 acci·
1967 1080 2062 1135 ter
2106 1074 2375 1156 implere
2408 1093 2423 1137 :
2457 1074 2623 1136 sicut
2664 1074 2819 1136 dum
2860 1074 3034 1155 justo
3078 1094 3149 1136 ac
3197 1074 3303 1156 pio
3346 1074 3460 1137 Dei

358 1173 652 1249 dentaliS,
687 1195 828 1257 quae
866 1184 962 1238 est
993 1196 1070 1238 ex
1112 1174 1642 1257 multiplicatione
1682 1174 1856 1235 dam·
1962 1170 2209 1252 judicio
2249 1170 2483 1253 affligit
2520 1172 2777 1245 electOS,
2812 1190 2924 1234 seu
2968 1173 3275 1255 quosdam
3317 1189 3457 1235 reos

357 1278 674 1347 natorum,
707 1274 872 1336 sicut
903 1283 1000 1337 est
1029 1282 1094 1337 et
1123 1275 1200 1335 de
1232 1272 1561 1335 beatorum
1595 1270 1856 1353 praemio
1965 1270 2221 1343 occidit,
2280 1270 2445 1332 sicut
2501 1271 2808 1333 Ananiam
2867 1280 2932 1333 et
2988 1271 3341 1354 saphiram,
3395 1276 3459 1333 et
3532 1286 3633 1330 Aee.
3664 1299 3705 1330 v.

355 1370 746 1451 angelorum.
780 1408 860 1419 —
902 1373 1044 1435 Haec
1089 1372 1358 1435 Thomas
1403 1390 1417 1434 ε
1463 1389 1604 1452 quae
1645 1377 1709 1431 et.
1753 1388 1855 1431 su·
1965 1369 2044 1431 de
2095 1369 2331 1450 quibus
2391 1370 2672 1451 loquitur
2720 1370 2969 1445 PauluS,
3015 1370 3180 1443 Quos
3229 1367 3458 1432 tradidi
3491 1385 3747 1439 trimme.

359 1487 470 1549 pra
525 1488 604 1532 ex
655 1470 942 1534 Udalrico
1003 1471 1262 1533 inducta
1322 1477 1488 1531 sunt.
1543 1469 1656 1531 Per
1713 1487 1856 1549 quae
1967 1467 2259 1546 Satanae3
2319 1468 2621 1549 itemque,
2685 1469 3087 1550 Congregatis
3146 1468 3328 1532 vobis
3391 1467 3459 1531 in
3502 1487 3750 1541 tem-am,

356 1568 544 1630 etiam
593 1576 766 1651 patet
809 1569 1255 1633 instantiarum
1299 1568 1550 1631 solutio.
1967 1585 2193 1640 unum,
2255 1567 2499 1629 tradere
2560 1567 2927 1647 hujusmodi
2999 1569 3065 1631 in
3127 1568 3457 1631 interitum
3488 1554 3529 1597 ⁵·

435 1666 594 1729 Hinc
637 1668 790 1731 item
831 1670 918 1731 ait
959 1669 1026 1731 in
1069 1668 1277 1751 prima
1329 1673 1506 1750 parte
1551 1666 1849 1740 Summae,
1966 1664 2194 1727 carnis.
2230 1666 2299 1727 In
2334 1665 2565 1727 talibus
2597 1673 2808 1727 tamen
2844 1684 3107 1748 peceare
3138 1674 3455 1741 censetur,

317 1765 706 1846 .quaestione
745 1768 1138 1848 sexagesima
1180 1774 1404 1849 quarta
1438 1782 1452 1827 t
1495 1764 1688 1827 Actus
1730 1764 1852 1828 dae-
1967 1780 2094 1825 non
2134 1764 2286 1845 quia
2314 1763 2551 1837 obedit,
2587 1764 2697 1826 sed
2732 1764 2881 1845 quia
2921 1783 3219 1847 perversa
3258 1765 3459 1827 inten-

358 1864 564 1926 monis
602 1864 839 1946 duplex
878 1875 991 1927 est.
1031 1866 1205 1928 Unus
1245 1884 1322 1927 ex
1363 1864 1710 1927 deliberata
1749 1882 1853 1926 vo·
1887 1865 1935 1929 B
1967 1862 2136 1924 tione
2165 1869 2276 1923 aut
2304 1880 2379 1924 ex
2411 1862 2556 1925 odio
2586 1881 2697 1924 seu
2728 1863 2924 1925 simili
2965 1883 3159 1946 prava
3189 1864 3461 1927 circum-

331 1963 596 2041 ‚luntate
629 1965 979 2045 procedens
1009 1984 1022 2027 :
1058 1965 1168 2046 qui
1199 1964 1456 2047 proprie
1488 1963 1853 2025 nominatur

355 2062 662 2125 daemonis
701 2070 900 2134 actus,
933 2070 996 2125 et
1032 2082 1288 2145 semper
1316 2070 1411 2125 est
1441 2063 1666 2135 malus,
1701 2062 1853 2143 quia

353 2162 471 2223 etsi
515 2162 862 2243 aliquando
896 2162 1140 2244 aliquid
1181 2162 1330 2225 boni
1371 2169 1480 2225 aut
1509 2162 1642 2225 veri
1685 2162 1851 2225 dicat

351 2267 460 2320 aut
496 2259 708 2333 faciat,
738 2278 863 2323 non
904 2268 1112 2323 tamen
1149 2261 1310 2324 bene
1347 2282 1360 2325 ε
1399 2269 1467 2323 ut
1501 2262 1652 2323 dum
1688 2280 1853 2323 asse-

354 2358 440 2419 rit
465 2358 800 2422 veritatem
841 2368 912 2422 ut
939 2360 1150 2438 sallat3
1192 2368 1255 2423 et
1284 2361 1436 2423 dum
1469 2378 1594 2423 non
1627 2362 1850 2424 volun·

351 2456 512 2519 tarie
560 2458 759 2520 credit
809 2466 919 2520 aut
967 2458 1331 2533 confitetur,
1373 2460 1481 2521 sed
1532 2459 1850 2522 evidentia

352 2573 564 2616 rerum
616 2564 891 2619 coactus.
939 2557 1116 2619 Alius
1166 2557 1472 2620 daemonis
1529 2565 1706 2620 actus
1754 2564 1850 2619 est

353 2653 658 2715 naturalis
694 2673 708 2717 ε
742 2654 852 2736 qui
902 2663 1108 2737 potest
1151 2674 1290 2717 esse
1337 2655 1564 2729 bonuS,
1598 2664 1659 2717 et
1698 2662 1851 2717 atte-

352 2758 552 2813 statur
583 2751 850 2814 honitati
883 2760 1143 2815 naturae.
1169 2753 1381 2815 Nihilo
1413 2754 1625 2815 minus
1655 2754 1845 2815 etiam

351 2850 459 2912 tali
508 2858 653 2913 actu
714 2850 880 2913 bono
937 2850 1222 2914 abutitur
1273 2852 1339 2913 in
1394 2852 1652 2913 malum.
1705 2852 1848 2914 Haec

353 2949 540 3013 idem.

1963 1960 2194 2022 stantia
2234 1968 2548 2043 operatur.

2044 2060 2224 2124 Circa
2268 2062 2401 2125 haec
2444 2064 2672 2145 quaerit
2710 2063 3084 2138 Alexander,
3117 2082 3197 2125 an
3247 2063 3459 2127 diabo-

1966 2159 2062 2221 lus
2093 2161 2321 2242 potuit,
2340 2180 2420 2223 an
2449 2162 2657 2224 adhuc
2688 2162 2907 2245 possit,
2929 2180 3191 2244 peccare
3221 2162 3455 2241 veniali

1963 2266 2242 2340 peccato.
2269 2259 2532 2321 Videtur
2561 2261 2729 2341 quod
2761 2260 2875 2334 sic,
2907 2261 3209 2344 quoniam
3244 2268 3457 2343 posset
3538 2333 3548 2349 ⁸

1963 2375 2164 2418 unum
2212 2357 2482 2420 verbum
2532 2358 2807 2421 otiosum
2867 2359 3169 2441 proferre.
3219 2395 3301 2404 —
3350 2360 3459 2421 Re·

1961 2456 2231 2536 spondet
2265 2474 2279 2517 :
2314 2456 2613 2519 Diabolus
2654 2474 2781 2519 non
2821 2459 3027 2540 potuit
3067 2458 3276 2539 primo
3314 2476 3456 2540 pec-

1961 2572 2104 2615 care
2131 2554 2487 2627 venialiter,
2521 2574 2639 2617 nec
2680 2563 3142 2637 consequenter
3173 2573 3187 2617 ε
3221 2556 3451 2636 primo,

1961 2660 2220 2733 propter
2249 2652 2691 2715 excellentiam
2724 2654 2823 2715 sui
2856 2660 3086 2733 status3
3128 2653 3451 2736 deincepS,

1960 2756 2221 2831 propter
2268 2750 2466 2812 animi
2516 2750 2611 2813 sui
2662 2751 3140 2833 malignitatem.
3186 2752 3315 2814 Nec
3363 2771 3456 2814 se-

1957 2848 2178 2929 quitur
2228 2868 2241 2909 :
2296 2849 2501 2931 potuit
2559 2868 2822 2931 peccare
2882 2850 3252 2925 mortaliter,
3305 2868 3455 2932 ergo

1957 2953 2020 3007 et
2070 2946 2424 3008 venialiter.
2478 2948 2683 3021 Quum
2744 2948 2919 3011 enim
2977 2950 3042 3011 in
3100 2956 3272 3011 tanta
3330 2949 3454 3012 fuit

425 3048 520 3111 Ad
554 3046 970 3128 quaestionem
1002 3055 1215 3110 autem
1251 3066 1376 3129 qua
1408 3047 1734 3129 quaeritur,
1768 3066 1847 3109 an
1883 3045 1927 3110 C
1959 3043 2264 3117 claritate,
2311 3051 2379 3105 ut
2420 3045 2548 3107 Deo
2596 3052 2809 3127 posset
2859 3047 3180 3109 adhaerere
3228 3047 3454 3110 imme-

351 3142 642 3209 diabolus
687 3146 988 3208 continue
1037 3153 1280 3230 peccet,
1328 3146 1546 3207 Petrus
1597 3163 1850 3227 respon-

349 3242 450 3303 det
503 3260 519 3304 :
572 3242 873 3315 Quamvis
923 3250 1131 3306 motus
1191 3249 1432 3305 naturae
1479 3242 1544 3304 in
1595 3242 1847 3305 diabolo

351 3356 472 3401 non
519 3340 604 3401 sit
649 3340 877 3413 maluS‚
917 3341 1069 3423 quia
1114 3348 1339 3402 natura
1389 3340 1554 3403 bona
1595 3347 1726 3419 est3
1765 3347 1850 3401 at-

351 3446 559 3500 tamen
605 3438 816 3501 omnis
861 3446 1072 3501 motus
1117 3439 1462 3501 voluntatis
1508 3437 1708 3519 ipsius
1751 3445 1847 3499 est

351 3536 570 3599 maluS.
626 3536 702 3598 Et
750 3537 900 3618 quia
949 3537 1240 3599 voluntas
1300 3536 1440 3616 ejus
1498 3536 1578 3597 ab
1630 3536 1846 3617 aliquo

347 3642 486 3697 actu
527 3652 658 3697 non
700 3642 925 3709 cessat,
960 3634 1023 3697 id
1063 3643 1182 3710 est,
1221 3653 1475 3715 semper
1515 3633 1706 3695 alicui
1747 3652 1846 3697 ac-

348 3732 433 3794 tui
467 3740 565 3795 est
598 3732 878 3811 intenta3
922 3732 1066 3796 ideo
1097 3752 1132 3795 a
1165 3741 1425 3816 peccato
1453 3749 1582 3793 non
1615 3740 1838 3803 cessat,

346 3840 449 3894 aut
499 3832 773 3895 volendo
823 3833 992 3915 quod
1041 3840 1137 3895 est
1187 3832 1425 3894 malum
1486 3832 1841 3894 secundum

347 3950 430 4000 se,
465 3938 576 3993 aut
607 3933 778 4013 quod
817 3940 912 3994 est
943 3932 1180 3994 malum
1225 3950 1302 3993 ex
1342 3930 1836 3994 circumstantia.

420 4030 596 4102 Quod
647 4030 701 4092 si
748 4029 1111 4110 objiciatur,
1155 4030 1306 4112 quia
1357 4030 1676 4091 interdum
1728 4030 1842 4091 im-

347 4126 474 4209 plet
533 4135 924 4211 praeceptum
976 4128 1086 4190 Dei
1145 4136 1254 4190 aut
1310 4135 1674 4189 sanctorum
1731 4147 1838 4189 an-

1955 3140 2144 3216 diate,
2179 3141 2232 3203 si
2265 3142 2616 3205 claritatem
2645 3164 2775 3207 suae
2804 3144 3183 3225 cognitionis
3214 3146 3453 3209 directa

1956 3238 2183 3302 fuisset
2231 3241 2525 3304 voluntas
2584 3248 2836 3319 secuta3
2888 3242 3031 3305 ideo
3082 3243 3293 3325 primo
3350 3264 3451 3307 re-

1955 3339 2207 3413 cedenS,
2246 3340 2524 3402 maximo
2574 3341 2839 3402 recessit
2888 3360 3141 3404 recessu
3190 3362 3203 3405 z
3252 3344 3449 3405 maxi-

1956 3456 2097 3499 mus
2128 3446 2340 3499 autem
2374 3448 2793 3513 recessuS,est
2823 3458 3111 3502 recessus
3141 3460 3253 3522 per
3284 3460 3449 3505 mor-

1952 3535 2076 3597 tale
2116 3543 2469 3618 peccatum.
2506 3537 2639 3599 lmo
2680 3537 2927 3617 primus
2972 3538 3163 3601 homo
3206 3539 3449 3603 ratione

1952 3633 2051 3695 sui
2115 3641 2315 3696 status
2377 3652 2505 3697 non
2571 3636 2777 3717 potuit
2844 3636 3053 3720 primo
3116 3637 3449 3701 venialiter

1951 3750 2215 3814 peccare
2249 3750 2262 3794 :
2296 3734 2464 3795 unde
2506 3734 2706 3796 multo
2738 3734 2964 3797 fortius
3004 3734 3066 3797 id
3108 3743 3320 3798 actum
3351 3744 3449 3799 est

1950 3831 2028 3894 de
2059 3832 2269 3913 primo
2298 3834 2789 3913 angelo—Haec
2821 3834 3184 3896 Alexander.
3207 3835 3295 3897 De
3325 3835 3447 3898 isto

1950 3937 2163 3992 tamen
2209 3930 2375 3992 infra
2418 3931 2670 4012 plenius
2714 3932 3090 4014 inquiretur.

2029 4029 2297 4111 Insuper
2337 4028 2871 4093 Antisiodorensis
2920 4031 3147 4112 quaerit
3196 4031 3320 4107 hic,
3362 4051 3442 4094 an

1948 4127 2157 4189 omnis
2200 4127 2365 4189 actio
2406 4126 2640 4190 diaboli
2692 4128 2773 4189 sit
2817 4136 3169 4209 peccatum.
3216 4129 3285 4191 ln
3329 4149 3445 4191 sua

347 4226 628 4305 gelorum
663 4225 765 4288 vel
797 4224 1129 4288 hominum
1168 4245 1182 4289 ε
1216 4226 1386 4309 quod
1426 4225 1668 4304 agendo
1709 4244 1835 4288 non
1867 4230 1917 4293 D
1947 4226 2358 4306 responsione
2389 4225 2643 4287 videtur
2671 4245 2707 4287 a
2737 4226 3053 4308 praetactis
3082 4227 3443 4311 aliqualiter

347 4331 578 4405 peccat.
614 4324 876 4398 RursuS‚
909 4324 1211 4405 quoniam
1251 4324 1467 4385 nullus
1511 4331 1730 4405 peccat
1769 4324 1834 4385 in

346 4439 416 4484 eo
461 4423 633 4504 quod
683 4422 883 4484 vitare
932 4440 1060 4484 non
1111 4421 1275 4484 valet
1323 4442 1336 4485 ς
1385 4423 1494 4484 sed
1544 4421 1834 4484 diabolus

347 4521 540 4582 vitare
573 4538 700 4583 non
731 4528 939 4601 potest
971 4520 1229 4581 malum.
1263 4554 1344 4565 --
1373 4520 1724 4583 Dicendum
1755 4521 1833 4583 ad

349 4620 646 4699 primum,
698 4619 870 4701 quod
918 4620 1213 4702 quamvis
1272 4638 1398 4683 non
1450 4628 1670 4703 peccet
1719 4620 1835 4682 im-

347 4720 574 4800 plendo
614 4719 736 4781 tale
777 4725 1190 4800 praeceptum,
1225 4727 1536 4800 quantum
1578 4720 1654 4781 ad
1690 4718 1835 4781 sub-

346 4818 633 4881 stantiam
699 4825 900 4891 actus,
955 4817 1120 4879 sicut
1177 4818 1256 4878 ad
1313 4817 1541 4880 Christi
1605 4836 1834 4899 praece-

347 4924 518 4996 ptum
545 4916 624 4978 de
649 4915 924 4977 obsessis
954 4915 1591 4997 egrediend0,peccat
1621 4925 1834 4978 tamen

348 5023 649 5097 quantum
708 5014 787 5076 ad
847 5014 1109 5076 modum
1167 5014 1417 5094 agendi,
1479 5014 1628 5096 quia
1685 5033 1834 5076 cum

349 5132 668 5176 murmure
709 5119 772 5175 et
813 5112 1010 5175 invite
1053 5112 1442 5194 exsequitur.
1475 5113 1570 5174 Ad
1614 5132 1836 5175 secun-

348 5212 516 5288 dum,
559 5212 730 5294 quod
774 5210 1066 5293 quamvis
1109 5210 1310 5274 vitare
1356 5229 1479 5273 non
1531 5219 1722 5292 queat
1766 5212 1832 5273 in

349 5311 706 5385 universali,
729 5318 938 5392 potest
968 5317 1182 5372 tamen
1217 5310 1281 5372 in
1313 5310 1641 5391 singulari,
1667 5311 1834 5374 sicut

583 5445 647 5497 T.
683 5444 764 5497 21.

1946 4322 2283 4385 dissentire
2329 4342 2342 4385 :
2382 4324 2518 4386 Non
2568 4324 2741 4386 omni
2785 4324 3060 4406 (dicens)
3102 4334 3277 4390 motu
3325 4344 3440 4389 suo

1945 4422 2237 4484 diabolus
2294 4429 2533 4504 peccat,
2595 4423 2746 4504 quia
2802 4440 2929 4486 non
2987 4433 3206 4506 peccat
3264 4433 3439 4489 motu

1945 4540 2105 4604 pure
2134 4522 2427 4584 naturali.
2462 4557 2544 4566 —
2572 4522 2905 4604 Quumque
2935 4522 3238 4604 objicitur
3266 4527 3435 4607 quod

1945 4641 2138 4702 super
2177 4621 2338 4684 illud
2376 4622 2453 4683 ad
2499 4621 2877 4696 CorinthiOS,
2911 4624 3057 4697 Qua)
3100 4625 3437 4688 conventio
3504 4647 3729 4703 neom„

1944 4720 2178 4783 Christi
2214 4721 2292 4782 ad
2322 4719 2564 4781 Belial?
2593 4720 2682 4782 ait
2712 4720 2951 4793 Glossa,
2987 4721 3272 4784 Christus
3306 4741 3437 4785 om-
3466 4712 3532 4755 ¹⁵·

1944 4819 2050 4881 nia
2098 4818 2261 4881 bene
2306 4819 2454 4899 egit,
2497 4818 2787 4881 diabolus
2838 4820 3053 4881 omnia
3097 4820 3309 4882 male:
3345 4821 3435 4883 in·

1947 4917 2359 4997 telligendum
2392 4924 2507 4991 est,
2542 4917 2713 4999 quod
2745 4916 3029 4980 Christus
3062 4918 3277 4980 omnia
3306 4919 3434 5000 egit

1944 5013 2127 5089 bene,
2193 5015 2255 5077 id
2312 5023 2409 5077 est
2467 5015 2823 5095 meritorie;
2875 5015 3163 5078 diabolus
3219 5018 3435 5079 omnia

1943 5114 2127 5189 male,
2173 5114 2324 5195 quia
2374 5113 2466 5175 nil
2517 5114 2858 5176 meritorie.
2908 5114 3132 5177 Omnia
3179 5134 3431 5198 quoque

1941 5233 2081 5295 quae
2120 5214 2250 5293 egit
2280 5232 2357 5274 ex
2394 5211 2596 5275 libero
2634 5212 2897 5276 arbitrio
2933 5223 2996 5276 et
3025 5214 3245 5289 libere,
3279 5215 3431 5277 fecit

1943 5313 2124 5374 male.
2161 5312 2299 5374 Non
2330 5318 2545 5373 autem
2583 5310 3067 5392 intelligendum
3098 5321 3194 5375 est
3221 5313 3299 5375 de
3329 5313 3430 5377 his

3117 5447 3180 5499 25
