4334 6242
493 3106 632 3163 Hugo.
649 3108 704 3151 de

437 3169 701 3214 Sacramdib.

437 3247 468 3283 ι,
479 3246 568 3287 px,
583 3245 622 3276 c.
637 3235 702 3276 3³.

743 490 864 556 518
1500 511 1564 556 m
1605 509 1828 556 Lunum
1868 511 1913 556 11
1955 509 2438 556 Sia-murinum
2482 528 2563 538 —
2604 510 2841 581 nisr.,x
2882 510 3093 556 sum

743 686 943 750 unius
969 689 1232 769 proprie
1268 706 1343 751 ac
1379 686 1798 769 singulariter
1836 687 2110 768 spiritus
2148 703 2291 751 esse
2327 704 2608 768 nomen;
2649 687 2761 749 alii
2800 704 2979 767 vero,
3013 704 3145 750 non
3193 686 3393 750 unius
3428 685 3849 768 singulariter

744 803 810 866 et
836 802 1286 882 determinate,
1309 805 1426 866 sed
1453 819 1626 866 nunc
1655 803 1879 884 hujus,
1901 819 2078 865 nunc
2107 801 2290 865 illius
2320 819 2462 866 esse
2498 819 2765 882 nomen,
2807 802 3171 865 secundum
3203 801 3587 882 qualitatem
3618 818 3849 865 eorum

740 919 823 981 ad
860 937 1008 999 quae
1038 920 1399 982 nuntianda
1435 918 1539 983 vel
1569 919 1852 1000 gerenda
1880 919 2237 982 mittuntur
2268 939 2282 980 :
2317 919 2491 982 sicut
2526 919 2591 982 et
2628 919 3005 982 daemonum
3045 919 3349 999 quaedam
3386 919 3658 981 nomina
3692 920 3849 981 sunt

740 1052 887 1116 quae
945 1035 1214 1116 quidam
1269 1038 1504 1118 putant
1559 1053 1701 1098 esse
1749 1035 1948 1098 unius
1994 1035 2283 1116 propria,
2342 1035 2456 1097 alii
2512 1052 2666 1098 vero
2714 1034 3017 1116 pluribus
3073 1035 3473 1098 communia.
3525 1033 3848 1097 Diabolus

738 1151 1006 1233 quippe,
1065 1153 1180 1233 qui
1232 1152 1456 1216 Graece
1513 1152 1606 1214 ita
1659 1152 1952 1230 vocatur,
2007 1152 2072 1214 et
2126 1151 2508 1214 criminator
2561 1151 3047 1232 interpretatur,
3098 1150 3202 1213 vel
3245 1151 3553 1214 deorsum
3606 1149 3841 1229 fluenS,

738 1267 1056 1330 Hebraice
1085 1268 1324 1330 dicitur
1352 1267 1575 1346 Satan,
1607 1267 1675 1329 id
1704 1267 1804 1329 est
1831 1266 2282 1347 adversarius3
2314 1267 2555 1330 dicitur
2583 1268 2649 1330 et
2674 1266 2906 1345 Belial,
2931 1267 2999 1328 id
3036 1267 3136 1329 est
3169 1267 3468 1348 apostata
3498 1267 3563 1328 et
3598 1265 3845 1347 absque

731 1383 930 1466 jugo;
959 1382 1200 1445 dicitur
1252 1383 1452 1446 etiam
1499 1382 1885 1461 Leviathan,
1927 1381 1995 1443 id
2039 1382 2138 1444 est
2175 1382 2696 1445 additamentum
2741 1400 2970 1446 eorum
3004 1403 3019 1443 :
3063 1384 3128 1446 et
3164 1381 3293 1445 alia
3334 1382 3524 1463 plura
3558 1383 3845 1463 reperies

736 1499 1006 1562 nomina
1051 1516 1199 1580 quae
1247 1499 1352 1562 vel
1399 1499 1600 1562 unius
1645 1497 1918 1580 spiritus
1963 1498 2120 1560 sunt
2162 1499 2451 1580 propria,
2502 1498 2606 1562 vel
2652 1498 2955 1580 pluribus
3000 1498 3400 1562 communia.

779 1733 856 1798 E.
898 1736 1259 1802 Quomodo
1299 1735 1790 1797 determinent
1825 1735 2230 1807 praedicta-s·
2268 1735 2778 1809 auctoritates,
2804 1749 2963 1810 Quoe
2992 1736 3339 1800 videntur
3374 1739 3793 1810 adversari,

1611 1853 1737 1925 qui
1782 1851 2033 1913 dicunt
2079 1865 2333 1914 omnes
2379 1854 2684 1928 angelos
2726 1853 2949 1914 mitti.

796 2103 803 2108 -
865 2057 994 2131 Qui
1024 2059 1244 2122 autem
1275 2074 1505 2120 omnes
1534 2057 1802 2138 angelos
1833 2057 2005 2119 mitti
2037 2057 2360 2136 asserunt,
2388 2057 2765 2137 praemissas
2792 2057 3237 2138 auctoritateS,
3266 2058 3562 2122 Danielis
3590 2059 3845 2122 scilicet

730 2176 793 2238 et
831 2174 1162 2254 Dionysii,
1203 2175 1296 2236 ita
1340 2173 1800 2236 determinant.
1844 2173 2170 2235 Dicuntur
2208 2173 2547 2253 superiora
2588 2173 2853 2252 agmina
2896 2172 3037 2235 Deo
3088 2173 3425 2254 adsistere,
3468 2174 3533 2237 et
3569 2173 3652 2236 ab
3688 2175 3844 2237 inti-

730 2291 860 2353 mis
895 2308 1236 2372 nunquam
1273 2290 1571 2353 recedere
1613 2309 1627 2350 :
1661 2306 1794 2351 non
1833 2289 1995 2369 quin
2033 2288 2387 2369 aliquando
2427 2288 2795 2367 mittantur,
2836 2289 2952 2352 sed
2989 2289 3146 2370 quia
3173 2291 3508 2354 rarissime
3534 2290 3619 2353 ad
3656 2292 3841 2355 exte-

729 2408 904 2470 riora
931 2407 1255 2488 prodeunt
1275 2428 1291 2488 3
1313 2423 1526 2487 neque
1557 2408 1712 2468 tunc
1750 2405 1832 2468 ab
1863 2405 2117 2468 intimis
2155 2405 2489 2485 recedunt,
2514 2405 2628 2468 sed
2656 2405 2781 2468 Dei
2810 2407 3177 2486 praesentiae
3209 2408 3275 2470 et
3301 2407 3841 2488 contemplationi

729 2540 990 2605 semper
1033 2523 1360 2588 adsistunt
1394 2543 1407 2584 :
1451 2522 1631 2603 quod
1672 2523 1870 2586 etiam
1911 2522 2162 2585 faciunt
2203 2521 2317 2602 qui
2366 2521 2741 2603 frequenter
2785 2522 3160 2585 mittuntur.

774 2763 852 2826 F.
911 2766 1096 2832 Quo-s·
1142 2766 1282 2826 aiii
1327 2763 1579 2826 dicant
1620 2762 1846 2836 mitti,
1880 2761 1951 2823 et
1994 2775 2175 2835 Quos
2220 2759 2475 2822 dicant
2516 2775 2666 2822 non
2710 2761 2934 2835 mitet,
2978 2776 3145 2824 cum
3175 2759 3795 2823 determinatione

1353 2879 1890 2942 auctoritatum
1928 2891 2088 2951 Quoe
2131 2876 2476 2938 videntur
2511 2878 2655 2939 sibi
2701 2881 3117 2940 adversari.

863 3084 999 3148 Alii
1038 3100 1190 3147 vero
1221 3081 1472 3160 dicunt,
1497 3081 1628 3143 tres
1659 3080 1919 3143 ordines
1949 3097 2318 3161 supremos,
2336 3080 2587 3143 scilicet
2616 3081 2984 3162 Seraphim,
3008 3080 3387 3161 Cherubim,
3422 3082 3487 3144 et
3513 3082 3838 3162 ThronOS,

733 3202 824 3264 ita
860 3199 1149 3264 Creatori
1188 3196 1526 3276 adsistere,
1560 3197 1738 3276 quod
1775 3196 1857 3258 ad
1896 3196 2219 3258 exteriora
2247 3212 2380 3258 non
2420 3198 2696 3277 exeunt3
2731 3195 3073 3260 inferiores
3110 3198 3329 3259 autem
3370 3198 3504 3260 tres
3541 3197 3622 3259 ad
3661 3199 3845 3261 ext-e-

729 3318 903 3381 riora
961 3315 1180 3395 mitti3
1223 3315 1354 3376 tres
1391 3330 1545 3376 vero
1603 3312 1858 3375 medios
1902 3311 2072 3374 inter
2126 3313 2441 3392 utrosque
2499 3313 2878 3392 consistere,
2919 3330 3051 3374 non
3109 3312 3307 3375 modo
3364 3313 3680 3409 dignitate
3737 3315 3845 3377 vel

731 3434 902 3512 loco,
953 3431 1068 3494 sed
1135 3431 1335 3493 etiam
1395 3428 1612 3491 officio
1658 3448 1672 3488 :
1715 3428 1872 3509 quia
1935 3427 2338 3509 praeceptum
2404 3427 2705 3490 divinum
2762 3444 2801 3489 a
2864 3428 3316 3508 superioribus
3369 3429 3723 3510 accipiunt,
3777 3431 3847 3493 et

732 3547 1036 3611 deferunt
1091 3547 1172 3608 ad
1229 3544 1593 3608 inferiores.
1646 3543 1933 3622 Ideoque
1991 3559 2199 3623 quum
2254 3542 2547 3622 supremi
2608 3542 2867 3617 mediiS‚
2911 3545 2976 3606 et
3030 3543 3231 3605 medii
3287 3544 3467 3625 imiS,
3516 3547 3711 3624 atque
3768 3546 3841 3608 hi

732 3663 1116 3727 hominibus
1145 3662 1547 3744 praeceptum
1584 3659 1708 3722 Dei
1746 3658 2072 3738 nuntient,
2097 3658 2334 3721 merito
2367 3676 2595 3721 omnes
2623 3657 2857 3739 Angeli
2886 3659 3216 3722 nominari
3245 3659 3503 3724 debent.
3538 3662 3623 3724 Et
3652 3661 3735 3724 ob
3771 3663 3843 3724 id

736 3780 902 3842 forte
932 3778 1293 3859 Apostolus
1329 3776 1444 3855 ait,
1487 3792 1716 3838 omnes
1753 3775 2026 3855 spiritus
2063 3773 2628 3837 administratores
2677 3791 2819 3837 esse
2868 3775 3045 3854 Filii,
3084 3777 3149 3838 et
3194 3777 3369 3838 mitti
3419 3777 3487 3838 in
3535 3778 3841 3840 ministe—

739 3897 934 3958 rium.
980 3893 1100 3957 Vel
1137 3911 1254 3976 per
1284 3908 1560 3968 omnes,
1594 3907 1726 3953 non
1771 3889 2068 3970 singulos
2096 3890 2381 3968 ordineS,
2424 3890 2538 3952 sed
2586 3891 2667 3952 de
2715 3891 3136 3954 inferioribus
3165 3893 3506 3956 ordinibus
3542 3894 3846 3972 singulos

463 4035 715 4080 iasnmma
739 4010 1008 4091 angelos
1047 4009 1432 4090 complexus
1465 4008 1584 4070 est.
1628 4006 1801 4069 Illud
1831 4022 1986 4067 vero
2025 4004 2203 4084 quod
2246 4004 2453 4068 Isaias
2490 4005 2606 4084 ait,
2640 4023 2757 4087 per
2794 4005 2990 4068 verba
3028 4005 3335 4088 Dionysii
3377 4008 3841 4088 determinant,

445 4099 563 4144 Sent.
584 4103 710 4144 tract.

446 4178 488 4213 u,
509 4176 548 4206 c.
566 4167 603 4206 6.

467 4225 526 4268 De
539 4225 709 4268 Coelest.

446 4289 553 4332 hier.
570 4301 594 4331 c
597 4301 706 4331 111111

739 4127 1029 4191 dicentes
1064 4146 1078 4186 :
1114 4125 1202 4187 Hi
1240 4123 1512 4205 spiritus
1549 4124 1664 4203 qui
1711 4122 2086 4200 mittuntur,
2121 4121 2493 4201 percipiunt
2540 4121 2775 4184 horum
2825 4123 3219 4187 vocabulum
3268 4141 3549 4206 quorum
3606 4127 3849 4205 gerunt

740 4243 1056 4306 officium.
1100 4241 1286 4304 Unde
1334 4239 1584 4319 dicunt,
1626 4239 1816 4301 illum
1868 4237 2177 4318 angelum
2225 4237 2339 4317 qui
2390 4238 2638 4302 missus
2685 4239 2785 4302 est
2820 4240 2904 4301 ad
2962 4241 3203 4304 Isaiam
3259 4243 3335 4304 ut
3383 4244 3730 4306 mundaret
3776 4245 3844 4306 et

736 4360 1110 4423 incenderet
1138 4358 1311 4421 labia
1347 4357 1717 4437 Prophetae,
1755 4354 1960 4418 fuisse
1998 4353 2077 4417 de
2117 4355 2343 4418 ordine
2380 4355 2804 4437 inferiorum;
2845 4356 2960 4420 sed
2999 4357 3145 4420 ideo
3185 4358 3400 4422 dictus
3438 4360 3537 4423 est
3575 4360 3713 4424 fore
3757 4362 3843 4425 de

734 4475 1103 4558 Seraphim,
1136 4474 1294 4556 quia
1338 4471 1640 4536 veniebat
1689 4471 2032 4535 incendere
2079 4471 2145 4534 et
2192 4487 2577 4535 consumere
2622 4472 2859 4538 delicta
2902 4473 3115 4537 Isaiae.

1301 4753 1345 4817 S
1363 4751 1420 4814 U
1435 4750 1657 4814 MMA
2255 4700 2305 4759 A
2334 4705 2455 4760 tur.
2492 4699 2568 4760 Et
2598 4700 2767 4762 circa
2803 4701 2923 4764 hoc
2952 4702 3243 4784 Magister
3272 4706 3558 4786 procedit
3595 4708 3841 4770 schola·

1437 4792 1458 4814 ⁴
2334 4797 2512 4872 stice,
2560 4800 2881 4879 arguendo
2933 4818 3045 4881 pro
3096 4809 3271 4883 parte
3322 4811 3609 4886 utraque,
3651 4815 3839 4870 caute

981 4900 1589 4959 DISTlNCTIONIS
1655 4897 1976 4954 DECIMAE
2334 4903 2547 4958 tamen
2576 4896 2844 4959 aliorum
2878 4901 3321 4980 responsiones
3352 4905 3839 4977 narrand0,non

2335 5013 2411 5054 ex
2466 4995 2723 5076 proprio
2780 4996 3132 5078 quidquam
3184 5005 3422 5062 temere
3472 5003 3835 5066 asserendo,

805 5104 859 5167 N
889 5104 1007 5165 hac
1038 5099 1442 5164 distinctione
1484 5097 1850 5180 inquiritur,
1883 5117 1961 5158 an
2002 5114 2223 5158 omnes
2336 5093 2411 5154 Et
2450 5112 2524 5154 ea
2563 5112 2703 5174 quae
2743 5093 2987 5167 scribit,
3021 5096 3353 5177 potissime
3392 5108 3648 5181 sumpta
3685 5111 3841 5164 sunt

826 5202 1090 5283 spiritus
1135 5199 1422 5262 coelestes
1466 5216 1577 5259 seu
1621 5195 2018 5275 singulorum
2062 5193 2226 5255 ordi·
2334 5209 2411 5252 ex
2444 5190 2705 5252 homilia
2733 5191 2799 5252 B.
2826 5191 3109 5272 Gregorii
3139 5214 3281 5277 quae
3312 5196 3375 5259 in
3408 5196 3571 5261 festo
3601 5199 3840 5280 legitur

732 5318 886 5364 num
917 5316 1225 5381 personae,
1255 5298 1335 5359 ad
1364 5295 1675 5360 exteriora
1701 5293 1940 5375 agenda
1971 5291 2223 5354 mittan·
2336 5290 2685 5354 beatissimi
2728 5291 3069 5358 Michaelis.
