4334 6242
127 3173 252 3221 quest.
266 3172 327 3211 ω.

1033 527 1239 574 ῸῚἮῙΙΠ
1277 526 1502 576 ANGELt
1542 527 1726 574 PnAvl
1769 527 1905 575 sim·
1945 528 2262 576 onsruurl
2307 529 2371 576 IN
2408 528 2614 587 VITHS,
2652 527 2781 575 E'rc.

3345 505 3466 571 377

355 715 426 759 se
474 695 700 759 hahuit
739 698 910 779 quod
951 699 1027 760 ad
1071 698 1302 761 vitium
1354 698 1710 773 inclinaret,
1744 700 1854 762 sed
1887 700 1939 763 A
1968 701 2193 781 deant3
2224 708 2289 763 et
2316 702 2678 764 deserentes
2711 699 2908 774 illam,
2941 696 3191 760 nullum
3224 695 3466 759 bonum

355 795 616 876 propria
645 805 994 878 spontanea
1023 797 1334 861 electione
1370 798 1610 860 malum
1640 797 1854 879 elegit,

355 894 422 955 in
475 894 698 957 eodem
758 893 1110 958 immobilis
1168 904 1586 977 permaneret.
1638 897 1856 979 Itaque

356 999 543 1074 prout
572 992 934 1069 fobstinatio
986 994 1107 1055 ista
1153 1001 1249 1056 est
1297 1014 1487 1077 poena
1540 996 1852 1079 punitiva,

355 1098 450 1153 est
479 1091 785 1173 sapientis
825 1089 1119 1165 effectus,
1153 1112 1272 1155 nec
1312 1102 1663 1156 creaturam
1700 1093 1855 1156 facit

355 1190 732 1253 deteriorem
783 1197 891 1253 aut
942 1192 1316 1273 turpiorem,
1364 1193 1474 1255 sed
1523 1192 1851 1254 meliorem

353 1306 426 1349 ac
469 1288 924 1370 pulchriorem.
971 1289 1281 1371 Iniquitas
1324 1309 1602 1372 namque
1646 1291 1855 1373 impu-

350 1386 505 1459 nita,
559 1396 655 1449 est
704 1387 947 1470 turpis3
997 1388 1223 1469 punita
1269 1407 1442 1461 vero,
1493 1389 1855 1471 resplendet

352 1487 581 1547 decore
615 1484 883 1565 justitiae
917 1504 932 1548 τ
966 1486 1134 1548 sicut
1171 1495 1428 1549 sanctus
1469 1487 1558 1549 ait
1594 1488 1856 1551 Ambro-

352 1584 504 1657 εἱιιε,
540 1584 710 1665 quod
752 1583 860 1645 fur
896 1584 1166 1667 pulcher
1208 1593 1304 1647 est
1347 1585 1410 1648 in
1453 1585 1761 1668 patibulo,
1793 1594 1856 1649 et

350 1682 539 1745 Judas
590 1682 827 1745 residet
865 1682 930 1744 in
971 1682 1222 1745 inferno
1261 1683 1436 1746 velut
1482 1683 1855 1747 carbunculi

351 1780 681 1862 gemmula
711 1780 778 1842 in
807 1781 1250 1844 auro—Hinc
1281 1782 1566 1864 loquitur
1592 1784 1858 1865 Prosper

1969 799 2133 862 velle
2173 806 2410 882 queant
2448 817 2574 881 quo
2612 816 2739 861 non
2781 803 3052 861 careant.
3086 830 3168 841 -
3196 794 3339 857 Haec
3368 792 3469 856 Al-

1969 896 2189 961 hertus
2220 897 2331 960 ibi.
2367 898 2601 960 Tamen
2631 904 2704 959 ut
2742 914 2935 978 supra
2965 895 3033 957 in
3063 893 3277 955 verbis
3308 891 3469 955 Tho·
3519 923 3564 966 p.
3596 907 3737 953 ³⁷⁵1).

1971 1015 2088 1059 mae
2132 1003 2227 1058 est
2274 1003 2537 1070 tactum,
2571 996 2637 1058 in
2686 995 2788 1057 his
2835 991 3355 1075 praesupponitur
3404 990 3469 1053 id

1969 1094 2154 1173 cujus
2194 1094 2354 1156 ratio
2394 1094 2652 1176 petitur,
2687 1099 2906 1175 utpote
2947 1092 3113 1173 quod
3150 1090 3469 1154 daemones

1968 1192 2178 1275 prima
2216 1192 2525 1255 electione
2557 1211 2673 1254 sua
2711 1198 3036 1273 ponuntur
3067 1190 3131 1251 in
3170 1188 3465 1251 termino.

2037 1289 2387 1353 Concordat
2418 1288 2737 1371 praedictis
2767 1286 3087 1351 Udalricus
3117 1286 3182 1347 in
3214 1286 3473 1348 Summa

1968 1407 2103 1460 sua,
2129 1388 2294 1451 libro
2323 1396 2548 1469 quarto
2582 1405 2597 1449 :
2633 1385 3079 1450 Obdurationis
3107 1386 3469 1448 daemonum

1967 1494 2030 1549 ct
2077 1486 2370 1548 omnium
2417 1487 2860 1549 damnatorum
2912 1502 3122 1557 causa,
3169 1491 3267 1545 est
3314 1500 3472 1565 quo-

1968 1584 2139 1647 niam
2184 1585 2321 1666 ipse
2361 1584 2471 1666 qui
2514 1584 2623 1657 ait,
2658 1584 2807 1647 Sine
2850 1600 2952 1644 me
2996 1581 3159 1643 nihil
3206 1581 3471 1664 potestis
3509 1602 3762 1652 Joanmv,

1968 1682 2199 1756 facere,
2235 1683 2388 1745 dum
2428 1682 2659 1744 deserit
2702 1680 3026 1744 hominem
3059 1680 3126 1741 in
3167 1679 3283 1740 hac
3314 1678 3466 1753 vita,
3500 1669 3541 1709 ⁵·

1970 1799 2117 1843 mox
2158 1781 2450 1863 sequitur
2489 1799 2671 1842 casus
2704 1781 2767 1842 in
2802 1779 3079 1861 culpam,
3114 1779 3469 1841 secundum

355 1879 419 1941 in
451 1878 618 1941 libro
648 1879 728 1941 de
756 1879 898 1942 Vita
929 1880 1422 1961 contemplativa
1451 1898 1465 1941 t
1491 1880 1715 1963 Angeli
1748 1882 1857 1963 qui
1890 1883 1938 1946 B
1969 1879 2032 1941 id
2062 1878 2295 1941 Psalmi
2330 1895 2344 1940 :
2375 1878 2599 1940 Dimisi
2632 1895 2738 1941 eos
2770 1879 3123 1940 secundum
3156 1876 3468 1940 desideria
3540 1893 3621 1938 1²2.
3644 1906 3765 1945 mx,

354 1995 420 2038 se
451 1983 676 2039 contra
699 1976 1058 2040 Creatorem
1088 1977 1284 2060 typho
1314 1978 1518 2041 letalis
1549 1980 1859 2062 superbiae

355 2074 674 2136 hostiliter
719 2081 1080 2148 erexerunt,
1123 2076 1200 2137 de
1249 2094 1526 2158 superna
1575 2077 1717 2139 coeli
1768 2096 1860 2139 re-

355 2172 540 2253 gione
573 2171 842 2254 projecti
875 2180 1024 2235 sunt
1056 2190 1070 2234 ε
1104 2192 1263 2254 quos
1295 2172 1514 2236 divina
1547 2174 1860 2237 sententia

358 2288 430 2331 eo
457 2269 708 2349 judicio
739 2271 1208 2345 condemnavit,
1237 2278 1308 2333 ut
1337 2272 1490 2354 quia
1517 2272 1860 2335 noluerunt

361 2386 765 2450 perseverare
808 2388 1008 2451 quum
1053 2376 1332 2451 possent,
1365 2388 1485 2431 nec
1524 2370 1726 2432 velint
1765 2390 1857 2433 re-

358 2466 566 2548 parari
615 2484 735 2528 nec
786 2466 1051 2548 possint.
1107 2466 1433 2549 Siquidem
1489 2468 1857 2549 praevarica-

356 2565 545 2627 tionis
594 2581 815 2627 eorum
864 2565 1248 2627 demeritum
1296 2565 1439 2640 fuit,
1486 2568 1657 2648 quod
1707 2567 1859 2630 irre-

359 2662 666 2725 vocabilis
705 2661 934 2742 judicii
980 2664 1528 2727 animadversione
1572 2666 1854 2746 percussi

363 2767 539 2838 sunt3
571 2769 635 2821 et
664 2760 742 2821 ad
773 2760 1243 2824 damnationem
1272 2760 1694 2840 justissimam
1727 2780 1860 2845 pro-

363 2857 530 2920 fecto
567 2858 900 2939 pertinuit,
934 2859 1102 2939 quod
1143 2858 1509 2921 facultatem
1551 2860 1858 2923 redeundi

363 2975 432 3018 ac
461 2955 856 3017 voluntatem
891 2956 1145 3038 penitus
1179 2957 1548 3019 amiserunt.
1583 2957 1725 3021 Haec
1756 2959 1858 3021 Al-

363 3053 597 3116 bertus.

437 3153 555 3226 Qui
597 3160 662 3215 et
705 3152 770 3214 in
816 3152 980 3215 libro
1023 3154 1100 3215 de
1143 3153 1220 3214 lv
1255 3152 1637 3235 Coaequaevis
1672 3171 1686 3215 ε
1719 3155 1861 3217 Pro-

361 3250 498 3333 pria
539 3250 806 3333 (inquit)
847 3270 1039 3314 causa
1086 3251 1592 3315 confirmationis
1634 3253 1861 3315 daemo-

361 3368 514 3411 num
547 3349 611 3410 in
645 3357 927 3430 peccato,
950 3357 1046 3413 est
1075 3368 1294 3413 eorum
1327 3349 1618 3413 voluntas
1660 3368 1674 3413 ε
1708 3369 1860 3432 quo-

361 3447 530 3510 niam
571 3446 733 3509 ratio
771 3465 993 3509 eorum
1033 3447 1124 3509 sic
1163 3455 1260 3509 est
1299 3455 1528 3521 creata,
1561 3450 1730 3530 quod
1764 3458 1859 3511 est

359 3546 510 3608 boni
558 3553 622 3608 et
666 3545 840 3619 mali,
876 3551 1136 3627 propter
1177 3544 1417 3608 bonum
1467 3546 1856 3627 eligendum,

357 3653 418 3707 et
480 3653 742 3727 propter
804 3662 1128 3705 summum
1192 3644 1432 3707 honum
1499 3645 1858 3728 adipiscen-

359 3744 534 3806 dum.
569 3743 745 3805 Unde
789 3742 943 3803 dum
995 3742 1153 3805 illud
1202 3742 1496 3825 acquirit,
1531 3736 1684 3807 tunc
1730 3761 1858 3806 non

360 3852 453 3904 est
488 3842 769 3923 amplius
811 3840 961 3903 boni
1001 3848 1064 3903 et
1105 3841 1277 3915 mali,
1313 3842 1420 3903 sed
1463 3850 1584 3903 stat
1625 3842 1688 3904 in
1725 3842 1856 3916 illo,

361 3942 578 4023 sicque
609 3948 705 4003 est
737 3938 1056 4003 indeflexa
1081 3940 1162 4002 ab
1193 3940 1322 4002 illo.
1347 3940 1649 4003 Voluntas
1682 3942 1864 4024 quip-

362 4058 438 4120 pe
489 4038 798 4120 quamdiu
844 4038 908 4099 in
954 4037 1058 4100 via
1099 4046 1214 4111 est,
1249 4038 1541 4120 quamvis
1584 4038 1860 4102 declinet

361 4137 434 4198 ad
466 4137 745 4218 culpam,
780 4154 906 4198 non
949 4142 1158 4197 tamen
1194 4137 1528 4198 induratur
1557 4136 1650 4199 sic
1683 4138 1746 4199 in
1787 4157 1861 4201 ea

1968 1978 2179 2041 cordis
2224 1978 2533 2059 ipsorum,
2568 1976 2753 2039 ibunt
2798 1977 2864 2039 in
2906 1975 3468 2038 adinventionibus
3501 1960 3565 2000 ¹³·

1967 2077 2130 2155 suis3
2153 2084 2217 2139 et
2247 2075 2406 2138 illud
2437 2073 2955 2137 lsaiaezAuferam
2988 2092 3206 2155 sepem
3236 2073 3391 2153 ejuS‚
3406 2080 3471 2135 et
3533 2091 3728 2139 1s.v.s.

1967 2174 2088 2237 erit
2118 2175 2185 2236 in
2215 2172 2648 2256 direptionem.
2664 2173 2866 2247 Quum
2894 2190 3043 2253 ergo
3072 2171 3343 2234 totaliter
3374 2171 3473 2233 de-

1969 2274 2121 2337 serit
2151 2276 2687 2356 qualemcumque
2717 2272 3090 2335 rationalem
3122 2279 3469 2333 creaturam

1969 2380 2281 2454 quantum
2310 2373 2387 2434 ad
2419 2389 2608 2434 omne
2640 2370 3069 2435 ordinativum
3104 2370 3167 2431 in
3205 2368 3468 2442 bonum,

1970 2488 2096 2531 non
2128 2476 2335 2551 potest
2374 2468 2645 2531 affectus
2686 2476 2991 2531 creaturae
3029 2467 3176 2529 talis
3212 2484 3471 2529 consur-

1969 2586 2116 2649 gere
2166 2566 2232 2629 in
2289 2566 2547 2648 aliquod
2607 2565 2871 2640 bonum,
2925 2566 3034 2629 sed
3096 2584 3349 2648 semper
3394 2564 3471 2626 ad

1971 2664 2213 2728 malum
2248 2682 2261 2726 :
2296 2672 2358 2725 et
2388 2665 2508 2727 hoc
2539 2672 2633 2726 est
2667 2664 2733 2725 in
2766 2663 3040 2726 termino
3071 2664 3211 2738 viae,
3235 2663 3345 2745 qui
3377 2670 3473 2725 est

1970 2762 2217 2825 homini
2250 2781 2442 2835 mom,
2476 2770 2539 2825 et
2568 2762 2790 2843 angelo
2821 2781 3024 2824 casus.
3048 2798 3127 2808 —
3158 2762 3317 2824 Hinc
3347 2760 3475 2823 dia-

1971 2860 2155 2923 bolus
2206 2860 2439 2923 habere
2488 2878 2615 2923 non
2662 2866 2865 2941 potest
2911 2860 3141 2923 bonam
3185 2860 3475 2922 volunta-

1970 2966 2122 3033 tem,
2175 2977 2294 3021 nec
2342 2976 2504 3041 opus
2552 2957 2792 3020 honum
2838 2976 2851 3019 ε
2895 2957 3047 3040 quia
3093 2958 3263 3040 quod
3312 2956 3471 3031 vult,

1897 3061 1940 3124 C
1971 3063 2079 3118 aut
2109 3073 2365 3138 semper
2392 3062 2489 3118 est
2529 3054 2805 3133 malum3
2837 3061 2943 3116 aut
2980 3054 3035 3116 si
3074 3062 3169 3117 est
3206 3055 3471 3129 honum,

1972 3163 2185 3216 tamen
2226 3154 2361 3215 vult
2406 3153 2565 3214 illud
2609 3152 2793 3226 male,
2826 3160 2936 3215 aut
2977 3154 3115 3215 vult
3158 3152 3316 3215 illud
3358 3153 3475 3215 im-

1972 3251 2255 3334 perfecta
2284 3251 2626 3323 voluntate,
2642 3269 2783 3332 quae
2813 3270 3139 3333 nunquam
3175 3249 3476 3332 pertingit

1971 3350 2050 3413 ad
2119 3356 2334 3411 actum
2405 3349 2794 3431 completum
2861 3348 2984 3411 nisi
3048 3348 3170 3411 sub
3234 3348 3477 3410 ratione

1974 3447 2233 3511 malitiae
2271 3464 2284 3509 :
2327 3447 2865 3529 quemadmodum
2907 3446 2965 3509 S.
3011 3445 3349 3528 Dionysius
3388 3446 3477 3508 ait

1972 3554 2198 3629 quarto
2228 3546 2499 3629 capitulo
2526 3546 2603 3608 de
2634 3545 2878 3607 Divinis
2908 3544 3292 3619 nominibuS,
3307 3544 3476 3626 quod

1972 3645 2294 3708 daemones
2334 3644 2705 3706 naturaliter
2734 3651 3045 3726 appetunt
3087 3642 3349 3716 bonum,
3383 3642 3475 3706 vi-

1974 3742 2206 3805 delicet
2243 3762 2403 3817 esse,
2437 3742 2672 3815 vivere,
2716 3740 3107 3822 intelligere3
3151 3742 3259 3803 sed
3301 3747 3479 3803 natu-

1973 3840 2125 3902 ralis
2157 3840 2276 3902 iste
2314 3839 2633 3922 appetitus
2673 3857 2799 3901 non
2842 3838 3126 3920 procedit
3166 3838 3231 3900 in
3262 3845 3473 3901 actum

1975 3939 2102 4001 nisi
2148 3958 2296 4001 cum
2340 3938 2739 4000 deformitate
2783 3935 3213 4001 deliberativa}
3256 3938 3479 4000 volun-

1978 4038 2146 4111 tatis,
2174 4056 2297 4118 qua
2326 4037 2459 4099 haec
2490 4035 2710 4098 volunt
2743 4034 2975 4098 habere
3006 4036 3084 4097 ad
3116 4056 3301 4097 usum
3336 4055 3478 4118 pec-

1977 4134 2182 4197 candi.
2242 4135 2414 4197 Unde
2474 4134 2538 4195 B.
2594 4134 2933 4217 Dionysius
2994 4132 3083 4195 ibi
3145 4134 3473 4215 praemisit,

361 4242 430 4295 ut
457 4234 630 4297 aliud
661 4233 965 4296 affectare
1005 4251 1132 4296 non
1160 4234 1363 4297 valeat
1405 4234 1528 4297 nisi
1561 4235 1815 4318 culpam
1842 4255 1858 4315 ;
1890 4243 1941 4305 D
1974 4232 2144 4315 quod
2187 4232 2307 4313 ipsi
2350 4250 2476 4293 non
2518 4232 2738 4294 vident
2780 4252 2894 4295 sua
2936 4232 3247 4295 naturalia
3287 4233 3473 4305 dona,
3516 4270 3524 4279 ·

362 4353 500 4415 quae
539 4350 692 4395 vero
729 4341 827 4395 est
867 4332 934 4394 in
974 4331 1248 4394 termino
1278 4332 1417 4407 viae,
1452 4334 1544 4395 nil
1583 4335 1860 4416 amplius

362 4431 495 4493 vult
543 4450 735 4513 quam
787 4439 1141 4512 peccatum.
1188 4466 1269 4477 —
1313 4431 1474 4493 Hinc
1520 4434 1860 4496 Anselmus

363 4528 426 4591 in
469 4529 637 4592 libro
678 4529 756 4592 de
797 4529 958 4593 Casu
998 4529 1235 4591 diaboli
1272 4547 1285 4591 :
1319 4530 1541 4611 Angeli
1577 4531 1720 4612 (ait)
1749 4532 1859 4613 qui

364 4626 724 4689 maluerunt
765 4626 926 4688 illud
969 4625 1113 4708 plus
1153 4626 1322 4708 quod
1364 4628 1530 4690 Deus
1573 4628 1664 4690 eis
1705 4647 1860 4690 non-

363 4725 510 4787 dum
560 4726 710 4786 dare
753 4725 1026 4798 volebat,
1060 4744 1250 4807 quam
1298 4731 1461 4787 stare
1507 4726 1570 4787 in
1613 4726 1860 4806 justitia

366 4822 428 4885 in
473 4842 602 4906 qua
649 4823 841 4885 creati
892 4830 1091 4898 erant,
1135 4824 1359 4885 eadem
1405 4824 1653 4904 justitia
1697 4824 1863 4905 judi-

365 4928 564 4994 cante,
597 4927 661 4982 et
690 4920 849 4983 illud
881 4928 1143 5003 propter
1171 4922 1341 5004 quod
1373 4922 1546 4983 illam
1580 4930 1859 4986 contem-

365 5026 647 5099 pserunt,
681 5038 1083 5101 nequaquam
1125 5019 1561 5095 obtinuerunt,
1594 5030 1658 5085 et
1691 5023 1857 5104 quod

364 5116 660 5179 tenebant
701 5118 964 5191 bonum,
997 5119 1366 5181 amiserunt.
1402 5119 1504 5183 Sic
1533 5139 1692 5202 ergo
1735 5122 1860 5183 dis-

366 5215 513 5277 creti
566 5224 716 5277 sunt
763 5216 992 5297 angeli,
1026 5224 1098 5278 ut
1145 5217 1525 5281 inhaerentes
1571 5219 1854 5299 justitiae,

367 5312 610 5377 nullum
642 5312 882 5380 bonum
915 5315 1079 5381 velle
1118 5316 1364 5401 possint
1395 5335 1522 5403 quo
1555 5335 1682 5381 non
1712 5336 1858 5402 gau-

1973 4332 2340 4393 claudentes
2381 4349 2527 4391 suas
2560 4330 2830 4393 virtutes
2872 4329 3022 4393 boni
3064 4330 3471 4413 inspectivaS,

1972 4450 2052 4492 ne
2103 4428 2348 4491 scilicet
2397 4427 2651 4490 videant
2699 4429 2777 4491 ad
2826 4428 3065 4491 bonum
3116 4448 3329 4503 usum,
3363 4431 3471 4491 sed

1973 4527 2361 4591 malum.Vel
2392 4526 2518 4608 agit
2551 4545 2628 4589 ex
2659 4527 3031 4590 necessitate
3063 4535 3303 4589 naturae
3323 4544 3336 4589 ε
3358 4527 3474 4589 sic-

1971 4634 2042 4690 ut
2090 4625 2449 4709 synderesis
2479 4644 2593 4687 sua
2634 4635 3060 4688 remurmurat
3099 4626 3287 4701 malo,
3323 4626 3472 4708 quia

1972 4726 2036 4787 in
2071 4726 2209 4808 ipsa
2245 4732 2392 4787 sunt
2422 4724 2657 4808 scripta
2697 4726 3007 4788 naturalia
3037 4725 3202 4805 juris
3243 4744 3473 4808 praece-

1971 4832 2098 4908 pta,
2132 4844 2275 4907 quae
2306 4824 2663 4887 necessario
2693 4824 3055 4886 renituntur
3085 4842 3200 4887 suo
3230 4832 3472 4886 contra-

1971 4924 2110 5001 rio;
2163 4940 2283 4984 nec
2341 4922 2524 4984 aliter
2577 4930 2742 4985 esset
2796 4922 2859 4984 in
2914 4922 3006 4985 eis
3065 4922 3470 4985 conscientiae

1970 5020 2227 5083 vermiS.
2255 5022 2379 5083 Aut.
2408 5039 2483 5082 ex
2516 5021 2837 5083 coactione
2867 5020 3099 5083 divinae
3131 5022 3464 5103 potentiae:
3537 5031 3761 5081 Mamur.

1969 5120 2507 5200 quemadmodum
2552 5138 2628 5181 ex
2660 5118 2888 5181 Christi
2932 5118 3201 5201 imperio
3239 5121 3317 5182 de
3356 5119 3464 5182 ob·
3493 5099 3759 5209 ffiuhw„

1970 5217 2160 5279 sessis
2211 5218 2407 5280 exivit
2457 5216 2849 5299 corporibus
2889 5218 3015 5279 Aut
3064 5218 3289 5281 timore
3336 5237 3463 5281 ser·
3497 5223 3563 5263 ¹⁶·

1970 5316 2104 5393 vili,
2161 5317 2515 5379 secundum
2576 5315 2733 5379 illud
2789 5313 3001 5382 Jacobi
3059 5333 3073 5379 ε
3136 5316 3461 5383 Daemones
3489 5338 3759 5391 moestam.

3754 5432 3774 5465 Ο
