4334 6242
79 4702 82 4709 '
149 4689 213 4733 let
234 4709 281 4741 m,
310 4700 367 4741 Π.

1342 483 1429 532 ΑΝ
1469 484 1651 533 AEvuu
1688 484 1978 532 iii-:risum
2020 486 2113 531 sn·
2152 482 2520 534 mennonium
3367 466 3488 535 145

381 653 593 717 facere
635 655 1013 718 aeviternum
1062 673 1188 718 non
1238 674 1395 718 esse.
1429 690 1510 701 -—
1547 656 1792 729 Adhuc,
1828 654 1881 717 si
1910 653 1962 716 A
1991 656 2161 736 quod
2195 656 2354 717 illud
2385 665 2480 717 est
2507 657 2754 732 stabile,
2783 658 2951 719 istud
2983 657 3310 719 mutabile.
3335 658 3484 721 Nul-

380 761 586 815 totum
620 772 760 816 esse
790 754 1076 817 aeviterni
1110 754 1305 816 simul
1335 762 1452 827 est,
1486 761 1549 816 et
1579 761 1708 815 tota
1741 753 1881 833 ejus
1992 754 2125 815 lum
2164 762 2378 817 autem
2419 756 2854 817 successivum
2883 764 2978 818 est
3007 756 3235 819 stabile
3269 774 3283 818 :
3318 759 3487 840 quod

380 852 634 913 duratio
673 853 811 914 sine
853 851 1048 933 priori
1084 859 1147 914 et
1177 852 1533 933 posteriori,
1567 869 1716 932 ergo
1755 869 1881 913 non
1992 852 2163 913 enim
2211 853 2514 924 succedit,
2550 871 2674 916 non
2720 860 2860 916 stat.
2906 854 3296 917 Duodecimo
3339 873 3492 937 quo-

381 958 474 1011 est
522 950 615 1011 ibi
666 950 919 1031 longius
968 957 1030 1012 et
1079 949 1357 1012 brevius,
1409 950 1639 1013 Anima
1694 950 1886 1031 igitur
1994 970 2117 1033 que
2163 951 2328 1014 libro
2373 953 2449 1014 de
2495 953 2758 1015 Civitate
2808 954 2918 1015 Dei
2963 953 3356 1034 Augustinus
3405 962 3493 1016 te-

382 1046 439 1107 S.
481 1048 649 1110 Petri
700 1066 829 1111 non
877 1048 1002 1110 fuit
1048 1049 1287 1110 diutius
1340 1048 1405 1109 in
1448 1048 1647 1129 gloria
1690 1066 1879 1130 quam
1994 1050 2706 1113 statur:lmmortalitas
2737 1051 3107 1131 angelorum
3139 1070 3266 1113 non
3294 1059 3494 1114 trans-

382 1143 439 1205 S.
478 1146 821 1208 Francisci.
856 1182 939 1192 —
977 1147 1118 1209 Haec
1162 1147 1619 1209 Bonaventura.
1995 1148 2045 1208 it
2102 1148 2170 1209 in
2227 1155 2537 1229 tempore,
2600 1166 2716 1209 nec
2781 1150 3098 1231 prae'terita
3156 1157 3252 1212 cst
3310 1150 3492 1231 quasi

446 1243 639 1307 Porro
667 1244 1020 1307 Richardus
1052 1245 1383 1326 utriusque
1410 1245 1731 1327 opinionis
1760 1253 1885 1305 tan·
1998 1245 2185 1308 modo
2229 1263 2356 1308 non
2405 1247 2507 1320 sit,
2551 1265 2669 1309 nec
2718 1246 2932 1309 futura
2975 1248 3156 1329 quasi
3205 1248 3492 1310 nondum

380 1342 469 1423 git
500 1343 763 1413 motiva,
798 1350 861 1405 et
900 1344 1089 1406 solvit
1124 1362 1249 1408 non
1289 1344 1617 1407 declinans
1654 1344 1731 1405 ad
1773 1342 1883 1404 ali·
1996 1344 2114 1422 sit3
2157 1351 2368 1405 tamen
2407 1362 2626 1406 eorum
2673 1353 2883 1407 motus
2933 1346 3168 1427 quibus
3207 1354 3494 1428 tempora

382 1460 584 1521 quam,
601 1442 713 1503 sed
739 1442 1067 1505 declarans
1097 1442 1369 1525 qualiter
1399 1451 1663 1525 utraque
1693 1450 1884 1523 queat
1996 1448 2406 1521 peraguntur,
2427 1460 2502 1503 ex
2534 1441 2750 1503 futuro
2783 1442 2848 1503 in
2879 1443 3270 1524 praeteritum
3301 1451 3498 1505 trans-

382 1538 637 1601 defendi
676 1560 691 1603 :
730 1540 823 1602 Ad
867 1541 1029 1601 hanc
1067 1541 1425 1622 (inquiens)
1463 1540 1881 1621 quaestionem
1996 1548 2167 1601 cunt.
2197 1541 2464 1621 Insuper
2493 1541 2552 1603 S.
2589 1541 2926 1624 Dionysius
2958 1542 3180 1624 quinto
3213 1542 3493 1624 capitulo

383 1637 605 1699 dicunt
634 1638 835 1721 aliqui
880 1638 1113 1720 magni,
1148 1639 1317 1722 quod
1358 1638 1423 1699 in
1462 1656 1596 1702 aevo
1635 1638 1884 1719 angelo—
1996 1640 2073 1700 de
2113 1639 2358 1701 Divinis
2402 1640 2770 1702 nominibus
2805 1658 2819 1701 ε
2853 1642 3101 1714 AEvum,
3137 1641 3364 1724 inquit,
3400 1642 3492 1703 di—

385 1755 523 1798 rum
566 1756 697 1799 non
727 1745 823 1798 est
854 1738 1174 1799 successio
1211 1737 1499 1799 absolute
1540 1736 1877 1820 loquendo,
1997 1737 2163 1799 citur
2210 1738 2426 1819 quieta
2475 1747 2537 1800 et
2585 1747 2715 1800 tota
2762 1739 2954 1800 simul
3004 1740 3152 1801 vita.
3201 1740 3277 1801 Et
3325 1739 3491 1823 infra
3561 1760 3621 1805 ne
3642 1760 3785 1808 nsvin.

384 1835 678 1915 quamvis
730 1834 1092 1917 aliqualiter
1148 1835 1353 1897 valeat
1409 1834 1499 1896 ibi
1559 1835 1710 1917 poni
1769 1854 1883 1917 per
1918 1838 1965 1900 B
1996 1836 2073 1897 de
2116 1854 2251 1898 aevo
2297 1835 2562 1918 loquens
2613 1836 2733 1898 sub
2782 1837 3040 1898 nomine
3083 1837 3323 1911 aeterni,
3367 1838 3492 1900 dis·
3517 1838 3755 1870 '‘⁰²⁰³‘-

384 1933 925 2014 comparationem
965 1933 1044 1995 ad
1077 1942 1358 1995 nostram
1390 1933 1789 1995 durationem
1820 1940 1883 1995 et
1996 1936 2196 1997 seruit
2231 1954 2244 1997 :
2279 1935 2631 2017 Proprietas
2669 1938 2886 2000 aeterni
2927 1945 3022 1998 est
3051 1937 3388 2019 antiquum
3431 1947 3494 2001 et

385 2038 669 2093 nostram
728 2031 1245 2111 imaginationem
1304 2051 1317 2095 :
1374 2032 1544 2113 quod
1604 2050 1731 2095 non
1788 2038 1884 2093 est
1994 2034 2416 2101 immutabile.
2455 2035 2788 2097 Successio
2823 2042 3038 2096 autem
3077 2035 3494 2099 immutabili-

384 2130 739 2191 secundum
784 2148 919 2191 rem
970 2148 1205 2211 ponere
1252 2130 1315 2192 in
1360 2148 1494 2193 aevo
1537 2131 1883 2192 successio·
1992 2132 2105 2193 tati
2156 2138 2486 2213 repugnat.
2519 2170 2601 2178 —
2636 2133 2731 2194 Ad
2782 2132 2953 2195 idem
3002 2140 3152 2195 sunt
3193 2134 3488 2197 rationeS.

384 2246 554 2301 nem,
578 2228 693 2289 sed
726 2228 789 2289 in
822 2235 1128 2310 tempore,
1149 2228 1333 2308 cujus
1366 2236 1575 2310 partes
1608 2246 1721 2310 per
1750 2248 1887 2289 suc·
1993 2230 2245 2291 Dictum
2279 2238 2376 2292 est
2406 2230 2602 2304 enim,
2632 2232 2803 2312 quod
2833 2251 3040 2294 aevum
3071 2240 3167 2293 est
3197 2252 3496 2295 mensura

384 2326 741 2388 cessionem
798 2345 933 2390 aevo
990 2326 1401 2389 coexsistunt.
1453 2364 1535 2372 —
1591 2327 1707 2390 Pro
1766 2327 1883 2388 hac
1993 2347 2131 2390 esse
2162 2329 2356 2390 creati
2389 2328 2796 2391 uniformiter
2825 2348 2892 2391 se
2923 2330 3238 2405 habentis,
3259 2340 3321 2393 et
3351 2349 3495 2393 con-

382 2424 687 2505 opinione
718 2432 866 2486 sunt
898 2425 1111 2488 multae
1141 2426 1687 2488 auctoritates.Ait
1716 2444 1887 2487 nam·
1993 2434 2115 2487 stat
2160 2426 2328 2509 quod
2375 2427 2480 2487 tali
2526 2427 2948 2489 uniformitati
2996 2437 3305 2510 repugnet
3352 2449 3535 2491 suc-.

384 2542 507 2605 que
539 2523 961 2605 Philosophus
992 2524 1371 2587 duodecimo
1398 2525 1879 2607 Metaphysicae:
1995 2525 2216 2587 cessio.
2261 2524 2520 2599 RursuS,
2565 2526 2630 2587 in
2674 2543 2809 2589 aevo
2857 2544 2984 2587 non
3032 2533 3128 2588 est
3175 2527 3494 2590 successio

383 2621 509 2683 Nec
560 2622 869 2704 possibile
911 2630 1005 2685 est
1044 2642 1183 2685 esse
1235 2624 1412 2705 prius
1454 2632 1519 2685 et
1568 2624 1883 2705 posterius
1995 2642 2142 2684 cum
2174 2622 2544 2698 variatione,
2579 2624 2880 2705 quoniam
2923 2642 3060 2685 esse
3098 2623 3384 2685 aeviterni
3425 2624 3494 2686 in

384 2740 589 2801 quum
639 2738 765 2782 non
818 2721 902 2783 sit
941 2729 1215 2803 tempuS.
1259 2720 1584 2784 Avicenna
1630 2739 1883 2805 quoque
1996 2728 2308 2802 quantum
2357 2728 2454 2783 est
2499 2721 2899 2794 aeviternum,
2954 2720 3325 2783 invariabile
3374 2729 3489 2783 est.

385 2836 555 2881 nono
602 2818 1047 2902 Metaphysicae
1096 2838 1226 2882 suae
1260 2837 1273 2881 :
1308 2820 1459 2895 Hoc,
1505 2820 1737 2902 inquit,
1777 2838 1884 2882 vo·
1994 2818 2123 2881 Nec
2151 2826 2249 2881 est
2280 2818 2370 2880 ibi
2413 2819 2732 2881 successio
2772 2819 2910 2881 sine
2941 2819 3311 2894 variatione,
3345 2820 3496 2901 quia

386 2935 607 2979 camus
668 2926 944 2999 tempuS,
1006 2917 1255 2979 scilicet
1312 2918 1707 2999 prioritatem
1772 2936 1884 2980 seu
1998 2916 2064 2978 in
2098 2918 2274 2979 omui
2317 2918 2722 2979 successione
2758 2925 2854 2979 est
2883 2918 3184 2979 transitus
3213 2938 3252 2979 a
3279 2918 3496 2981 futuro

388 3015 927 3080 mensurationem
959 3035 1099 3098 quae
1124 3034 1253 3079 non
1282 3015 1473 3078 habet
1503 3023 1737 3079 statum
1768 3034 1886 3077 nec
1922 3014 1967 3078 C
2000 3014 2065 3076 in
2098 3014 2490 3097 praeteritum
2522 3034 2636 3096 per
2665 3034 2942 3096 praesens
2978 3033 2992 3077 :
3027 3015 3196 3097 quod
3226 3016 3364 3079 sine
3393 3036 3496 3079 va-

386 3114 821 3189 stabilitatem,
856 3115 967 3177 sed
1006 3121 1102 3177 est
1142 3116 1497 3178 secundum
1538 3114 1707 3177 viam
1750 3134 1889 3177 suc·
1998 3112 2266 3175 riatione
2297 3112 2643 3175 consistere
2675 3113 2915 3194 nequit.
2951 3113 3093 3176 Haec
3123 3113 3490 3176 RicharduS.

388 3212 734 3291 cessionis3
782 3212 1063 3276 secundo
1112 3232 1365 3296 quoque
1413 3214 1823 3297 Physicorum
1868 3232 1882 3275 ε
2105 3210 2410 3284 Quocirca
2468 3210 2823 3284 sciendum,
2887 3210 3056 3291 quod
3113 3210 3520 3291 venerabilis·

388 3308 502 3371 Cui
533 3328 611 3372 ex
647 3328 715 3372 se
747 3309 981 3372 accidit
1010 3318 1154 3373 ante
1186 3318 1249 3373 et
1280 3319 1442 3393 post,
1478 3320 1731 3393 tempus
1767 3320 1881 3373 est.
1997 3308 2115 3372 iste
2146 3308 2518 3382 Richardus,
2554 3308 2664 3390 qui
2705 3307 2864 3370 solet
2890 3308 3102 3371 vocari
3134 3308 3363 3371 Doctor
3402 3327 3497 3371 so-

388 3410 457 3471 In
520 3411 684 3473 libro
742 3410 895 3472 item
947 3412 1026 3472 de
1084 3410 1523 3492 Intelligentiis
1582 3411 1817 3473 dicitur
1868 3430 1883 3473 ε
1998 3408 2187 3484 lidus,
2239 3407 2666 3471 communiter
2715 3406 3004 3488 sequitur
3052 3407 3110 3469 S.
3165 3407 3491 3483 Thomam‚

390 3508 649 3570 Nullum
698 3507 1099 3570 immutabile
1142 3517 1547 3571 mensuratur
1591 3529 1888 3572 mensura
1997 3506 2292 3587 quamvis
2335 3524 2462 3568 non
2507 3505 2793 3568 nominet
2832 3525 3003 3567 eum.
3040 3504 3160 3567 Sed
3203 3506 3491 3581 dicend0,

390 3606 787 3667 succedente.
841 3603 993 3667 Esse
1041 3612 1255 3667 autem
1308 3606 1743 3687 intelligentiae
1790 3614 1887 3668 est
1998 3603 2213 3685 Aliqui
2254 3604 2466 3683 magni
2505 3602 2748 3677 dicunt,
2783 3604 3210 3666 communiter
3239 3604 3495 3666 denotat

389 3702 809 3766 immutabile.
853 3704 1115 3778 RursuS,
1149 3704 1541 3784 Augustinus
1589 3704 1884 3767 duodeci·
1998 3709 2288 3763 sanctum
2333 3702 2684 3764 Doctorem.
2722 3701 2798 3763 Et
2841 3701 3007 3763 sicut
3050 3721 3128 3764 ex
3177 3702 3493 3783 praeindu-

392 3820 495 3864 mo
525 3802 1033 3875 confessionum,
1060 3802 1323 3885 loquens
1355 3803 1483 3865 Deo
1510 3804 1589 3865 de
1619 3802 1880 3884 angelo:
1998 3799 2116 3861 ctis
2166 3800 2336 3861 circa
2391 3798 2786 3881 principium
2834 3799 3026 3879 hujus
3076 3800 3282 3881 patuit
3329 3820 3494 3882 quae-
3559 3838 3604 3879 p.
3642 3823 3775 3868 1268'

390 3901 471 3962 Te
495 3900 763 3982 (inquit)
786 3899 913 3961 sibi
944 3918 1198 3982 semper
1228 3908 1559 3981 praesente‚
1582 3902 1660 3963 ad
1692 3920 1883 3983 quem
1997 3900 2244 3973 stioniS,
2296 3900 2566 3961 Thomas
2614 3905 2676 3960 et
2723 3898 2938 3960 Petrus
2987 3917 3135 3960 eum
3193 3918 3488 3981 sequenS,
3519 3890 3564 3931 θ’
3586 3900 3624 3931 ⁸·

394 4005 521 4060 toto
548 3998 787 4060 aflectu
818 4017 887 4060 se
918 4004 1109 4071 tenet,
1145 4016 1283 4061 non.
1314 3999 1553 4061 habens
1592 3998 1883 4081 {uturum
1998 4006 2145 4060 sunt
2195 3998 2529 4079 positionis
2589 3996 2795 4070 istiuS,
2849 3998 3017 4078 quod
3067 3998 3133 4059 in
3181 4015 3315 4060 aevo
3363 4016 3488 4061 non

392 4096 558 4178 quod
606 4103 953 4177 exspectet,
996 4115 1115 4158 nec
1158 4096 1223 4157 in
1275 4098 1669 4179 praeteritum
1718 4098 1887 4178 traji-
1996 4097 2256 4159 exsistat
2285 4096 2622 4158 successio.
2644 4096 2921 4170 Quorum
2955 4096 3190 4159 motiva
3221 4095 3310 4158 ibi
3342 4104 3492 4159 sunt

393 4194 565 4256 ciens
606 4213 747 4276 quae
787 4192 1171 4257 meminerit.
1207 4194 1369 4257 Ecce
1398 4196 1569 4277 quod
1600 4204 1887 4257 creatura
1916 4198 1965 4260 D
1998 4202 2180 4257 tacta.

392 4291 675 4375 angelica
712 4300 1025 4374 quantum
1066 4293 1144 4355 ad
1174 4312 1313 4355 esse
1355 4313 1565 4368 suum,
1597 4301 1660 4356 et
1689 4313 1885 4376 quan·
2075 4293 2153 4355 At
2183 4310 2333 4355 vero
2363 4292 2696 4354 Durandus
2726 4292 2818 4354 eis
2851 4292 3188 4366 consentit,
3215 4293 3364 4375 quia
3392 4294 3493 4375 (ut

395 4399 527 4453 tum
563 4389 642 4453 ad
692 4390 1297 4473 contemplationem
1345 4411 1473 4472 qua
1521 4392 1720 4454 Deum
1772 4392 1886 4453 im·
1996 4392 2111 4473 ait)
2140 4390 2499 4473 simplicius
2530 4397 2626 4452 est
2653 4408 2792 4457 esse
2821 4390 3270 4453 aeviternorum
3301 4411 3492 4474 quam

396 4488 786 4551 mutabiliter
815 4489 1109 4551 beatifice
1138 4490 1884 4571 contemplatur‚nullam
1996 4489 2460 4570 generabilium
2518 4497 2581 4550 et
2627 4488 3168 4571 corruptibilium,
3218 4507 3493 4570 quorum

396 4588 582 4650 habet
644 4586 711 4649 in
777 4587 1107 4649 duratione
1169 4588 1662 4651 successionem.
1725 4590 1885 4652 Hinc
1996 4599 2209 4653 tamen
2241 4609 2378 4652 esse
2409 4607 2534 4652 non
2571 4598 2665 4651 est
2697 4588 3153 4663 successivum,
3190 4590 3493 4670 quoniam

396 4683 731 4766 Gregorius
780 4706 975 4768 super
1020 4686 1180 4749 illud
1225 4687 1362 4761 Job,
1418 4687 1510 4749 lbi
1560 4688 1885 4769 requieve-
1996 4690 2207 4752 omnis
2255 4687 2573 4751 successio
2621 4693 2718 4748 est
2763 4686 3186 4748 essentialiter
3233 4686 3491 4767 aliquod

397 4792 541 4845 runt
589 4784 743 4846 fessi
791 4784 1015 4847 robore
1060 4805 1075 4849 :
1117 4785 1277 4859 Quid
1322 4793 1437 4860 est,
1470 4786 1579 4861 ait,
1614 4795 1886 4850 stantem
1998 4786 2139 4849 fieri
2183 4786 2534 4848 secundum
2573 4782 2843 4846 formam
2878 4790 2986 4844 aut
3017 4781 3228 4844 locum
3263 4800 3277 4843 ε
3312 4783 3366 4843 si
3397 4802 3493 4845 er-

396 4900 645 4964 semper
691 4882 759 4944 in
808 4884 1104 4965 praesenti
1146 4891 1210 4945 et
1246 4884 1528 4966 quietem
1580 4904 1882 4967 quaerere,
1997 4904 2076 4968 go
2115 4904 2254 4947 esse
2287 4882 2747 4965 generabilium
2779 4889 2840 4943 et
2871 4880 3385 4962 corruptibilium
3425 4882 3492 4945 in

398 4981 515 5043 nisi
553 4982 633 5043 ad
673 4981 835 5043 illud
866 4982 969 5043 cui
1008 4982 1102 5044 nil
1138 4983 1417 5057 advenit,
1453 4983 1544 5046 nil
1584 4985 1883 5065 praeteri't,
1998 4982 2401 5046 successione
2462 4980 2852 5050 consisteret,
2915 4979 3084 5041 idem
3148 4980 3491 5043 dicendum

398 5080 759 5143 aeternitatis
819 5080 1123 5161 gaudium
1188 5082 1483 5145 anhelare
1518 5086 1542 5144 i
1602 5082 1887 5164 Denique
1999 5089 2165 5144 esset
2202 5081 2280 5143 de
2319 5078 2464 5141 fieri
2503 5079 2910 5157 eorumdem3
2953 5080 3139 5141 etsie
3177 5080 3491 5162 quidquid

404 5174 555 5241 libro
598 5178 891 5241 LXXXIII
939 5180 1368 5253 Quaestionum
1415 5181 1639 5243 asserit
1680 5181 1889 5260 Augu·
2000 5185 2166 5241 esset
2201 5195 2391 5239 causa
2423 5176 2489 5237 in
2529 5174 2696 5249 fieri,
2728 5184 2895 5237 esset
2923 5184 2988 5238 et
3017 5194 3209 5240 causa
3245 5196 3494 5240 conser-

403 5260 597 5339 stinus
630 5294 644 5339 :
678 5278 850 5339 Inter
880 5297 1087 5341 aevum
1123 5286 1186 5341 et
1214 5286 1471 5361 tempus
1510 5279 1630 5342 hoc
1669 5280 1881 5356 distat,
2002 5279 2214 5343 vativa
2253 5277 2318 5339 in
2357 5293 2517 5349 esse,
2551 5273 2720 5356 quod
2761 5273 2994 5336 falsum
3023 5282 3136 5336 est.
3173 5276 3345 5338 Idem
3383 5295 3488 5358 pa-

642 5412 707 5463 T.
745 5414 827 5462 21.
3181 5410 3242 5462 10
