4334 6242
841 494 964 562 376

1526 515 1592 563 m
1631 516 1854 563 Lmntm
1894 516 1940 563 11
1981 516 2465 563 SENTENTIARUM.
2510 534 2591 545 —
2630 515 2783 562 msr.
2820 516 2947 579 vu;
2990 516 3213 572 QUAEST.
3256 516 3278 562 1

846 704 972 768 que
1023 688 1102 749 ad
1157 686 1612 769 inquirendum
1666 708 1920 751 causam
1975 687 2351 751 obstinatio-
2376 688 2428 751 A
2457 687 2577 750 Sed
2608 689 2825 751 Petrus
2857 688 2934 750 ad
2967 687 3207 750 nullam
3239 686 3617 770 opinionum
3646 693 3955 749 tactarum

847 784 948 847 nis
989 784 1194 859 istiuS,
1228 787 1625 868 pensandum
1665 788 1836 870 quod
1865 787 1962 849 vis
2000 786 2351 869 appetitiva

848 883 914 945 in
945 884 1236 947 omnibus
1266 885 1781 967 proportionatur
1808 886 2284 968 apprehensivae
2313 904 2350 947 a

848 1001 975 1064 qua
1006 990 1316 1057 movetur,
1342 982 1508 1045 sicut
1538 984 1776 1047 mobile
1809 985 2056 1047 motori.
2091 984 2350 1067 Appeti-

844 1087 943 1143 tus
974 1080 1213 1163 quippe
1243 1082 1712 1156 sensitivuS,est
1743 1082 1884 1146 boni
1919 1083 2346 1166 particularis3

801 1227 811 1237 .
845 1180 1138 1243 voluntas
1169 1199 1340 1255 vero,
1367 1181 1743 1245 universalis
1771 1181 2345 1265 :quemadmodum

559 3646 624 3703 cs.
635 3644 819 3703 pana

557 4747 650 4790 cap.
679 4737 818 4779 ⁹245.

847 1298 1072 1341 sensus
1102 1280 1608 1362 apprehensivus
1639 1288 1734 1343 est
1776 1281 2221 1362 singularium,
2257 1281 2349 1343 in-

845 1377 1138 1439 tellectus
1183 1378 1664 1440 universalium.
1713 1377 1942 1441 Differt
1982 1386 2196 1441 autem
2239 1398 2347 1461 ap-

847 1476 1188 1557 prehensio
1231 1476 1439 1557 angeli
1483 1476 1563 1539 ab
1603 1477 2108 1560 apprehensione
2149 1476 2349 1539 horni-

847 1573 948 1634 nis
1017 1573 1083 1635 in
1153 1574 1294 1648 hoc,
1360 1575 1529 1656 quod
1597 1575 1860 1655 angelus
1927 1574 2349 1658 apprehendit

849 1670 1266 1733 immobiliter
1316 1690 1431 1754 per
1474 1672 1891 1747 intellectum,
1937 1673 2347 1755 quemadmo-

845 1770 1000 1832 dum
1031 1787 1148 1832 nos
1189 1769 1396 1852 prima
1436 1770 1788 1853 principia3
1820 1771 2011 1834 homo
2043 1789 2195 1834 vero
2234 1790 2348 1852 per

2455 786 2751 849 declinat.

2543 886 2733 948 Porro
2790 886 3028 968 scripta
3081 884 3376 947 Richardi
3434 884 3503 945 in
3561 884 3959 966 praeinducta

2459 984 2773 1067 positione
2820 984 3275 1046 Bonaventurae
3324 990 3621 1046 contenta
3664 990 3832 1045 sunt.
3880 982 3961 1044 Et

2458 1082 2595 1165 ipse
2635 1082 2984 1145 Richardus
3028 1100 3283 1143 causam
3323 1079 3962 1162 irrecuperabilitatis

2456 1190 2645 1263 atque
2709 1180 3193 1263 impoenitentiae
3254 1180 3615 1242 daemonum
3679 1179 3959 1253 tradenS,

2457 1280 2671 1363 plures
2701 1279 2971 1342 rationes
3001 1280 3079 1341 de
3111 1279 3231 1342 hoc
3259 1277 3638 1361 praehabitas
3670 1278 3734 1339 in
3760 1296 3963 1339 unum

2456 1385 2857 1451 commassat,
2899 1376 3081 1460 quasi
3130 1393 3526 1458 unaquaeque
3570 1393 3789 1438 earum
3842 1394 3963 1457 per

2456 1495 2524 1539 se
2555 1494 2678 1537 non
2714 1476 2792 1539 sit
2825 1474 3181 1549 sufficienS,
3202 1473 3311 1535 sed
3341 1491 3565 1536 omnes
3594 1492 3705 1535 seu
3738 1473 3963 1555 plures

2457 1573 2651 1636 simul
2678 1581 2976 1654 acceptae,
3011 1590 3137 1633 una
3178 1590 3323 1633 cum
3366 1570 3779 1652 dispositione
3810 1588 3965 1653 pro-

2456 1672 2755 1735 videntiae
2793 1671 2929 1745 Dei,
2961 1669 3431 1752 sapientissime
3468 1668 3964 1732 rationabiliter-

2457 1790 2584 1853 que
2626 1769 3019 1833 instituentis
3066 1775 3138 1831 ut
3179 1767 3283 1830 via
3324 1766 3694 1849 angelorum
3743 1767 3969 1831 termi-

848 1867 1158 1930 rationem
1215 1868 1638 1950 apprehendit
1693 1868 2037 1943 mobiliter,
2096 1869 2344 1931 discur·
2382 1872 2717 1935 Bnaretur
2775 1868 2839 1930 in
2901 1867 3108 1949 prima
3164 1883 3387 1929 eorum
3444 1866 3776 1939 electione,
3838 1885 3965 1928 nec

847 1966 1044 2028 rendo
1084 1966 1160 2028 de
1200 1984 1328 2028 uno
1365 1967 1442 2027 ad
1486 1966 1681 2041 aliud,
1716 1966 1956 2029 habens
1995 1968 2165 2030 viam
2208 1985 2349 2049 pro-

847 2063 1114 2126 cedendi
1159 2064 1237 2125 ad
1286 2060 1630 2145 utrumque
1676 2064 2135 2147 oppositorum.
2174 2066 2347 2128 Unde

847 2170 911 2225 et
949 2161 1242 2225 voluntas
1282 2162 1562 2225 hominis
1605 2162 1883 2225 adhaeret
1919 2163 2113 2226 alicui
2148 2162 2351 2226 mobi-

848 2260 1013 2335 liter,
1060 2268 1361 2342 tanquam
1401 2268 1625 2342 potens
1665 2259 1743 2322 ab
1785 2260 1894 2324 illo
1931 2261 2249 2335 recedere,
2286 2269 2350 2324 et

849 2359 1166 2422 contrario
1214 2359 1580 2437 adhaerere3
1631 2359 1742 2421 sed
1791 2360 2084 2423 voluntas
2138 2361 2345 2441 angeli

846 2457 978 2519 fixe
1021 2457 1563 2540 immobiliterque
1601 2458 1896 2520 adhaeret.
1931 2459 2078 2522 Ideo
2115 2459 2168 2520 si
2204 2477 2349 2521 con-

847 2556 1163 2619 sideretur
1208 2562 1352 2617 ante
1401 2554 1851 2630 adhaesionem,
1889 2562 2097 2638 potest
2147 2555 2347 2619 libere

847 2654 1166 2716 adhaerere
1207 2653 1356 2715 huic
1387 2660 1450 2715 et
1479 2652 1620 2733 ejus
1650 2653 1964 2735 opposito,
2000 2654 2067 2715 in
2100 2654 2201 2716 his
2231 2655 2349 2716 sci-

849 2750 999 2813 licet
1042 2770 1183 2833 quae
1225 2768 1352 2813 non
1394 2746 1766 2813 naturaliter
1811 2751 1980 2830 vult3
2021 2752 2130 2815 sed
2184 2758 2348 2833 post-

848 2868 1042 2931 quam
1092 2849 1378 2923 adhaesit,
1416 2848 1832 2911 immobiliter
1873 2851 2167 2913 adhaeret.
2202 2850 2349 2913 Ideo

847 2948 1056 3028 angeli
1108 2946 1260 3010 boni
1315 2966 1568 3029 semper
1613 2947 2005 3010 adhaerentes
2057 2948 2344 3029 justitiae,

2458 1975 2677 2051 postea
2705 1966 2799 2029 eis
2829 1966 3085 2029 daretur
3112 1964 3421 2027 auxilium
3452 1964 3780 2027 redeundi.
3806 1965 3969 2029 1²1·ae-

2458 2066 2646 2149 cipue
2684 2073 2894 2127 autem
2936 2063 3341 2127 commendat
3380 2063 3729 2126 Richardus
3772 2063 3967 2125 ratio-

2458 2183 2603 2227 nem
2638 2164 2811 2226 illam
2852 2181 3217 2245 expressam
3258 2180 3334 2224 ex
3365 2168 3543 2243 parte
3582 2161 3965 2244 simplicita-

2458 2263 2537 2325 tis
2578 2271 2819 2325 naturae
2860 2262 3184 2342 angelicae,
3220 2260 3306 2322 ita
3343 2261 3514 2342 quod
3558 2259 3851 2324 diabolus
3888 2280 3965 2323 se

2456 2370 2588 2424 toto
2641 2360 2954 2423 convertit
3011 2367 3239 2421 conatu
3296 2360 3377 2421 ad
3428 2377 3609 2421 suam
3667 2358 3968 2422 ambitio-

2457 2479 2628 2533 nem,
2663 2458 2830 2521 sicut
2859 2465 2922 2520 et
2960 2456 3167 2538 angeli
3198 2456 3383 2519 electi
3422 2458 3501 2519 ad
3532 2456 3815 2519 divinam
3848 2458 3963 2519 ad-

2457 2558 2823 2621 haesionem.
2879 2557 2995 2619 Per
3053 2556 3223 2638 quod
3282 2554 3442 2618 solvi
3501 2563 3715 2637 posset
3776 2554 3965 2636 obje-

2459 2657 2585 2719 ctio
2616 2663 2833 2717 contra
2861 2654 3025 2717 hanc
3051 2672 3304 2716 causam
3336 2652 3628 2726 adducta,
3660 2652 3967 2716 videlicet

2459 2754 2628 2836 quod
2658 2752 2950 2815 diabolus
2990 2751 3284 2833 quamvis
3322 2750 3406 2812 sit
3442 2750 3715 2832 simplex
3756 2750 3821 2812 in
3855 2770 3969 2813 na-

2458 2860 2621 2925 tura,
2672 2857 2880 2913 tamen
2933 2857 3029 2912 est
3080 2847 3419 2931 multiplex
3472 2848 3537 2909 in
3587 2847 3843 2921 virtute,
3896 2856 3967 2911 et

2458 2949 2756 3011 dominus
2786 2947 2885 3009 sui
2915 2956 3094 3009 actus
3124 2963 3137 3008 :
3172 2946 3414 3008 idcirco
3442 2964 3568 3009 non
3600 2946 3967 3028 oportuisse

848 3054 997 3108 sunt
1028 3045 1093 3108 in
1126 3046 1234 3108 illa
1273 3045 1673 3125 confirmati3
1708 3046 1854 3107 mali
1895 3064 2046 3109 vero
2082 3066 2346 3129 peccan-
2383 3049 2426 3113 C
2457 3047 2626 3128 quod
2667 3053 2797 3109 toto
2838 3052 3065 3107 conatu
3106 3062 3173 3107 se
3203 3043 3282 3106 ad
3312 3044 3656 3105 vanitatem
3698 3061 3965 3105 conver-

849 3154 965 3218 teS,
999 3150 1147 3206 sunt
1179 3144 1244 3205 in
1276 3150 1536 3225 peccato
1565 3142 1886 3206 obstinati.
1910 3180 1992 3189 —
2019 3144 2162 3207 Haec
2194 3146 2350 3208 Tho-

850 3261 1006 3304 mas,
1069 3242 1161 3303 Ex
1219 3240 1456 3323 quibus
1512 3240 1728 3303 verbis
1790 3260 2009 3304 rursus
2070 3242 2345 3315 videtur,

849 3341 1018 3423 quod
1069 3340 1120 3401 si
1163 3339 1369 3420 angeli
1422 3339 1676 3422 reprobi
1725 3340 1853 3402 Deo
1901 3359 2185 3422 unquam
2234 3360 2349 3423 per

847 3437 1162 3501 actualem
1230 3437 1510 3500 caritatis
1572 3436 1980 3500 dilectionem
2045 3439 2347 3502 adhaesis·

849 3545 1012 3611 sent,
1058 3555 1386 3618 nunquam
1429 3535 1703 3599 fuissent
1743 3535 1823 3598 ab
1867 3554 1942 3599 eo
1982 3537 2209 3599 aversi.

929 3636 1214 3718 Insuper,
1250 3653 1448 3715 quum
1488 3634 1655 3696 dicat
1686 3642 1928 3697 ceteros
1967 3636 2223 3715 angelos
2253 3654 2347 3698 re—

849 3734 1082 3818 probos
1131 3733 1533 3814 suggestione
1583 3752 1880 3815 peccasse
1928 3733 2229 3803 Luciferi,
2270 3754 2347 3796 ex

848 3852 976 3916 quo
1034 3832 1214 3913 sequi
1262 3831 1517 3894 videtur
1572 3849 1678 3893 eos
1737 3830 2123 3914 reparabiles
2182 3852 2343 3907 esse,

845 3931 1028 4013 juxta
1094 3930 1261 4012 quod
1332 3928 1592 4010 quidam
1661 3929 1880 3990 dicunt
1946 3929 2343 4005 Sanctorum,

849 4030 1038 4093 etiarn
1092 4028 1429 4108 Gregorius
1477 4035 1541 4090 et
1588 4027 1966 4102 BernarduS,
2018 4028 2160 4090 ideo
2214 4029 2345 4111 pri-

850 4146 988 4191 mos
1028 4134 1320 4209 parentes
1360 4124 1723 4188 liberabiles
1767 4126 1985 4199 fuisse,
2019 4127 2172 4208 quia
2210 4146 2349 4209 per-

849 4324 970 4387 hoc
1001 4342 1130 4386 non
1167 4342 1307 4386 esse
1346 4330 1541 4385 totam
1581 4321 2070 4404 reparabilitatis
2106 4322 2347 4385 redem-

849 4422 1215 4505 ptionisque
1258 4440 1536 4483 causam.

931 4522 1018 4583 De
1049 4520 1148 4582 his
1177 4520 1368 4582 etiam
1403 4518 1628 4581 scribit
1664 4519 1730 4580 B.
1764 4518 2034 4581 Thomas
2066 4520 2132 4581 in
2164 4519 2345 4582 Sum-

850 4638 957 4682 ma
999 4626 1218 4681 contra
1258 4616 1549 4697 gentiles,
1588 4616 1752 4679 libro
1793 4624 2020 4699 quarto
2062 4617 2233 4679 circa
2269 4618 2347 4680 fi-

849 4736 1018 4780 nem.
1053 4718 1144 4779 Ex
1194 4714 1430 4798 quibus
1481 4715 1680 4777 multa
1727 4714 1931 4796 accipi
1976 4723 2219 4797 queunt
2266 4717 2342 4778 ad

847 4817 1078 4880 horum
1131 4813 1620 4877 declarationem
1674 4814 2083 4876 accommoda
2137 4832 2150 4875 ε
2204 4834 2347 4896 quae

848 4899 1059 4977 tamen
1091 4913 1169 4975 ad
1201 4919 1496 4995 quartum
1530 4910 1994 4974 Sententiarum
2031 4912 2175 4994 plus
2206 4932 2345 4995 per-

847 5014 1090 5091 tinent3
1131 5020 1194 5073 et
1244 5010 1355 5085 ibi,
1399 5009 1451 5073 si
1503 5010 1669 5071 Deus
1717 5009 2122 5085 concesserit,
2167 5011 2348 5073 indu-

848 5118 1091 5175 centur.

929 5210 1176 5292 Scripta
1213 5210 1472 5271 demum
1516 5207 1680 5271 Petri
1726 5207 1804 5269 de
1845 5206 1968 5281 his,
2002 5206 2068 5268 in
2111 5207 2349 5289 praeha-

849 5308 1002 5376 bitis
1045 5308 1256 5375 verbis
1298 5307 1552 5373 Thomae
1595 5305 1872 5371 totaliter
1916 5305 2340 5371 continentur.

2456 3145 2622 3206 terit.
2676 3144 2797 3208 Sed
2854 3151 2917 3205 et
2976 3143 3246 3206 Thomas
3303 3141 3731 3221 objectionem
3790 3141 3961 3204 hanc

2457 3241 2721 3316 facienS,
2754 3240 2960 3303 nihilo
3001 3240 3216 3302 minus
3258 3240 3492 3302 fatetur
3519 3239 3617 3318 (ut
3655 3238 3824 3302 infra
3863 3240 3961 3301 di-

2458 3340 2664 3421 cetur)
2702 3340 2870 3421 quod
2914 3326 3123 3419 angeli
3168 3355 3297 3419 quo
3338 3344 3519 3399 erant
3560 3336 3803 3399 altioris
3846 3356 3963 3399 na-

2457 3447 2636 3511 turae,
2672 3445 2845 3500 tanto
2872 3436 3311 3499 eminentioris
3341 3434 3491 3498 facti
3523 3443 3672 3497 sunt
3700 3436 3957 3516 gloriae:

2459 3537 2609 3618 quia
2639 3536 2938 3599 videlicet
2969 3543 3098 3598 toto
3137 3541 3366 3597 conatu
3407 3552 3474 3597 se
3506 3541 3961 3597 converterunt

2456 3643 2566 3698 aut
2604 3642 2987 3698 averterunt.
3024 3634 3198 3697 Unde
3238 3640 3302 3697 et
3330 3633 3491 3696 ratio
3529 3633 3639 3695 illa
3678 3634 3959 3696 multum

2455 3735 2709 3797 videtur
2737 3733 2967 3796 fecisse
3007 3732 3085 3794 ad
3124 3731 3617 3795 obstinationem
3658 3731 3961 3813 impoeni-

2454 3833 2847 3912 tentiamque
2879 3829 3135 3893 diaboli.
3160 3830 3420 3912 Propter
3447 3828 3617 3910 quod
3646 3836 3711 3890 et
3740 3828 3961 3893 Alber-

2454 3938 2556 3993 tus
2598 3950 2735 3993 eam
2776 3928 3017 3995 ‚alicubi
3058 3928 3276 4009 tangit.

2536 4029 2651 4102 Qui
2681 4036 2743 4089 et
2774 4028 2879 4089 hic
2914 4034 3340 4090 contestatur:
3367 4025 3717 4090 Obstinatio
3750 4028 3963 4110 dupli·
4012 4056 4247 4101 summu..

2455 4129 2614 4191 citer
2644 4126 2937 4188 sumitur.
2962 4124 3192 4198 PrimO,
3221 4142 3337 4207 pro
3366 4124 3685 4187 immobili
3714 4125 3953 4188 affectu
3988 4122 4180 4225 {3⁹⁰⁴-
4209 4132 4247 4173 ‘¹-

764 4275 775 4287 .
849 4226 1144 4289 suasione
1194 4231 1618 4306 peccaverunt
1664 4222 1935 4302 diaboli3
1982 4225 2343 4306 respondet,
2376 4224 2425 4285 D
2458 4227 2523 4288 in
2565 4224 2750 4287 malo.
2787 4224 3017 4305 Sicque
3062 4223 3345 4305 procedit
3384 4242 3421 4285 a
3460 4223 3785 4285 voluntate
3822 4224 3957 4285 dia-

2455 4324 2585 4387 boli
2617 4324 2929 4396 indurata,
2962 4340 3081 4384 nec
3120 4321 3350 4383 timore
3388 4340 3722 4403 poenarum
3761 4329 3957 4385 retra-

2454 4422 2651 4496 hitur,
2684 4439 2801 4483 nec
2846 4420 3079 4502 pietate
3124 4418 3428 4492 mollitur,
3467 4419 3650 4500 juxta
3689 4419 3846 4482 illud
3890 4420 3955 4483 in

2453 4521 2569 4584 Job
2604 4538 2617 4583 :
2662 4520 2821 4582 Ecce
2872 4537 2981 4581 cor
3021 4518 3161 4599 ejus
3206 4526 3275 4579 ut
3319 4518 3480 4600 lapis
3524 4518 3952 4593 indurabitur,
3986 4540 4073 4583 ιω
4094 4544 4247 4589 mas.

2454 4628 2518 4681 et
2566 4618 2911 4699 stringetur
2952 4616 3133 4699 quasi
3183 4616 3566 4679 malleatoris
3614 4616 3813 4681 incus.
3849 4619 3961 4681 Se-

2456 4717 2665 4779 cundo
2694 4716 2971 4777 sumitur
2994 4734 3109 4797 pro
3138 4715 3649 4797 poenavidelicet
3678 4735 3795 4798 pro
3824 4735 3954 4779 non

2456 4833 2642 4897 posse
2672 4814 2878 4876 redire
2907 4815 2983 4875 ad
3026 4813 3265 4875 bonum
3302 4830 3315 4875 t
3350 4816 3519 4896 quod
3550 4822 3645 4876 est
3676 4816 3957 4877 maxima

2457 4931 2661 4995 poena.
2698 4912 2775 4973 Et
2806 4911 2890 4974 ita
2919 4931 2956 4973 a
2984 4912 3111 4974 Deo
3136 4918 3254 4985 est,
3288 4920 3349 4974 et
3380 4911 3626 4974 inflicta
3656 4921 3751 4975 est
3777 4913 3957 4993 justo

2456 5011 2597 5091 ejus
2636 5010 2900 5091 judicio,
2935 5011 3473 5092 quemadmodum
3516 5012 3726 5074 omnis
3766 5030 3959 5094 poena

2457 5128 2573 5193 pro
2622 5117 2882 5191 peccato
2924 5109 3193 5183 inflicta,
3226 5129 3263 5171 a
3304 5110 3415 5171 Dei
3459 5111 3747 5192 procedit
3784 5112 3955 5192 judi-

2456 5209 2574 5270 cio.
2602 5208 2843 5290 Nempe
2871 5208 3303 5287 justissimum
3335 5208 3458 5271 fuit
3487 5209 3657 5291 quod
3685 5210 3953 5291 angelus

2456 5307 2565 5393 qui
2611 5306 2953 5371 deiformis.
2984 5315 3117 5373 erat
3157 5307 3537 5386 intellectus,
3570 5316 3634 5373 et
3674 5308 3837 5374 nibil
3884 5309 3948 5375 in
