4334 6242
830 481 951 547 330

1525 505 1589 550 IN
1629 505 1851 552 malum
1894 505 1937 550 11
1979 505 2462 550 SENTENTIARUM.
2511 523 2590 533 —
2631 506 2784 552 nisT.
2827 465 2902 568 νζ
2946 507 3169 562 QUAEST.
3217 507 3264 553 11

830 674 1064 748 Sancti,
1099 681 1411 738 testantur
1453 677 1621 758 quod
1670 677 1989 738 daemones
2039 675 2334 738 Lucifero
2364 674 2414 737 A
2447 683 2658 738 tamen
2706 678 3010 759 possibile
3053 686 3149 740 est
3187 679 3451 759 gratiam
3497 677 3806 752 obtinere,
3839 678 3955 740 ho-

828 772 893 834 in
950 772 1189 836 malitia
1236 783 1691 836 consenserunt
1734 793 1748 836 :
1793 793 2140 837 consensus
2181 793 2332 837 vero

824 871 1007 953 sequi
1039 871 1197 933 solet
1229 873 1725 953 persuasionem.
1752 873 1872 935 Sed
1903 881 1967 935 et
1996 874 2155 935 ratio
2187 892 2331 935 con-

823 978 1021 1032 sonat.
1057 970 1260 1042 Quum
1294 971 1468 1032 enim
1501 979 1811 1053 quaereret
1842 970 2143 1034 omnibus
2177 991 2330 1053 prae-

822 1068 1050 1143 sidere,
1086 1077 1147 1131 et
1192 1070 1380 1131 sciret
1425 1089 1492 1131 se
1535 1087 1661 1131 non
1714 1089 1899 1152 posse
1948 1071 2205 1150 angelos
2249 1070 2326 1132 ad

822 1165 941 1228 hoc
981 1186 1225 1248 cogere,
1271 1167 1601 1249 probabile
1644 1177 1739 1230 est
1782 1170 1952 1250 quod
2005 1169 2328 1232 nitebatur

820 1283 929 1328 eos
974 1265 1095 1327 sibi
1142 1286 1255 1348 per
1298 1265 1532 1330 blanda
1572 1267 1847 1330 allicere.

1258 1592 1737 1666 QUAESTIO
1816 1593 1895 1655 II

2447 774 2618 837 mine
2668 777 2836 857 quod
2891 777 2955 839 in
3004 796 3073 839 se
3121 785 3218 838 est
3265 777 3540 839 faciente
3587 796 3601 840 :
3646 777 3724 838 ad
3775 777 3950 858 quod

2444 873 2806 937 faciendum
2859 893 2986 937 non
3035 875 3312 956 exigitur
3358 875 3602 957 aliquid
3649 875 3845 937 aliud.
3879 876 3950 936 ld

2441 991 2716 1054 namque
2774 974 2852 1035 ad
2903 975 3074 1057 quod
3136 993 3247 1056 per
3305 994 3374 1036 se
3432 992 3561 1036 non
3611 972 3776 1036 valet
3829 992 3954 1034 nec

2439 1071 2688 1133 sufficit
2721 1072 2994 1134 liberum
3035 1072 3397 1146 arbitrium,
3431 1091 3558 1134 non
3600 1079 3694 1134 est
3729 1071 3794 1133 in
3835 1072 3952 1132 ho-

2439 1169 2612 1230 mine
2643 1177 2712 1230 ut
2745 1169 2932 1232 faciat
2973 1171 3131 1232 illud
3167 1188 3183 1231 ε
3217 1171 3338 1232 hoc
3373 1171 3614 1252 quippe
3654 1170 3719 1231 in
3759 1169 3950 1231 nobis

2437 1267 2674 1330 dicitur
2703 1288 2863 1341 esse,
2885 1269 3070 1350 cujus
3103 1287 3217 1331 nos
3249 1269 3492 1331 domini
3525 1268 3948 1330 sumuS.Hinc

2437 1366 2558 1428 ista
2601 1367 2833 1449 positio
2877 1367 3190 1450 implicat,
3227 1369 3522 1449 ponendo
3567 1368 3733 1450 quod
3787 1367 3946 1429 libe-

2436 1483 2578 1526 rum
2636 1465 2973 1527 arbitrium
3033 1473 3320 1528 nostrum
3381 1485 3508 1528 non
3567 1464 3816 1528 sufficit
3861 1467 3946 1528 ad

2436 1562 2800 1625 faciendum
2844 1565 3014 1645 quod
3062 1563 3125 1625 in
3172 1563 3358 1626 nobis
3401 1572 3517 1626 est.
3740 1560 3750 1568 ’

2513 1662 2672 1724 Hinc
2704 1662 3069 1736 dicendum,
3090 1664 3260 1744 quod
3292 1662 3566 1725 liberum
3599 1663 3944 1724 arbitrium

2433 1759 2680 1822 sufficit
2728 1761 2806 1822 ad
2859 1761 3248 1824 eliciendum
3307 1768 3522 1823 actum
3581 1762 3948 1825 conversio-

942 1856 1203 1920 Ecundo
1251 1856 1577 1938 quaeritur,
1620 1857 1749 1921 An
1797 1857 2065 1934 ang-eli
2112 1855 2315 1922 indi·
2349 1857 2396 1919 B
2435 1858 2555 1930 nis,
2590 1878 2704 1940 per
2743 1878 2936 1940 quem
2977 1860 3262 1941 disponit
3297 1879 3367 1922 se
3405 1860 3483 1922 ad
3523 1860 3790 1940 gratiam
3833 1860 3950 1923 ob-

958 1958 1281 2036 guermt
1309 1957 1571 2034 gratia
1602 1957 1700 2021 ad
1731 1955 1881 2020 hoc
1912 1958 2119 2036 quod
2150 1971 2321 2023 con-

812 2055 1325 2122 verterentur
1368 2053 1467 2120 ad
1508 2055 1786 2119 Deum.

894 2154 1159 2215 Videtur
1188 2153 1357 2233 quod
1390 2170 1535 2215 non.
1561 2151 1791 2224 Prim0‚
1817 2152 1968 2233 quia
1997 2151 2319 2214 habebant

816 2252 1091 2314 liberum
1140 2250 1477 2312 arbitrium
1537 2249 1676 2311 sine
1727 2250 2074 2312 intrinseco
2124 2259 2317 2312 retra-

816 2351 1005 2414 hente
1036 2359 1098 2412 et
1128 2350 1266 2412 sine
1296 2349 1487 2431 culpa
1523 2356 1845 2430 gravante,
1880 2368 2029 2410 cum
2077 2348 2318 2412 ratione

817 2448 1167 2531 perspicaci
1220 2447 1675 2529 intellectuque
1726 2447 2043 2519 deiformi,
2095 2455 2158 2509 et
2207 2467 2321 2528 per

816 2545 950 2608 haec
983 2553 1325 2626 potuerunt
1356 2563 1423 2606 se
1456 2544 1653 2606 libere
1683 2545 1761 2606 ad
1795 2544 2149 2606 Creatorem
2181 2563 2322 2606 con-

815 2651 1061 2706 vertere
1124 2662 1137 2705 :
1200 2661 1326 2705 non
1391 2661 1539 2722 ergo
1597 2642 1673 2703 ad
1739 2642 1857 2704 hoc
1919 2661 2039 2723 ope
2098 2643 2318 2722 gratiae

813 2749 1143 2822 eguerunt.
1168 2776 1249 2786 —
1278 2741 1590 2814 Secundo,
1617 2741 1947 2803 conversio
1977 2741 2055 2802 ad
2088 2741 2314 2812 Deum,

812 2847 908 2901 est
958 2839 1291 2921 dispositio
1341 2840 1417 2900 ad
1478 2839 1695 2918 gratiae.
1745 2838 2199 2921 receptionem.
2254 2839 2317 2900 Si

810 2955 960 3018 ergo
989 2936 1321 3000 conversio
1354 2937 1461 2998 illa
1493 2957 1629 2998 esse
1662 2956 1789 2999 non
1822 2937 1988 2998 valet.
2019 2938 2156 3000 sine
2188 2956 2320 3018 gra-

2432 1956 2780 2019 tinendam.
2835 1958 3288 2020 Verumtamen
3337 1957 3634 2021 efficacia
3681 1977 3948 2021 conver-

2431 2055 2625 2117 sionis
2657 2057 2732 2117 ad
2767 2055 3065 2118 meritum
3099 2075 3224 2118 non
3256 2065 3350 2118 est
3384 2057 3506 2118 nisi
3543 2075 3654 2138 per
3681 2058 3949 2137 gratiam

2430 2153 2919 2233 gratificantem.
2955 2154 3132 2216 Unde
3173 2175 3338 2216 unus
3379 2163 3444 2216 et
3475 2155 3644 2216 idem
3683 2165 3780 2217 est
3813 2173 3948 2216 mo-

2431 2260 2533 2313 tus
2585 2252 2647 2313 in
2699 2271 2828 2334 quo
2873 2253 3076 2332 gratia
3126 2253 3520 2331 infunditur3
3564 2262 3629 2314 et
3675 2261 3772 2314 est
3820 2253 3948 2314 dis-

2433 2350 2744 2432 positivus
2783 2350 2859 2412 ad
2901 2351 3188 2430 gratiam,
3222 2353 3577 2414 secundum
3609 2353 3778 2434 quod
3809 2351 3946 2414 exit

2430 2468 2467 2510 a
2504 2449 2706 2512 libero
2745 2449 3031 2522 arbitrio,
3065 2458 3128 2511 et
3162 2450 3549 2525 meritorius,
3581 2451 3938 2512 secundum

2431 2547 2600 2627 quod
2650 2547 2850 2626 gratia
2899 2547 3296 2608 informatur.
3350 2547 3424 2608 Et
3467 2546 3676 2609 simile
3725 2556 3823 2609 est
3870 2548 3940 2610 in

2434 2653 2609 2706 motu
2655 2645 3077 2717 contritioniS‚
3124 2663 3252 2726 quo
3302 2645 3510 2726 primo
3563 2645 3800 2727 impius
3840 2646 3942 2727 ju·

2431 2743 2766 2804 stificatur.
2801 2779 2882 2788 -—
2912 2743 3086 2816 Quod
3121 2744 3398 2825 qualiter
3437 2744 3572 2818 fiat,
3607 2752 3812 2826 potest
3843 2745 3940 2805 vi-

2432 2841 2565 2902 deri
2613 2841 2678 2902 in
2724 2841 2823 2902 his
2869 2861 3010 2923 quae
3055 2842 3119 2902 in
3169 2849 3394 2904 natura
3437 2842 3832 2923 contingunt.
3867 2845 3942 2906 In

2431 2939 2653 3001 eodem
2700 2943 2978 3020 nam'que
3021 2939 3278 3000 instanti
3325 2939 3388 3001 in
3429 2959 3558 3022 quo
3597 2940 3806 3022 primo
3844 2949 3944 3002 est

810 3036 897 3097 tia
927 3035 1344 3117 praecedente,
1379 3053 1496 3097 nec
1528 3035 1756 3096 iterum
1802 3034 1910 3097 illa
1947 3035 2148 3115 gratia
2179 3036 2317 3096 sine
2357 3038 2400 3101 C
2432 3037 2766 3118 dispositio
2821 3037 3212 3100 necessitans
3272 3037 3337 3099 in
3399 3038 3682 3110 materia,
3735 3039 3947 3101 forma

813 3133 1271 3216 prm-paratione
1327 3133 1473 3208 alia,
1534 3132 1771 3215 alioqui
1832 3133 2079 3196 cunctis
2138 3134 2315 3195 dare-

812 3241 951 3310 tur3
993 3231 1246 3295 videtur
1290 3232 1409 3293 hoe
1456 3233 1643 3294 modo
1686 3251 1824 3293 esse
1870 3249 2204 3315 processus
2252 3232 2316 3294 in

814 3329 1164 3393 infinitum.

893 3429 962 3490 In
1012 3427 1377 3510 oppositum
1423 3436 1539 3503 est,
1584 3429 1752 3509 quod
1796 3446 1873 3489 ex
1920 3428 2316 3490 naturalibus

812 3527 966 3589 solis
988 3547 1118 3594 ,nec
1149 3528 1341 3589 homo
1373 3547 1488 3589 nec
1520 3526 1781 3606 angelus
1824 3534 2030 3608 potest
2060 3526 2314 3598 salvari,

811 3624 943 3687 imo
982 3645 1097 3688 nec
1134 3625 1506 3707 promereri,
1543 3644 1663 3687 nec
1699 3625 1895 3686 vitam
1934 3625 2151 3705 gloriae
2189 3623 2318 3687 adi—

810 3724 971 3806 pisci
1018 3743 1033 3787 :
1081 3725 1249 3805 quod
1304 3730 1505 3785 totum
1558 3722 1845 3785 efficitur
1895 3742 2009 3804 per
2058 3740 2318 3784 conve-r-

805 3821 1061 3908 sionem
1106 3822 1183 3883 ad
1229 3822 1450 3884 Deum.

892 4020 984 4081 Ad
1036 4019 1155 4081 hoc
1204 4019 1475 4080 Thomas
1524 4018 1865 4099 respondet
1911 4034 1924 4079 :
1972 4016 2152 4079 Circa
2201 4016 2320 4078 hoe

807 4125 901 4178 est
946 4117 1181 4199 duplex
1224 4117 1460 4199 opinio.
1508 4117 1661 4188 Una,
1704 4117 1873 4197 quod
1923 4115 2001 4177 ad
2060 4133 2320 4176 conver-

2433 3135 2868 3197 substantialis
2911 3135 3255 3198 inducitur.
3292 3135 3495 3209 Quum
3541 3137 3712 3198 enim
3752 3156 3944 3217 gene-

2434 3233 2593 3296 ratio
2637 3233 2719 3295 sit
2763 3234 3078 3295 terminus
3127 3234 3542 3309 alterationis,
3579 3243 3828 3316 oportet
3873 3237 3942 3298 in

2432 3333 2656 3394 eodem
2702 3331 2962 3392 instanti
3007 3331 3447 3394 alterationem
3487 3332 3816 3394 terminari
3855 3335 3938 3395 ad

2434 3431 2918 3512 dispositionem
2965 3437 3244 3511 quae-est
3287 3431 3700 3502 necessitanS,
3732 3438 3792 3492 et
3837 3450 3942 3511 ge—

2434 3529 2826 3614 nerationem
2858 3528 2935 3589 ad
2973 3527 3239 3589 formam
3283 3527 3785 3591 substantialem.
3821 3529 3941 3591 Ve-

2433 3646 2575 3688 rum
2618 3645 2818 3707 quum
2861 3624 3149 3688 alteratio
3192 3625 3275 3688 sit
3315 3634 3524 3688 motus
3567 3625 3934 3700 continuus,

2435 3723 2576 3786 ideo
2635 3723 3026 3805 principium
3089 3725 3482 3786 alterationis
3539 3731 3602 3786 et
3649 3724 3936 3786 medium

2435 3841 2562 3904 quo
2595 3822 2857 3883 materia
2887 3822 2964 3882 ad
2996 3820 3267 3884 formam
3301 3822 3781 3884 substantialem
3814 3823 3942 3884 dis-

2435 3921 2714 4002 ponitur,
2751 3919 3115 4001 praecedunt
3160 3929 3444 4002 tempore
3488 3920 3704 3982 formae
3745 3921 3940 3983 intro-

2435 4019 2814 4080 ductionem.
2829 4019 3026 4080 Motus
3053 4036 3203 4080 vero
3229 4018 3568 4080 voluntatis
3599 4018 3942 4101 disponens

2434 4117 2514 4178 ad
2561 4116 2851 4197 gratiam,
2905 4115 3178 4198 simplex
3227 4124 3344 4188 est,
3397 4133 3525 4178 non
3572 4106 3937 4180 continuus

809 4218 1055 4279 sionem
1090 4214 1477 4277 meritoriam
1504 4215 1781 4295 exigitur
1809 4214 2009 4295 gratia
2044 4214 2317 4295 duplex:
2354 4221 2403 4281 D
2435 4215 2580 4277 Ideo
2623 4213 2722 4275 vel
2769 4214 3016 4294 primus
3061 4221 3306 4276 tantum
3349 4221 3445 4276 est
3485 4215 3820 4278 sufficiens
3861 4217 3942 4278 ad

812 4334 939 4376 una
986 4323 1233 4395 gratum
1294 4314 1555 4388 facienS,
1604 4333 1745 4394 quae
1794 4321 2007 4374 aetum
2060 4331 2322 4374 conver-

811 4412 1010 4475 sionis
1044 4412 1367 4486 informat,
1390 4433 1463 4475 ac
1498 4412 1893 4474 meritorium
1928 4411 2165 4488 reddit3
2198 4411 2324 4473 alia

808 4511 1003 4593 gratis
1047 4511 1209 4584 data,
1244 4531 1321 4574 ex
1363 4531 1487 4593 qua
1528 4510 1783 4574 elicitur
1826 4509 2182 4575 substantia
2223 4528 2322 4570 ac-

810 4617 933 4682 tus,
969 4629 1083 4691 per
1124 4629 1314 4691 quam
1361 4609 1627 4671 liberum
1672 4608 2010 4670 arbitrium
2053 4607 2318 4668 inclina-

811 4715 914 4770 tur
958 4709 1033 4770 ad
1084 4707 1446 4770 volendum.
1492 4707 1614 4768 Sed
1660 4707 1841 4768 istam
1894 4705 2161 4785 gratiam
2215 4723 2321 4785 po—

810 4825 960 4868 nere
1021 4825 1147 4868 non
1208 4806 1462 4868 vide-tur
1524 4822 1806 4875 necesse,
1866 4803 1989 4864 nisi
2060 4803 2318 4865 libertas

807 4905 1054 4967 arbitrii
1100 4905 1301 4984 gratia
1341 4904 1719 4985 appelletur,
1755 4921 1947 4983 quam
1982 4921 2019 4963 a
2048 4903 2176 4963 Deo
2216 4901 2321 4962 ha-

810 5004 1059 5076 bemuS,
1093 5003 1193 5064 vcl
1245 5002 1475 5084 aliquae
1524 5001 1910 5074 occasioneS,
1945 5020 2085 5081 quae
2131 5000 2320 5061 inter-

811 5103 962 5163 dum
1030 5101 1449 5164 conferuntur
1510 5119 1543 5161 a
1610 5102 1736 5162 Deo
1801 5099 2170 5160 hominibus
2239 5099 2315 5160 ad

813 5200 1298 5263 conversionem
1333 5198 1729 5280 dispositive,
1766 5205 1835 5258 ut
1866 5197 2200 5258 instructio
2235 5196 2318 5257 lc-

816 5299 933 5385 gis,
970 5299 1295 5379 castigatio
1334 5297 1702 5372 humilianS,
1731 5305 1877 5370 etc.,
1912 5295 2049 5357 sine
2080 5294 2317 5376 quibus

2433 4313 2701 4394 gratiam
2744 4311 3100 4394 dispositio,
3137 4313 3235 4374 vel
3280 4313 3548 4376 ultimus
3593 4314 3758 4376 inter
3801 4316 3942 4396 plu-

2435 4431 2556 4484 reS,
2601 4429 2792 4491 agens
2844 4411 2908 4472 in
2956 4411 3189 4473 virtute
3238 4413 3526 4474 omnium
3581 4415 3940 4495 praeceden-

2437 4511 2592 4571 tium
2627 4517 2885 4571 actuum
2923 4529 2936 4573 :
2975 4509 3215 4573 idcirco
3247 4530 3394 4572 eum
3436 4511 3547 4596 illo
3579 4509 3942 4574 infunditur

2432 4607 2650 4688 gratia.
2687 4609 2830 4670 Ha‘c
2873 4608 3144 4670 Thomas
3191 4607 3254 4670 in
3300 4609 3568 4690 Scripto.

2505 4707 2692 4768 Porro
2725 4705 2786 4766 in
2822 4705 3028 4786 prima
3061 4714 3238 4787 parte
3270 4707 3934 4789 Suinmae,quaestione

2431 4803 2822 4883 sexagesima
2864 4804 3143 4864 secunda
3177 4823 3190 4867 :
3223 4805 3470 4884 Angeli,
3505 4805 3736 4887 inquit,
3771 4807 3932 4868 indi-

2429 4909 2704 4981 gue-runt
2746 4901 2948 4981 gratia
2989 4901 3066 4962 ad
3113 4902 3232 4964 hoc
3277 4903 3443 4983 quod
3489 4913 3932 4966 converteren-

2433 5007 2534 5060 tur
2581 4999 2658 5060 ad
2705 4998 2904 5061 Deum
2959 5007 3261 5081 tanquam
3317 4999 3382 5062 in
3431 5002 3934 5083 supernaturalis

2433 5096 2846 5159 beatitudinis
2908 5097 3256 5178 objectum.
3319 5098 3632 5162 Naturalis
3691 5102 3934 5163 etenim

2433 5195 2761 5257 inclinatio
2811 5196 3176 5270 voluntatiS‚
3218 5204 3314 5259 est
3361 5199 3438 5260 ad
3489 5199 3934 5261 convenientia

2432 5295 2783 5358 secundum
2818 5302 3124 5358 naturam.
3142 5296 3284 5360 ldeo
3314 5297 3392 5359 ad
3424 5297 3936 5380 supernaturalia
