4334 6242
119 1745 177 1784 11.

141 4043 305 4086 Summ-
323 4041 391 4086 th.

125 4108 390 4163 φρει-ιφὸδ.

613 507 699 554 AN
740 508 964 557 Ancum
1007 507 1286 555 nommr
1326 509 1405 554 nn
1446 507 1628 554 mus
1671 505 1874 552 cunrat
1914 503 1993 551 Ac
2035 503 2242 551 rOENAE
2284 503 2487 551 norum
2528 504 2679 561 Quos
2722 503 3111 560 cusronmur,
3152 501 3280 549 arc.
3374 481 3493 548 557

397 677 762 760 impeditur.
809 679 885 740 Et
932 677 1020 741 ita
1066 696 1192 741 non
1241 683 1338 740 est
1383 677 1450 739 in
1501 675 1826 759 proposito
1869 673 1969 737 :A
1999 673 2521 756 profectibusque
2552 672 2881 747 bonorum,
2896 673 3200 756 quoniam
3231 672 3351 734 hoc
3381 690 3497 753 per

397 777 700 857 quoniam
745 785 1339 859 quantumcumque
1381 776 1487 838 ille
1532 774 1644 858 qui
1685 781 1889 836 custo-

394 875 588 948 ditur,
622 877 981 948 damnetur,
1027 875 1230 938 nihilo
1276 874 1489 937 minus
1531 881 1743 936 tamen
1783 892 1889 935 an·

391 973 572 1054 gelus
605 973 853 1037 salvum
884 973 1076 1036 habet
1105 973 1442 1055 praemium
1474 991 1662 1036 suum
1695 991 1889 1054 quan-

395 1075 531 1131 tum
579 1070 658 1131 ad
705 1071 1010 1151 gaudium
1059 1071 1229 1152 quod
1279 1069 1469 1131 habet
1519 1069 1582 1130 in
1633 1069 1782 1141 Dec,
1825 1075 1888 1129 et

394 1175 707 1248 quantum
755 1169 835 1230 ad
885 1168 1193 1249 gaudium
1241 1167 1411 1250 quod
1464 1167 1656 1229 habet
1704 1167 1770 1228 in
1820 1183 1888 1226 se

395 1264 535 1346 ipso
563 1285 676 1328 seu
707 1267 784 1328 de
815 1267 1073 1349 proprio
1104 1267 1271 1329 bono
1291 1264 1619 1346 (gaudebit
1649 1265 1888 1347 quippe

394 1363 473 1424 de
531 1363 718 1426 bonis
774 1365 1076 1447 operibus
1134 1384 1275 1447 quae
1324 1363 1478 1426 fecit
1524 1364 1693 1425 circa
1741 1381 1890 1424 eum

396 1481 589 1544 quem
651 1463 1042 1542 custodivit),
1101 1471 1165 1526 et
1223 1463 1376 1525 item
1439 1469 1750 1545 quantum
1811 1460 1891 1523 ad

395 1561 702 1642 gaudium
749 1563 919 1644 quod
970 1562 1159 1624 habet
1207 1561 1272 1624 in
1321 1563 1540 1637 alt-erc,
1589 1561 1891 1644 quoniam

311 1693 367 1731 m,
399 1676 530 1721 uno
568 1661 854 1735 cadente,
890 1661 1050 1723 alter
1087 1660 1322 1742 accipit
1360 1661 1500 1741 ejus
1540 1678 1838 1723 coronam
1873 1679 1886 1723 :

399 1757 550 1820 hinc
590 1759 884 1841 quamvis
929 1760 1114 1822 ruina
1149 1759 1435 1841 angelica
1476 1777 1604 1821 non
1648 1777 1895 1841 repara-

2000 771 2499 834 illuminationes
2548 772 2877 834 descendit
2921 773 2985 834 in
3031 772 3192 834 illos.
3235 770 3364 833 Nec
3402 790 3495 833 se-

1999 871 2240 952 quitur,
2273 871 2520 934 Accidit
2560 871 2653 933 eis
2703 871 2827 933 tale
2874 872 3202 952 gaudium,
3243 888 3394 951 ergo
3436 878 3499 933 et

1998 970 2256 1032 tristitia
2284 969 2597 1051 opposita,
2629 987 2706 1032 60
2737 971 2904 1051 quod
2935 969 3225 1052 opposita
3262 968 3501 1031 habent

2001 1066 2144 1128 fieri
2186 1068 2353 1130 circa
2392 1068 2560 1129 idem
2605 1085 2619 1128 :
2662 1067 2813 1150 quia
2856 1075 2927 1129 ut
2969 1067 3204 1130 dicitur
3250 1067 3499 1129 decimo

2002 1164 2393 1240 Ethicorum,
2428 1165 2550 1228 tale
2580 1165 2885 1246 gaudium
2918 1165 3189 1248 talisque
3228 1164 3497 1227 delecta-

2001 1263 2088 1326 tio
2129 1282 2255 1327 non
2296 1263 2531 1326 habent
2572 1263 2983 1338 contrarium,
3018 1263 3309 1346 quamvis
3348 1280 3498 1343 gau-

2001 1361 2180 1424 dium
2212 1371 2275 1424 et
2303 1362 2635 1425 delectatio
2674 1369 2744 1424 ut
2780 1370 2931 1425 sunt
2968 1363 3316 1444 passioneS,
3351 1381 3497 1426 con-

2000 1461 2261 1523 trariam
2302 1460 2540 1524 habent
2580 1461 2927 1524 tristitiam.

2081 1559 2349 1640 Insuper
2396 1560 2561 1635 (1100,
2606 1560 2774 1641 quod
2822 1560 3085 1641 angelus
3134 1561 3498 1642 praescitum

2003 1656 2388 1730 custodiens,
2440 1657 2579 1719 vult
2623 1676 2769 1720 eum
2831 1659 3084 1733 salvari,
3137 1659 3287 1741 quia
3335 1660 3501 1722 Deus

2003 1754 2142 1816 vult
2170 1774 2321 1817 eum
2350 1756 2471 1818 1100
2502 1755 2665 1819 velle
2700 1773 2713 1817 :
2748 1757 2969 1838 sicque
2999 1757 3066 1818 in
3106 1757 3227 1820 hoc
3256 1778 3324 1821 se
3356 1776 3503 1821 con-

399 1863 502 1918 tur
531 1875 610 1918 ex
652 1857 764 1920 illo
801 1877 992 1940 quem
1034 1858 1330 1932 custodit,
1365 1857 1764 1940 reparabitur
1802 1864 1891 1920 ta·
1920 1854 1967 1916 B
2008 1853 2237 1916 format
2266 1853 2574 1916 voluntati
2604 1855 2854 1918 divinae.
2890 1855 3339 1919 Verumtamen
3380 1856 3501 1920 sci-

397 1973 546 2017 men
577 1973 654 2018 ex
685 1955 1142 2029 alio-Quamvis
1173 1974 1324 2037 ergo
1354 1963 1612 2039 propter
1637 1955 1890 2037 culpam

397 2053 570 2116 illius
620 2054 920 2117 custoditi
980 2055 1256 2137 patiatur
1305 2055 1425 2117 hoc
1475 2054 1892 2137 impedimen-

397 2159 557 2226 tum,
598 2153 768 2235 quod
816 2153 894 2215 de
945 2153 1082 2236 ipso
1130 2171 1258 2216 non
1305 2153 1594 2234 gaudeat,
1636 2152 1892 2215 aliunde

399 2257 608 2312 tamen
652 2251 1050 2314 tantumdem
1090 2251 1408 2332 gaudebit.

475 2349 800 2423 Praeterea,
853 2349 1020 2410 sicut
1065 2350 1300 2432 duplex
1347 2357 1444 2412 est
1491 2348 1644 2412 finis
1692 2349 1893 2411 artifi-

397 2446 512 2522 cis,
554 2466 722 2509 unus
763 2447 829 2509 in
869 2467 958 2524 se,
1000 2447 1158 2510 alter
1197 2449 1263 2510 in
1300 2447 1426 2510 alio
1467 2448 1566 2528 (ut
1605 2455 1779 2530 patet
1815 2448 1892 2510 de

401 2546 672 2620 rhetore,
727 2545 912 2626 cujus
959 2546 1114 2608 finis
1165 2547 1232 2608 in
1285 2565 1374 2621 se,
1426 2553 1523 2609 est
1569 2546 1745 2628 loqui
1795 2563 1892 2608 or·

399 2652 584 2722 nate3
616 2642 797 2706 alteri
828 2661 980 2706 vero
1010 2644 1413 2726 persuadere,
1444 2643 1723 2720 estsinis
1753 2644 1893 2724 ejus

400 2741 468 2802 in
507 2741 696 2822 alio);
738 2741 830 2803 sic
873 2749 937 2804 et
977 2742 1368 2805 accidentale
1411 2743 1745 2825 praemium
1789 2763 1895 2806 an-

399 2839 526 2919 geli
580 2839 813 2921 duplex
870 2846 966 2902 est
1021 2858 1034 2902 :
1098 2860 1298 2902 unum
1351 2859 1478 2922 quo
1529 2842 1761 2922 gaudet
1817 2842 1894 2904 de

400 2936 704 3018 operibus
745 2936 928 2999 bonis
971 2957 1112 3020 quae
1149 2937 1323 3013 fecit,
1357 2938 1529 3000 aliud
1578 2957 1704 3021 quo
1752 2959 1898 3021 gau-

2003 1971 2117 2014 ens
2158 1951 2422 2014 finalem
2471 1953 2746 2034 praesciti
2788 1953 3183 2017 voluntatem
3232 1973 3371 2018 esse
3419 1955 3499 2017 ad

2004 2059 2338 2132 peccatum
2388 2051 2779 2125 vertendam,
2830 2060 2893 2114 et
2940 2053 3110 2135 quod
3158 2052 3326 2116 Deus
3384 2071 3500 2136 per

2005 2148 2363 2210 ultimatam
2402 2149 2782 2212 sententiam
2823 2150 3106 2212 decrevit
3138 2169 3289 2213 eum
3329 2151 3500 2214 dam-

2003 2265 2177 2321 nare,
2212 2266 2279 2309 se
2311 2247 2378 2308 in
2418 2247 2537 2309 hoc
2576 2248 2703 2310 Deo
2743 2247 3113 2312 conformat.
3146 2249 3283 2313 Non
3324 2249 3498 2312 enim

2005 2344 2125 2406 ista
2174 2353 2324 2407 sunt
2370 2347 2681 2428 opposita,
2727 2347 3008 2430 aliquem
3055 2348 3219 2411 velle
3269 2349 3502 2412 salvari

2004 2443 2071 2504 in
2110 2450 2422 2526 quantum
2462 2463 2592 2508 suae
2632 2464 2799 2509 curae
2836 2454 3024 2528 atque
3063 2447 3369 2510 custodiae
3405 2456 3502 2510 est

2005 2542 2411 2619 commissuS,
2430 2552 2492 2605 et
2522 2544 2820 2607 eumdem
2849 2544 3011 2607 velle
3042 2546 3330 2609 damnari
3361 2565 3502 2629 pro-

2007 2649 2148 2724 pter
2187 2642 2450 2705 finalem
2492 2643 2871 2706 sententiam
2915 2644 3197 2708 divinam
3244 2654 3307 2708 et
3344 2645 3501 2709 fina-

2008 2740 2134 2802 lem
2181 2739 2355 2802 illius
2398 2740 2952 2823 impoenitentiam.

2086 2838 2403 2922 Amplius,
2436 2839 2500 2901 in
2541 2841 2785 2920 angelis
2813 2859 2887 2902 ac
2917 2841 3122 2904 Beatis
3165 2843 3500 2924 praemium

2008 2937 2423 3001 substantiale
2468 2955 2595 3000 non
2644 2939 2873 3001 crescit.
2914 2958 3121 3021 neque
3169 2941 3499 3004 decrescit.

402 3035 510 3096 det
565 3036 644 3097 de
701 3034 904 3097 salute
961 3035 1102 3116 ejus
1156 3056 1345 3118 quem
1407 3037 1767 3100 custodivit.
1819 3038 1896 3100 Et
1933 3037 1976 3100 C
2005 3035 2343 3098 Praemium
2399 3044 2612 3098 autem
2674 3055 2895 3100 eorum
2937 3038 3360 3113 accidentale,
3409 3046 3504 3102 est

400 3133 941 3215 quemadmodum
997 3134 1248 3210 artifex,
1301 3135 1354 3196 si
1407 3135 1638 3198 habeat
1693 3135 1896 3199 finem

399 3223 686 3312 primum
725 3239 1060 3314 careatque
1099 3233 1400 3308 secundo,
1442 3234 1646 3296 nihilo
1684 3235 1896 3297 minus

401 3329 684 3412 perfecte
725 3332 958 3394 habere
1003 3332 1240 3395 dicitur
1284 3335 1677 3409 methodum,
1721 3336 1775 3398 si
1819 3354 1896 3398 ex

401 3429 919 3512 contingentibus
976 3430 1135 3492 nihil
1185 3432 1401 3494 omisit
1429 3450 1446 3512 3
1496 3433 1588 3495 sic
1635 3433 1898 3515 angelus

402 3529 515 3610 qui
575 3526 854 3590 fideliter
902 3529 1245 3592 custodivit
1301 3528 1425 3591 sibi
1473 3531 1897 3595 ,commissum

403 3645 482 3688 ex
534 3627 792 3708 propria
847 3627 1036 3708 culpa
1091 3627 1484 3703 damnatum,
1545 3629 1900 3711 perfectum

407 3724 601 3787 habet
643 3724 944 3787 meritum
987 3732 1052 3786 et
1088 3727 1446 3807 praemium,
1489 3727 1643 3790 dum
1680 3729 1760 3790 de
1799 3728 1908 3791 bo-

413 3822 513 3884 nis
572 3822 875 3905 operibus
934 3823 1068 3885 suis
1124 3824 1449 3904 gloriatur.
1511 3826 1654 3890 Haec
1710 3827 1905 3890 Bona-

419 3928 703 3983 ventura.

501 4019 680 4082 Circa
721 4020 854 4083 haec
899 4019 1124 4082 scribit
1162 4021 1458 4085 Albertus
1503 4041 1518 4085 ε
1559 4023 1629 4084 111
1671 4022 1912 4104 angelis

419 4135 547 4180 non
592 4124 741 4180 sunt
787 4118 1092 4198 gaudium
1133 4128 1198 4182 et
1235 4120 1494 4183 tristitia
1534 4127 1722 4201 prout
1765 4129 1914 4183 sunt

2007 3134 2281 3214 gaudere
2340 3135 2419 3198 (16
2479 3135 2699 3198 multis
2757 3135 2943 3198 bonis
3000 3138 3302 3220 operibus
3361 3157 3503 3220 quae

2009 3233 2154 3316 quis
2210 3231 2384 3308 fecit,
2445 3241 2510 3295 et
2564 3234 2643 3296 (16
2702 3234 3051 3299 multorum
3111 3236 3502 3299 beatitudine

2011 3349 2170 3413 quos
2214 3332 2523 3394 convertit
2564 3351 2637 3394 ac
2680 3334 3069 3398 custodivit:
3102 3342 3166 3396 et
3204 3335 3504 3397 meritum

2013 3430 2261 3511 praemii
2310 3430 2503 3511 hujus
2550 3430 2615 3493 in
2660 3432 3040 3514 quibusdam
3086 3433 3313 3495 crescit
3354 3451 3509 3515 quo-

2014 3527 2168 3590 tidie
2209 3535 2272 3590 et
2309 3528 2638 3592 decrescit.
2674 3530 2914 3613 Nempe
2955 3547 3082 3612 quo
3121 3530 3306 3612 plura
3346 3531 3513 3594 bona

2015 3626 2168 3689 fecit
2200 3627 2266 3689 in
2297 3629 2711 3691 custodiendo
2740 3629 3000 3709 angelus
3040 3629 3174 3693 sive
3205 3629 3419 3705 hom0,
3453 3638 3514 3692 et

2018 3744 2145 3807 quo
2195 3725 2411 3807 plures
2464 3727 2796 3801 convertit,
2840 3744 2916 3789 eo
2960 3727 3026 3788 in
3074 3727 3369 3809 pluribus
3412 3748 3517 3791 ex-

2021 3823 2320 3903 sultabit3
2354 3832 2416 3886 et
2454 3843 2583 3907 quo
2622 3824 2751 3905 egit
2789 3824 3109 3907 pauciora,
3144 3844 3219 3889 6ο
3261 3826 3327 3887 111
3370 3846 3523 3908 pau-

2023 3920 2305 3983 cioribus
2337 3920 2777 4002 congaudebit.
2800 3921 2875 3982 Et
2907 3922 2993 3983 ita
3023 3940 3149 3985 non
3180 3930 3276 3985 est
3308 3923 3523 3986 incon—

2022 4019 2285 4082 veniens
2328 4020 2559 4094 dicere,
2596 4019 2764 4102 quod
2804 4027 3047 4082 crescat
3078 4021 3144 4082 in
3173 4022 3412 4102 angelis
3442 4040 3521 4084 ex

2023 4117 2311 4180 custodia
2358 4117 2660 4180 meritum
2708 4118 3224 4200 accidentaleque
3274 4121 3522 4202 praemi-

418 4215 745 4297 passiones
777 4216 1148 4279 sensitivam
1178 4217 1406 4279 animae
1437 4224 1682 4298 partem
1712 4219 1912 4300 respi-
1942 4223 1991 4284 D
2026 4235 2155 4278 um.
2208 4251 2289 4262 -
2346 4216 2489 4280 Haec
2558 4216 2875 4280 Albertus.
2932 4217 3281 4280 Concordat
3338 4218 3519 4282 Udal·

419 4315 696 4392 cientes3
738 4321 833 4376 est
873 4320 1088 4376 tamen
1131 4314 1197 4376 111
1239 4314 1333 4376 eis
1376 4314 1679 4395 gaudium
1728 4315 1912 4378 intel-

419 4411 709 4486 lectuale,
745 4410 925 4475 bonae
965 4412 1197 4474 actioni
1237 4431 1556 4475 annexum
1594 4430 1608 4475 :
1643 4415 1811 4496 quod
1846 4424 1913 4477 ut

416 4528 612 4592 super
651 4510 974 4572 decimum
1018 4510 1384 4574 Ethicorum
1424 4511 1631 4575 fassus
1673 4521 1770 4574 est
1808 4514 1915 4576 Mi-

417 4607 596 4670 chael
629 4607 963 4691 EphesiuS,
996 4615 1092 4670 est
1128 4608 1634 4693 uniuscujusque
1673 4618 1913 4675 naturae

418 4705 682 4769 diffusio
711 4715 775 4769 et
805 4706 1114 4770 refloritio
1154 4707 1220 4768 in
1261 4708 1626 4790 operatione
1669 4709 1910 4790 proprii

418 4811 484 4868 et
520 4804 950 4868 connaturalis
998 4804 1272 4868 habitus.
1319 4806 1394 4868 Et
1443 4806 1561 4868 hoc
1608 4807 1911 4887 gaudium

419 4903 791 4985 angelorum
823 4911 920 4965 est
947 4902 1213 4966 diffusio
1249 4912 1490 4967 naturae
1519 4905 1818 4985 angelicae
1849 4906 1916 4968 in

421 5001 788 5085 operatione
819 5021 960 5083 quae
990 5001 1114 5063 sibi
1142 5009 1238 5064 est
1269 5002 1525 5084 propria
1564 5004 1919 5067 secundum

422 5101 874 5183 theophaniam
934 5107 997 5162 et
1056 5099 1590 5163 illuminationem
1655 5101 1918 5164 descen-

424 5201 681 5263 dentem
728 5218 766 5261 a
809 5199 936 5261 Deo
984 5198 1050 5260 in
1099 5198 1354 5279 angelos
1399 5218 1413 5263 :
1459 5199 1600 5262 ideo
1646 5199 1920 5280 gaudere

2026 4316 2218 4377 ricus,

2102 4510 2197 4574 Ad
2236 4510 2487 4591 objecta
2514 4529 2592 4572 ex
2621 4509 2809 4573 dictis
2849 4519 3021 4594 patet
3058 4512 3307 4576 solutio.
3344 4513 3520 4588 Quod

2024 4609 2195 4672 enim
2248 4609 2315 4670 in
2362 4609 2603 4690 angelis
2649 4627 2779 4672 non
2826 4619 2977 4672 sunt
3023 4610 3203 4674 dolor
3242 4619 3351 4674 aut
3393 4631 3523 4695 poe-

2026 4708 2187 4770 nalis
2226 4706 2506 4782 affectio,
2539 4715 2637 4770 est·
2666 4727 2743 4770 ex
2778 4707 3171 4772 sublimitate
3211 4717 3410 4771 status
3448 4729 3521 4773 ac

2026 4806 2351 4868 felicitatis
2382 4823 2623 4869 eorum.
2650 4807 3053 4870 Detestantur
3082 4825 3357 4890 quoque,
3383 4807 3525 4871 hor-

2026 4912 2166 4967 rent
2216 4912 2279 4966 et
2321 4913 2741 4986 aspernantur
2790 4913 3048 4986 peccata
3098 4905 3163 4967 in
3212 4913 3524 4987 quantum

2028 5012 2288 5085 peccata
2328 5023 2342 5067 :
2389 5011 2601 5066 tamen
2647 5003 2711 5065 in
2756 5010 3067 5086 quantum
3107 5011 3255 5066 sunt
3294 5023 3521 5085 poenae‚

2028 5103 2091 5165 id
2132 5110 2230 5164 est
2263 5103 2340 5164 de
2376 5103 2604 5165 merito
2644 5102 3057 5184 praecedentis
3097 5102 3300 5183 culpae
3328 5121 3366 5164 a
3395 5104 3525 5167 Deo

2026 5201 2197 5281 juste
2255 5200 2588 5281 permissa,
2640 5199 2733 5262 sic
2790 5207 2853 5261 et
2901 5199 3022 5282 ipsi
3083 5199 3403 5262 sustinent
3447 5219 3523 5265 ea

427 5299 728 5362 dicuntur
788 5298 857 5361 in
924 5298 1448 5362 conversionibus
1515 5305 1922 5380 peccatorum
2031 5299 2199 5362 sicut
2239 5305 2303 5360 et
2343 5297 2530 5360 DeuS.
