4334 6242
1411 507 1496 554 AN
1538 506 1776 554 Artemo
1818 505 2133 553 couritur
2173 505 2400 553 HOVER!

3342 489 3460 556 175

368 686 504 760 pter
532 687 813 744 nostram
844 680 1259 762 indigentiam
1290 677 1858 761 reparandam‚sed
1888 676 1938 740 A
1970 685 2169 740 tatum
2221 686 2336 752 est,
2387 677 2595 740 statim
2655 697 2754 740 res
2802 684 2896 740 cst
2947 678 3012 742 in
3061 678 3336 740 termino
3381 679 3458 740 ad

366 776 565 838 solum
594 778 671 839 ad
702 778 1131 841 obediendum
1164 777 1461 850 Creatori,
1494 777 1702 840 adhuc
1736 796 1861 840 me-

366 883 649 938 rerentur
686 878 1135 940 secundarium
1177 875 1537 958 praemium,
1571 877 1741 958 quod
1774 884 1859 936 ta-

365 992 505 1036 men
538 982 691 1036 tunc
720 984 889 1038 esse-t
916 976 1177 1038 alterius
1211 974 1483 1055 generiS,
1518 981 1856 1056 possetque

363 1072 484 1134 dici
528 1074 803 1136 aureola.
838 1110 919 1120 —
948 1074 1091 1136 Haec
1131 1073 1501 1136 Alexander.

438 1169 507 1231 In
537 1170 723 1251 cujus
754 1170 967 1233 verbis
1001 1171 1235 1232 mirum
1266 1170 1539 1243 videtur,
1568 1171 1739 1252 quod
1770 1169 1857 1232 ait

362 1267 646 1348 praelatos
678 1269 953 1350 regendo
985 1268 1273 1331 subditos
1304 1287 1453 1331 suos
1483 1287 1609 1330 non
1640 1269 1855 1351 acqui-

361 1382 493 1426 rere
532 1385 643 1428 seu
688 1368 916 1429 mereri
958 1366 1293 1449 praemium
1336 1366 1710 1449 principale,
1744 1367 1852 1428 sed

362 1465 826 1539 secundarium,
869 1485 1067 1547 quum
1114 1466 1323 1528 omnis
1370 1466 1537 1528 actio
1581 1484 1659 1527 ex
1702 1466 1856 1527 cari-

360 1567 481 1622 tate
523 1563 897 1644 proce-denS,
931 1563 1256 1626 meritoria
1293 1571 1626 1627 censeatur
1662 1563 1857 1626 beati-

360 1657 497 1721 ficae
536 1660 819 1724 visionis.
856 1662 1189 1744 Quumque
1234 1661 1473 1724 bonum
1514 1679 1855 1724 commune

360 1756 435 1818 sit
466 1757 747 1820 divinius
788 1778 982 1842 quam
1022 1760 1375 1843 proprium,
1409 1768 1471 1822 et
1503 1761 1730 1823 caritas
1772 1759 1855 1822 sit

1968 795 2194 858 quem3
2239 795 2355 840 nec
2400 785 2648 859 oportet
2691 777 2780 838 ibi
2824 777 3104 840 medium
3159 795 3298 839 esse
3344 776 3463 838 dit-

1970 875 2179 938 ferens
2235 875 2315 939 ab
2364 884 2666 939 extremo.
2712 877 2917 950 Quum
2967 893 3116 957 ergo
3169 875 3234 938 in
3287 883 3461 937 motu

1966 983 2251 1055 oporteat
2299 993 2439 1037 esse
2498 975 2806 1037 rationem
2863 975 3055 1036 medii
3103 973 3464 1036 differentis

1966 1073 2045 1134 ab
2094 1079 2377 1135 extremo
2438 1081 2726 1154 utroque,
2778 1073 2930 1134 hinc
2989 1073 3142 1135 dum
3200 1072 3462 1154 angelus

1968 1179 2260 1234 movetur
2309 1171 2610 1244 localiter,
2664 1189 2922 1234 necesse
2969 1179 3064 1234 est
3112 1172 3282 1254 quod
3331 1189 3463 1233 mo-

1967 1278 2188 1333 veatur
2217 1287 2332 1352 per
2364 1270 2669 1342 medium,
2702 1271 2852 1352 quia
2880 1269 3063 1332 aliter
3093 1288 3220 1333 non
3250 1278 3464 1352 posset

1967 1369 2237 1450 intelligi
2281 1369 2524 1431 moveri
2569 1368 2870 1431 localiter.

2045 1468 2163 1530 Sed
2197 1467 2393 1548 objici
2426 1474 2653 1549 potest,
2688 1468 2988 1550 quoniam
3020 1467 3283 1549 angelus
3311 1468 3461 1530 sim-

1966 1566 2194 1647 plicior
2236 1574 2332 1628 est
2377 1565 2518 1627 luce
2562 1582 2884 1647 corporea,
2918 1566 2996 1627 de
3035 1585 3162 1647 qua
3199 1572 3464 1628 testatur

1964 1664 2357 1745 Augustinus
2401 1664 2464 1726 in
2505 1663 2670 1726 libro
2699 1664 2774 1726 Vl
2812 1664 3244 1738 Quaestionum
3279 1681 3292 1724 ε
3327 1663 3462 1726 Non

1967 1761 2155 1822 citius
2196 1760 2486 1842 pervenit
2518 1760 2732 1822 radius
2772 1761 2848 1822 ad
2893 1760 3348 1843 propinquiora
3380 1760 3466 1822 lo-

362 1862 529 1919 tanto
573 1857 919 1939 perfectior
965 1867 1203 1941 quanto
1250 1859 1328 1922 ad
1379 1859 1595 1941 plures
1642 1868 1854 1921 exten·
1890 1857 1938 1919 B
1967 1878 2043 1921 ca
2097 1878 2291 1941 quam
2351 1860 2430 1920 ad
2489 1859 2848 1932 remotiora,
2902 1860 3012 1921 sed
3071 1865 3334 1942 repente
3389 1857 3462 1920 fit

360 1955 545 2030 ditur,
587 1957 680 2018 sic
726 1957 927 2038 magis
972 1957 1369 2020 meritorium
1409 1957 1660 2021 videtur
1700 1977 1856 2039 prze-

362 2053 467 2115 mii
497 2055 895 2137 principalis,
932 2073 1271 2138 procurare
1304 2057 1728 2138 plurimorum
1762 2075 1853 2116 sa·

362 2151 554 2214 lutem
610 2173 685 2216 ac
734 2154 975 2216 bonum
1034 2171 1375 2216 commune
1434 2173 1511 2216 ex
1570 2155 1850 2227 caritate,

360 2270 541 2331 quam
570 2254 1193 2334 propriam—Porro
1218 2253 1382 2335 quod
1408 2251 1856 2334 ait,prael'atum

361 2350 721 2430 angelorum
781 2353 1119 2434 praemium
1178 2371 1317 2414 esse
1368 2351 1709 2424 aureolam,
1760 2369 1853 2412 re-

362 2457 642 2512 servetur
686 2451 763 2512 ad
808 2459 1129 2533 quartum,
1175 2450 1289 2512 ubi
1337 2449 1728 2521 tractabitur,
1771 2467 1853 2510 an

361 2547 596 2627 angelis
640 2547 947 2611 debeatur
987 2549 1259 2612 aureola.

438 2645 703 2728 Insuper
724 2646 804 2708 ad
834 2647 1251 2728 quaestionem
1284 2647 1563 2720 hanc,an
1595 2663 1851 2708 necesse

362 2741 440 2803 sit
480 2743 726 2824 angelis
784 2745 1025 2807 moveri
1076 2763 1190 2826 per
1239 2745 1545 2818 medium,
1598 2760 1855 2825 respon-

362 2841 463 2902 det
495 2861 509 2905 :
544 2843 707 2904 Dum
748 2842 1013 2924 angelus
1052 2851 1342 2906 movetur
1384 2842 1687 2915 localiter,
1720 2859 1852 2904 mo-

1968 1958 2329 2020 immutatio
2371 1958 2438 2020 in
2488 1958 2698 2020 medio
2740 1965 2801 2019 et
2843 1964 3145 2020 extremo.
3192 1956 3466 2039 Spiritus

1964 2063 2178 2118 autem
2207 2056 2532 2137 angelicus
2565 2055 2863 2118 nobiliori
2908 2057 3095 2118 modo
3125 2054 3465 2137 participat

1966 2161 2209 2217 motum
2253 2155 2517 2216 localem
2548 2173 2740 2236 quam
2772 2154 2986 2216 radius
3020 2171 3033 2215 :
3068 2171 3218 2235 ergo
3252 2153 3463 2216 minus

1964 2253 2306 2334 pertransit
2357 2252 2640 2314 medium
2688 2272 2880 2335 quam
2939 2252 3153 2315 radius
3205 2251 3331 2313 ille.
3383 2286 3462 2296 —

1963 2352 2223 2424 RursuS,
2241 2351 2634 2432 Augustinus
2666 2350 3107 2432 fatetur,quod
3139 2351 3304 2412 Deus
3339 2367 3464 2412 mo-

1963 2458 2066 2511 vet
2114 2458 2468 2512 creaturam
2526 2450 2918 2532 corporalem
2979 2467 3092 2531 per
3139 2448 3352 2511 locum
3400 2456 3463 2511 et

1964 2554 2238 2630 tempus,
2283 2548 2582 2629 spiritum
2625 2565 2776 2610 vero
2823 2565 2948 2612 non
2993 2566 3108 2630 per
3150 2547 3306 2620 loca,
3351 2546 3461 2608 sed

1965 2654 2269 2728 tempora.
2304 2645 2582 2727 Angelus
2631 2664 2781 2727 ergo
2827 2664 2955 2709 non
3005 2652 3299 2709 movetur
3347 2663 3462 2726 per

1964 2744 2198 2807 locum.

2062 2843 2137 2904 Et
2201 2843 2714 2926 respondendum
2777 2845 2855 2906 ad
2925 2843 3230 2926 primum,
3292 2843 3461 2926 quod

362 2945 541 3000 vetur
572 2959 686 3022 per
715 2941 1018 3003 medium.
1040 2941 1397 3004 Notandum
1430 2949 1661 3014 tamen,
1682 2940 1851 3022 quod
1961 2942 2256 3024 quamvis
2295 2941 2571 3004 nobilior
2608 2951 2798 3024 atque
2831 2942 3186 3025 simplicior
3224 2942 3306 3004 sit
3335 2942 3462 3024 spi-

364 3037 599 3099 moveri
632 3055 746 3118 per
774 3038 1059 3100 medium
1090 3038 1431 3120 dupliciter
1461 3039 1713 3102 dicitur.
1734 3037 1855 3100 Pri·
1885 3038 1928 3102 C
1962 3039 2121 3102 ritus
2151 3040 2476 3121 angelicus
2507 3059 2698 3122 quam
2732 3041 2840 3102 lux
2872 3041 3238 3123 corporalis,
3257 3040 3460 3103 nihilo

364 3152 485 3209 mo,
516 3135 673 3198 dum
714 3155 840 3198 una
880 3155 1027 3218 pars
1056 3136 1197 3218 ejus
1227 3138 1399 3219 quod
1440 3144 1729 3200 movetur
1756 3143 1855 3197 est

362 3233 425 3295 in
456 3253 582 3296 una
610 3242 791 3316 parte
823 3234 967 3307 loci,
1002 3243 1063 3296 et
1093 3235 1217 3298 alia
1248 3236 1314 3298 in
1344 3236 1467 3298 alia
1506 3243 1704 3318 parte,
1738 3234 1856 3295 sic-

364 3339 429 3393 ut
466 3331 543 3394 fit
581 3341 793 3396 motus
837 3352 951 3415 per
990 3334 1675 3396 commensurationem
1729 3349 1857 3394 mo-

364 3429 507 3493 bilis
536 3439 599 3494 et
630 3432 1089 3513 magnitudinis
1126 3452 1139 3495 :
1174 3433 1395 3515 sicque
1424 3433 1687 3514 angelus
1727 3449 1856 3494 non

366 3538 651 3592 movetur
687 3549 802 3612 per
838 3531 1142 3602 medium,
1176 3531 1287 3593 sed
1322 3549 1553 3614 corpus
1584 3539 1859 3593 tantum-

366 3629 566 3692 modo.
602 3629 893 3692 Se-cundo
936 3629 1051 3702 sic,
1092 3630 1263 3711 quod
1313 3629 1462 3691 licet
1504 3631 1857 3692 secundum

366 3747 551 3790 unam
592 3736 839 3811 partem
876 3747 1057 3791 suam
1108 3747 1235 3791 non
1279 3728 1361 3790 sit
1402 3729 1467 3790 in
1509 3729 1784 3791 termino
1824 3748 1861 3790 a

366 3845 487 3908 quo
519 3835 714 3909 atque
752 3828 1105 3890 secundum
1143 3829 1331 3890 aliam
1368 3827 1435 3889 in
1474 3827 1744 3890 termino
1781 3828 1860 3888 ad

365 3943 690 4006 quem,nec
721 3925 803 3986 sit
830 3932 1032 3987 motus
1061 3943 1173 4008 per
1201 3925 1525 4007 prael'atam
1554 3944 1864 3988 commen-

366 4023 773 4096 surationem,
826 4023 1088 4106 respicit
1137 4032 1347 4086 tamen
1396 4032 1460 4085 et
1512 4024 1858 4086 terminum

364 4139 399 4182 a
426 4139 550 4203 quo
578 4129 647 4183 et
676 4121 1022 4184 terminum
1056 4124 1132 4185 ad
1165 4141 1358 4204 quem
1389 4122 1649 4204 :sicque
1680 4140 1863 4203 ange-

1964 3139 2178 3201 minus
2211 3138 2276 3200 in
2308 3140 2426 3201 hoc
2459 3138 2868 3211 conveniunt,
2902 3139 3072 3221 quod
3118 3146 3460 3221 utrumque

1964 3245 2257 3300 movetur
2299 3256 2413 3318 per
2458 3237 2744 3300 medium
2788 3254 2803 3299 :
2844 3237 2966 3299 hoc
3009 3255 3288 3319 namque
3330 3237 3461 3299 exi-

1963 3336 2134 3417 gitur
2164 3354 2292 3399 non
2323 3355 2399 3399 ex
2431 3344 2608 3419 parte
2637 3335 2778 3416 ejus
2806 3335 2976 3417 quod
3007 3343 3320 3408 movetur,
3352 3334 3462 3397 sed

1965 3452 2044 3497 ex
2091 3442 2270 3517 parte
2315 3443 2546 3512 motuS,
2590 3436 2654 3497 in
2700 3451 2826 3516 quo
2874 3452 3134 3497 necesse
3183 3440 3279 3496 est
3327 3451 3464 3496 esse

1968 3535 2162 3596 medii
2201 3533 2508 3596 rationem
2549 3533 2628 3594 ab
2670 3540 2938 3615 utroque
2970 3533 3242 3596 termino
3280 3531 3465 3595 diffe-

1970 3638 2234 3718 rentem.
2286 3632 2354 3694 In
2404 3631 2524 3693 hoc
2577 3639 2787 3693 tamen
2835 3630 3116 3694 abundat
3165 3631 3465 3693 nobilitas

1970 3730 2232 3811 spiritus
2274 3728 2543 3809 angelici
2589 3747 2782 3810 super
2821 3729 3028 3792 lucem
3070 3747 3461 3812 corpoream,

1969 3827 2137 3908 quod
2173 3826 2238 3888 in
2268 3835 2438 3888 motu
2470 3844 2586 3888 suo
2614 3845 2742 3889 non
2773 3834 2869 3889 est
2893 3828 3245 3889 secundum
3276 3847 3466 3889 unam

1970 3931 2216 4006 partem
2255 3924 2353 3987 sui
2395 3924 2460 3986 in
2502 3924 2774 3987 termino
2808 3943 2845 3986 a
2876 3943 3003 4006 quo
3031 3924 3163 4005 (vel
3204 3925 3270 3987 in
3311 3942 3459 4006 qu0,

1970 4023 2069 4084 vel
2116 4023 2182 4084 in
2227 4022 2431 4104 spatio
2472 4023 2535 4085 in
2577 4022 2751 4104 quo),
2784 4030 2849 4084 et
2877 4022 3229 4085 secundum
3271 4022 3462 4085 aliam

1972 4121 2037 4183 in
2083 4120 2354 4183 termino
2396 4120 2472 4182 ad
2514 4139 2728 4202 quem,
2769 4120 3304 4201 quemadmodum
3357 4120 3465 4183 lux

368 4218 459 4282 lus
498 4228 793 4283 movetur
829 4239 945 4302 per
984 4221 1285 4282 medium.
1322 4221 1495 4284 Unde
1534 4239 1736 4302 quum
1767 4228 1863 4282 est
1893 4222 1941 4283 D
1971 4237 2173 4300 quum
2215 4218 2576 4300 pertransit,
2611 4218 3018 4280 commetitur
3059 4237 3126 4280 36
3175 4219 3465 4300 partibus

368 4319 429 4380 in
479 4318 589 4382 illo
632 4319 845 4381 medio
882 4319 1109 4400 spatio,
1152 4337 1275 4382 non
1319 4328 1415 4382 est
1460 4319 1525 4381 in
1572 4320 1681 4382 illo
1726 4320 1866 4382 loco
1976 4317 2115 4379 loci.
2158 4351 2240 4362 —-
2285 4317 2378 4378 Ad
2433 4316 2806 4391 secundum,
2858 4318 3029 4399 quod
3074 4317 3466 4398 Augustinus

368 4436 402 4477 a
428 4436 554 4499 quo
592 4418 857 4492 recedit,
892 4436 1009 4479 nec
1050 4418 1114 4479 in
1154 4418 1265 4480 illo
1294 4419 1371 4480 ad
1403 4437 1595 4500 quem
1639 4418 1859 4490 tendit,

370 4517 471 4578 sed
502 4517 694 4580 habet
726 4516 1097 4579 relationem
1132 4518 1209 4579 ad
1242 4525 1603 4599 utrumque.
1628 4518 1861 4578 Verum

370 4621 513 4678 tunc
544 4616 879 4698 quaeritur,
912 4635 1028 4678 cur
1067 4634 1325 4678 necesse
1356 4615 1437 4678 sit
1468 4614 1692 4696 angelo
1721 4634 1861 4697 per-

372 4716 631 4778 transire
664 4715 952 4779 medium
992 4714 1057 4776 in
1098 4723 1273 4776 motu
1313 4733 1445 4776 suo.
1482 4714 1858 4788 Dicendum,

372 4815 531 4898 quod
572 4816 817 4877 ratione
858 4821 1067 4877 motus
1118 4812 1354 4874 localis.
1388 4811 1646 4893 Oportet
1688 4812 1862 4874 enim

374 4915 433 4978 in
463 4923 639 4979 motu
681 4913 889 4986 locali,
924 4921 987 4974 et
1015 4911 1394 4992 generaliter
1432 4910 1494 4972 in
1528 4911 1701 4973 omni
1736 4930 1863 4974 mo-

374 5021 433 5072 tu
480 5011 823 5073 differente
868 5029 901 5071 a
950 5010 1319 5082 mutatione,
1364 5027 1503 5071 esse
1554 5009 1861 5073 rationem

374 5108 557 5170 medii
602 5107 965 5170 differentis
1012 5106 1459 5186 abextrcmiS,
1493 5107 1789 5170 videlicet
1827 5129 1863 5170 a

371 5208 639 5268 termino
664 5224 703 5267 a
723 5223 853 5288 quo
883 5215 945 5268 et
975 5224 1012 5267 a
1042 5207 1314 5267 termino
1342 5205 1423 5267 ad
1453 5225 1665 5288 quem.
1687 5207 1864 5281 Quod

372 5321 493 5368 non
521 5311 775 5387 oportet
804 5303 871 5365 in
904 5304 1251 5367 mutatione
1276 5323 1290 5368 :
1314 5323 1461 5367 nam
1493 5324 1692 5387 quum
1727 5325 1864 5368 mu—

1972 4435 2099 4479 non
2144 4415 2445 4496 intelligit
2484 4417 2602 4478 hoc
2643 4416 2719 4479 de
2762 4423 2937 4478 motu
2983 4416 3192 4490 locali,
3223 4417 3334 4479 sed
3378 4417 3468 4478 in-

1972 4514 2214 4588 teriori,
2267 4533 2395 4596 quo
2444 4514 2706 4595 angelus
2765 4523 3058 4576 movetur
3113 4515 3466 4578 secundum

1972 4613 2402 4695 cognitionem
2449 4619 2510 4673 et
2555 4611 2983 4674 affectionem.
3019 4647 3099 4658 -
3136 4612 3280 4675 Haec
3326 4613 3466 4675 Ale-

1972 4710 2228 4772 xander.
2264 4710 2380 4784 Qui
2410 4709 2474 4771 in
2506 4709 2606 4771 his
2636 4710 2847 4772 verbis
2879 4728 3006 4773 non
3037 4709 3289 4772 videtur
3319 4727 3466 4772 con-

1972 4809 2208 4871 sentire
2256 4807 2608 4888 Augustino
2660 4808 2894 4871 dicenti
2944 4808 3115 4890 quod
3173 4808 3280 4870 lux
3339 4826 3462 4871 non

1972 4907 2161 4970 citius
2194 4907 2482 4990 pervenit
2513 4907 2590 4968 ad
2624 4907 2759 4968 loca
2777 4906 3243 4988 propinquiora
3272 4925 3462 4988 quam

1972 5007 2312 5072 remotiora
2341 5024 2354 5068 ε
2391 5007 2520 5069 imo
2551 5006 2802 5070 videtur
2831 5005 3183 5068 Alexander
3211 5005 3462 5080 sentire,

1971 5109 2140 5191 quod
2186 5105 2571 5170 illuminatio
2611 5105 2718 5167 illa
2757 5104 2834 5167 t'it
2863 5113 3146 5188 repente,
3178 5105 3241 5168 id
3272 5111 3368 5166 est
3399 5104 3464 5166 in

1970 5217 2256 5290 tempore
2307 5203 2826 5288 imperceptibili,
2877 5222 3002 5267 non
3053 5211 3262 5266 tamen
3311 5203 3462 5266 sim-

1973 5306 2224 5387 pliciter
2265 5307 2330 5368 in
2374 5302 2655 5366 instanti.
