4334 6242
818 447 939 512 566
1483 470 1548 518 m
1589 471 1812 517 Lunum
1852 470 1896 517 ιι
1938 470 2421 517 snmnnrnmux.
2466 487 2547 498 —
2586 469 2739 516 msr.
2782 467 2887 532 1¹3
2930 468 3154 524 Qufflsr.
3188 467 3254 514 γι

823 637 1173 719 producere
1206 640 1272 703 in
1311 642 1522 703 anima
1560 661 1752 724 quam
1793 641 2087 704 custodit.
2123 641 2201 703 Et
2228 641 2319 702 di·
2348 637 2400 702 A
2428 639 2789 702 efficienter
2845 639 3055 702 radios
3124 638 3533 720 producendo
3590 645 3653 699 et
3712 635 3923 718 splen-

825 733 914 796 eit
942 735 1112 816 quod
1153 755 1299 800 non.
1336 737 1532 819 Cujus
1570 737 1933 821 oppositum
1975 738 2182 820 patuit
2210 758 2321 801 sae-

529 849 795 908 cfipszsnz
826 851 925 915 pe.
947 833 1024 895 Et
1053 842 1123 896 ut
1151 845 1229 897 ex
1261 836 1600 900 Guillelmo
1627 836 1962 899 Parisiensi
1991 844 2320 900 ostensum

824 939 940 1006 est,
975 932 1085 994 lux
1115 935 1464 1016 spiritualis
1503 935 1933 1017 angelicorum
1974 935 2319 1019 spirituum

821 1047 948 1091 non
993 1040 1088 1093 est
1132 1032 1344 1095 minus
1390 1034 1614 1097 idonea
1657 1042 1720 1096 et
1761 1034 2057 1107 fecunda,
2091 1035 2323 1098 exube-

819 1147 965 1190 rans
995 1137 1058 1191 et
1099 1131 1367 1193 causalis
1407 1132 1481 1194 ad
1517 1131 2004 1208 effundendum,
2041 1151 2322 1196 commu-

819 1225 1162 1290 nicandum
1202 1248 1274 1292 ac
1319 1230 1814 1312 dispergendum
1861 1250 1927 1294 se
1972 1231 2319 1313 spirituali-

816 1329 934 1398 ter,
986 1343 1179 1406 quam
1229 1326 1338 1389 lux
1387 1328 1537 1390 solis
1587 1329 1663 1390 ad
1713 1328 2317 1392 communicandum

819 1420 1442 1507 diffundendumque
1491 1444 1558 1488 se
1607 1426 1997 1490 sensibiliter
2037 1435 2100 1488 et
2144 1445 2313 1501 vere,

2429 739 2649 801 dorem
2706 737 2772 800 in
2826 737 3057 800 medio,
3109 735 3255 799 Ideo
3308 736 3417 798 lux
3475 734 3586 797 ina
3638 735 3925 816 angelica

2430 835 2802 899 eminentias
2846 834 3479 917 resplendentiasque
3518 833 3817 916 producit
3859 832 3923 895 in

2432 935 2757 997 mentibus
2818 933 3217 1007 inferiorum,
3273 933 3457 1014 juxta
3519 933 3781 996 modum
3849 951 3927 994 ex

2432 1033 2795 1106 Guillelmo,
2838 1031 3097 1094 Alberto
3142 1039 3206 1094 et
3252 1031 3396 1094 aliis
3439 1031 3922 1094 introductum:

2430 1150 2703 1214 quorum
2754 1130 2986 1214 positio
3034 1130 3221 1194 dictis
3265 1131 3333 1192 D.
3370 1129 3652 1213 Dionysii
3702 1138 3766 1193 et
3805 1130 3925 1193 Au-

2428 1229 2667 1311 gustini
2708 1229 3068 1303 concordat,
3103 1229 3234 1291 imo
3270 1237 3334 1291 et
3371 1227 3791 1311 philosophiae
3823 1229 3928 1292 Pe-

2426 1327 2928 1410 ripateticorum,
2970 1326 3329 1401 Avicennae,
3371 1327 3703 1408 Algazelis‚
3732 1328 3923 1390 Aver-

2426 1426 2575 1502 τοίς,
2620 1435 2683 1489 et
2724 1425 3001 1489 auctoris
3046 1424 3192 1488 libri
3236 1426 3315 1488 de
3358 1426 3597 1490 Causis.
