4334 6242
1511 1013 2434 1138 EPITOMAE

410 1322 804 1368 SINGULAnmfl
864 1322 1334 1368 msTtNCTloNUM
1392 1325 1549 1370 Ltnm
1617 1325 1870 1371 sEchm
1938 1326 2424 1381 SENTENTIARmm
2489 1327 2827 1373 cLAmsslm
2888 1331 3014 1375 vim
3076 1329 3341 1376 AnNomt
3401 1330 3507 1374 VE-

537 1427 868 1485 SALIBNSIS,
924 1429 1209 1474 CANoNJct
1271 1429 1566 1484 QUONDAM
1625 1433 2140 1478 METROPOLlTANAE
2205 1433 2503 1479 ECCLESIAE
2564 1435 2972 1493 COLONIENSIS,
3037 1437 3158 1482 CUM
3216 1437 3505 1482 VERSIBUS

534 1533 983 1581 uenonlauncs
1026 1535 1168 1580 oum
1211 1536 1393 1582 INTER
1433 1537 1842 1584 EXPONENDUM
1885 1539 2130 1584 PUBLICE'
2174 1540 2545 1585 SENTENTtAs
2587 1541 2668 1585 AB
2711 1541 2787 1587 Eo
2828 1542 3121 1588 DICTATIS.

805 2007 1230 2070 DISTINCTIO
1273 2007 1524 2069 PRIMA.

721 2115 1120 2177 creationem
1183 2135 1420 2188 rerum,
1483 2123 1601 2176 etc.

543 2284 774 2339 MNIUM
814 2301 1031 2348 rerum,
1063 2283 1380 2340 visibilium
1421 2283 1640 2339 scilicet
1677 2287 1733 2340 et
1770 2284 1912 2338 invi-

569 2373 851 2435 sibilium,
883 2374 1068 2429 Dcum
1099 2389 1221 2430 csse
1251 2377 1590 2434 creatorem,
1621 2377 1678 2430 ct
1715 2390 1810 2430 eas
1849 2373 1906 2429 in

407 2465 742 2534 temporum
789 2462 1074 2534 principio
1121 2478 1362 2525 creasse,
1404 2463 1700 2533 Scriptura
1745 2479 1910 2518 sacra

407 2549 466 2604 in
496 2550 586 2604 sui
629 2550 884 2606 ostendit
915 2549 1253 2621 primordie,
1285 2550 1507 2606 elidens
1539 2569 1640 2621 per
1675 2551 1782 2606 hoc
1821 2569 1910 2608 er-

407 2656 568 2695 rores
616 2639 874 2694 Platonis
921 2643 976 2694 et
1024 2639 1344 2695 Aristotelis
1393 2657 1406 2695 ε
1457 2657 1707 2711 quorum
1765 2641 1912 2696 alter

409 2729 592 2784 Deum
636 2745 752 2783 non
797 2733 1135 2792 creatorem,
1168 2731 1270 2785 sed
1309 2728 1475 2801 quasi
1515 2729 1780 2800 opificem
1823 2746 1910 2785 re-

405 2833 540 2873 rum
573 2833 700 2872 esse
739 2816 946 2888 posuit,
977 2833 1310 2889 supponens
1345 2817 1567 2874 scilicet
1602 2819 1907 2874 materiam

408 2905 466 2960 in
504 2922 678 2977 opere
713 2905 838 2970 Dei;
871 2923 1052 2977 quum
1093 2906 1306 2962 creatio
1345 2906 1418 2961 sit
1447 2923 1515 2962 ex
1557 2907 1762 2968 nihilo,
1795 2925 1910 2978 quo

404 2995 584 3051 etiam
619 2996 797 3050 modo
834 2994 1056 3067 aliquid
1093 2993 1281 3051 facere
1321 2996 1426 3051 soli
1469 2997 1581 3051 Deo
1623 2996 1906 3052 convenit.

407 3084 745 3140 Aristoteles
786 3087 981 3140 autem
1025 3101 1248 3156 ponens
1295 3087 1410 3140 duo
1459 3085 1763 3156 principia,
1805 3085 1910 3140 sci-

407 3172 542 3229 licet
583 3173 890 3228 materiam
931 3177 988 3228 et
1023 3173 1294 3238 formam,
1334 3178 1393 3229 et
1433 3172 1668 3229 tertium
1708 3191 1908 3244 opera·
1942 3169 1988 3229 B

406 3261 649 3325 torium,
691 3264 980 3318 mundum
1017 3265 1300 3319 aeternum
1346 3263 1509 3318 dixit.
1551 3263 1770 3320 Dicitur
1811 3281 1910 3320 au-

407 3357 528 3408 tem
569 3353 721 3407 Deus
757 3350 979 3422 aliquid
1023 3350 1210 3408 facere
1248 3352 1334 3408 vel
1379 3369 1568 3425 agere,
1615 3369 1731 3408 non
1771 3353 1908 3424 quia

405 3443 706 3514 operando
746 3443 1023 3504 mutetur,
1058 3443 1160 3496 sed
1201 3444 1416 3497 aeterna
1453 3441 1744 3498 voluntate
1782 3443 1906 3498 sine

405 3531 498 3588 sui
543 3529 804 3586 motione
846 3547 858 3582 :
901 3529 1065 3601 cujus
1107 3529 1298 3586 simile
1337 3530 1572 3602 aliquod
1620 3530 1906 3589 in·calore

405 3621 545 3678 solis
574 3623 662 3676 est
692 3619 968 3676 invenire.
1000 3621 1184 3675 Causa
1217 3623 1410 3676 autem
1454 3637 1649 3676 rerum
1690 3625 1908 3677 creata-

404 3727 538 3767 rum
571 3713 658 3766 est
687 3709 914 3764 bonitas
951 3707 1250 3766 Creatori&
1284 3708 1391 3774 Qui
1432 3709 1627 3771 etiam,
1658 3713 1722 3764 ut
1751 3727 1906 3767 crea-

404 3803 540 3856 tura
593 3796 972 3854 beatitudinis
1028 3797 1208 3868 ipsius
1258 3797 1543 3869 particeps
1591 3799 1767 3862 fieret,
1817 3817 1908 3854 ra-

403 3888 686 3944 tionalem
737 3886 872 3943 fecit
919 3890 1264 3949 creaturam,
1315 3904 1446 3943 eam
1503 3887 1723 3943 scilicet
1777 3905 1908 3960 quae

404 3993 713 4034 summum
764 3977 984 4032 bonum
1030 3976 1394 4049 intelligeret,
1439 3980 1681 4040 amaret,
1728 3978 1908 4048 possi·

407 4069 587 4128 deret,
627 4069 684 4122 et
727 4081 831 4137 per
873 4065 980 4121 hoc
1020 4083 1088 4121 eo
1131 4065 1435 4122 frueretur.
1480 4068 1620 4130 Quoe
1666 4065 1902 4137 quidem

407 4155 684 4211 distincta
719 4158 808 4210 est
844 4155 903 4209 in
945 4154 1346 4226 incorpoream
1389 4172 1488 4211 seu
1523 4156 1817 4226 angelum.
1851 4158 1909 4211 et

408 4261 748 4315 corpoream
781 4261 882 4300 seu
915 4243 1236 4299 hominem.
1267 4244 1393 4298 Non
1423 4243 1588 4316 quasi
1629 4243 1749 4315 ipse
1782 4247 1907 4300 Cre-

1937 2007 1986 2068 A
2019 2007 2227 2078 prim0,
2288 2007 2425 2078 quia
2492 2010 2641 2065 Deus
2704 2009 2785 2064 ita
2848 2011 3077 2077 voluit;
3144 2013 3374 2078 dehinc,
3442 2018 3509 2070 ut

2019 2095 2158 2151 unio
2200 2096 2458 2153 hominis
2500 2115 2635 2153 cum
2676 2099 2791 2154 Deo
2828 2116 2932 2172 per
2966 2117 3226 2157 amorem
3271 2102 3509 2172 possibi-

2020 2185 2090 2239 lis
2141 2188 2543 2242 ostenderetur
2566 2205 2581 2252 ;
2638 2191 2810 2259 atque
2868 2193 2930 2244 ut
2983 2190 3041 2244 in
3100 2207 3336 2262 corpore
3392 2191 3507 2247 Deo

2021 2274 2351 2331 deserviens
2418 2275 2613 2340 homo,
2682 2278 2965 2349 maj0rem
3028 2283 3350 2335 mereretur
3414 2297 3507 2336 co-

2017 2381 2244 2420 ronam.
2306 2365 2459 2420 lnter
2512 2365 2787 2436 angelum
2840 2369 3036 2422 autem
3094 2371 3150 2424 et
3206 2367 3505 2424 bominem

2018 2455 2132 2510 alia
2174 2459 2260 2510 est
2298 2460 2563 2512 creatura
2592 2458 2859 2527 quaedam
2904 2457 3217 2528 corporalis
3254 2461 3505 2523 tantum,

2017 2548 2074 2600 et
2120 2547 2191 2600 de
2230 2543 2319 2599 his
2366 2545 2551 2600 tribus
2588 2545 2931 2601 tractabitur
2968 2547 3027 2601 in
3075 2547 3186 2603 boc
3233 2547 3378 2603 libro
3420 2565 3511 2604 se-

2018 2636 2228 2690 cundo,

2020 2759 2233 2809 Procliit
2262 2774 2329 2808 ex
2362 2774 2471 2809 uno
2502 2773 2684 2809 rerum
2718 2763 2919 2810 natura
2947 2765 3153 2820 creata,

2084 2831 2140 2879 ld
2172 2835 2359 2880 tamen
2391 2834 2518 2881 ante
2552 2831 2745 2895 sophis
2778 2846 2885 2882 non
2915 2831 3197 2896 placuisse
3228 2833 3432 2885 ferunt.

2494 3045 2917 3108 DISTINCTlO
2960 3047 3033 3109 II.

2217 3170 2305 3231 De
2342 3170 2625 3250 angelica
2661 3171 2875 3252 itaque
2914 3181 3158 3245 natura,
3192 3179 3309 3234 etc.

2144 3357 2439 3412 NGEle
2481 3361 2687 3412 natura
2716 3359 2871 3429 (quae
2906 3363 2963 3414 et
3000 3359 3057 3414 in
3089 3359 3388 3431 Scriptura
3424 3376 3510 3415 sa-

2172 3446 2387 3518 pientia
2427 3448 2775 3518 quandoque
2819 3447 3053 3518 dicitur)
3087 3448 3353 3503 omnium
3400 3449 3511 3520 pri-

2015 3553 2116 3592 ma
2161 3540 2356 3592 creata
2408 3539 2510 3600 est,
2562 3552 2677 3591 non
2734 3538 2969 3608 quidem
3027 3539 3192 3609 quasi
3249 3541 3508 3610 tempore

2016 3643 2221 3681 omnes
2270 3627 2619 3696 pra‘cedenS,
2669 3629 2767 3680 sed
2818 3625 3115 3698 dignitate.
3167 3628 3295 3697 lpsa
3348 3626 3505 3682 enim

2015 3717 2072 3770 et
2107 3715 2317 3771 coelum
2358 3731 2718 3786 empyreum,
2748 3718 2979 3786 tempus
3023 3719 3078 3770 et
3116 3718 3367 3786 quatuor
3401 3716 3511 3772 ele-

2017 3807 2349 3860 mentorum
2383 3804 2648 3867 materia,
2679 3803 2853 3858 simul
2889 3808 3026 3858 sunt
3062 3805 3313 3860 condita.
3343 3805 3507 3861 Unde

2017 3896 2170 3963 quod
2204 3892 2433 3956 dicitur,
2469 3893 2528 3946 ln
2562 3891 2846 3963 principio
2875 3893 3089 3948 creavit
3118 3895 3266 3949 Deus
3295 3894 3503 3950 coelum

2015 3985 2072 4039 et
2114 3985 2329 4037 terram
2382 3999 2394 4036 :
2446 3998 2547 4053 per
2592 3983 2821 4043 coelum,
2871 3984 3195 4038 secundum
3242 3983 3511 4054 Augusti-

2016 4088 2179 4134 num,
2213 4071 2558 4142 intelligitur
2595 4071 2914 4142 spiritualis
2951 4075 3232 4135 creatura,
3265 4088 3369 4142 per
3398 4075 3507 4127 ter-

2015 4177 2138 4215 ram
2186 4163 2381 4216 autem
2424 4160 2756 4230 corporalis,
2787 4159 3062 4224 Quamvis
3102 4164 3295 4216 autem
3338 4178 3509 4232 ange-

2015 4250 2135 4306 lum
2167 4249 2313 4304 alias
2342 4252 2637 4304 creaturas
2674 4265 2878 4305 omnes
2918 4249 3221 4306 duratione
3252 4252 3505 4321 quadarn

407 4335 536 4388 ator
571 4332 661 4386 bis
701 4331 1038 4402 indiguerit,
1069 4334 1168 4387 sed
1209 4336 1272 4386 ut
1313 4333 1363 4388 ei
1403 4333 1701 4396 servirent,
1735 4350 1801 4388 ac
1838 4349 1904 4388 eo
1939 4338 1982 4400 C
2015 4338 2375 4410 praecessisse
2430 4338 2814 4408 Hieronymus
2871 4337 3061 4394 dicere
3107 4338 3351 4402 videtur,
3400 4338 3507 4394 hoc

410 4421 758 4478 fruerentur.
805 4421 1060 4492 Denique
1108 4425 1165 4477 et
1210 4422 1332 4494 ipse
1379 4425 1639 4479 mundus
1681 4425 1754 4478 ad
1793 4439 1908 4478 ser-

405 4511 682 4566 viendum
727 4508 971 4566 ulterius
1013 4510 1238 4566 homini
1279 4510 1462 4566 sactus
1502 4516 1605 4574 est,
1637 4515 1691 4567 et
1729 4512 1904 4566 homo

407 4603 480 4655 ad
527 4599 902 4656 serviendum
945 4601 1102 4656 Deo:
1144 4617 1258 4656 non
1298 4603 1372 4656 ad
1410 4601 1530 4658 Dei.
1575 4603 1676 4657 scd
1715 4604 1899 4656 totum

407 4691 477 4744 ad
513 4687 773 4743 hominis
805 4687 1134 4748 utilitatem,
1167 4691 1241 4744 ad
1273 4689 1370 4744 Dei
1401 4693 1596 4746 autem
1637 4690 1901 4762 gloriam.

411 4778 652 4848 lnsuper
687 4779 741 4832 et
781 4777 992 4848 angeli,
1040 4777 1174 4832 lieet
1215 4778 1380 4834 nobis
1427 4778 1751 4850 superiores
1789 4780 1906 4834 sint

411 4870 636 4930 natura,
671 4866 852 4921 nostri
884 4870 1080 4922 tamen
1112 4871 1249 4922 sunt
1279 4886 1290 4922 :
1324 4869 1462 4938 quia
1489 4871 1564 4924 ad
1597 4887 1764 4926 usum
1810 4886 1908 4924 no-

411 4956 496 5011 bis
522 4960 678 5018 sunt,
711 4959 767 5011 et
795 4956 1008 5011 servire
1046 4956 1211 5012 nobis
1243 4958 1480 5020 debent;
1513 4961 1576 5013 ut
1606 4958 1664 5013 in
1705 4959 1904 5021 simili,

407 5062 498 5102 res
535 5045 915 5101 dominorum
965 5045 1242 5101 dicuntur
1280 5045 1634 5104 famulorum
1675 5052 1909 5120 propter

410 5151 604 5191 usum.
639 5135 756 5190 Nec
801 5138 1035 5205 propter
1070 5135 1411 5207 angelorum
1450 5135 1682 5192 ruinam
1724 5136 1906 5192 factus

412 5224 586 5280 homo
631 5223 847 5280 dicitur
889 5223 1304 5294 principaliter,
1345 5224 1480 5281 licet
1522 5225 1624 5281 illa
1669 5225 1744 5280 sit
1790 5243 1907 5282 una

412 5329 716 5368 concausa.
765 5311 864 5366 Est
915 5315 1110 5368 autem
1160 5312 1358 5369 anima
1406 5314 1630 5386 corpori
1679 5313 1841 5370 unita
1890 5332 1903 5371 :

2011 4433 2209 4482 tamen
2252 4443 2368 4482 non
2408 4443 2475 4481 ex
2508 4426 2759 4496 propria,
2791 4428 2893 4482 scd
2926 4443 2992 4482 ex
3032 4426 3280 4483 aliorum
3322 4427 3508 4498 opini-

2013 4532 2138 4580 one,
2174 4516 2399 4571 locutus
2447 4514 2634 4586 putari
2686 4516 2871 4571 debet.
2922 4515 3195 4587 Denique,
3244 4516 3395 4572 sicut
3437 4532 3507 4571 ex

2013 4605 2327 4676 Scripturoe
2367 4603 2707 4659 auctoritate
2752 4603 3061 4675 colligitur,
3104 4605 3162 4659 in
3208 4605 3349 4662 coelo
3392 4622 3511 4662 em·

2015 4711 2188 4766 pyreo
2235 4691 2411 4749 creati
2460 4695 2595 4748 sunt
2642 4693 2853 4763 angeli.
2908 4694 3065 4748 Unde
3117 4697 3173 4749 et
3218 4694 3358 4749 mali
3408 4711 3508 4766 per

2013 4786 2317 4854 peccatum
2363 4781 2498 4836 inde
2538 4783 2897 4842 corruerunt,
2934 4784 2992 4836 et
3028 4782 3160 4836 boni
3202 4781 3261 4837 in
3302 4784 3503 4839 eodem

2014 4874 2479 4942 permanserunt.
2512 4871 2678 4934 Quod
2715 4869 2951 4939 quidem
2984 4871 3193 4926 coelum
3224 4872 3337 4926 tale
3368 4871 3507 4927 dici-

2013 4965 2108 5015 tur
2154 4959 2318 5031 quasi
2371 4959 2627 5030 igneum,
2668 4960 2726 5012 et
2771 4961 2857 5013 est
2904 4958 2961 5013 id
3013 4960 3081 5013 dc
3121 4976 3234 5030 quo
3276 4960 3505 5022 dicitur,

2015 5051 2170 5120 quod
2202 5047 2260 5103 in
2295 5046 2581 5120 principio
2610 5048 2758 5101 Deus
2788 5046 2995 5103 coelnm
3032 5047 3261 5110 creavit,
3286 5053 3391 5104 etc.
3414 5049 3509 5104 Est

2015 5141 2213 5193 autem
2246 5135 2488 5207 angelus
2527 5134 2717 5205 primo
2748 5138 2976 5191 creatus
3015 5135 3281 5191 informis
3316 5140 3507 5208 quoad

2015 5225 2284 5282 habitum
2312 5224 2528 5296 gratiae,
2555 5226 2751 5295 postea
2776 5227 2971 5279 autem
3002 5227 3321 5281 secundum
3354 5242 3511 5281 eam-

2017 5317 2148 5371 dem
2184 5313 2485 5379 formatus,
2517 5316 2573 5369 et
2610 5314 2684 5368 ad
2718 5313 2896 5368 Deum
2937 5329 3264 5370 conversus.
3295 5315 3507 5369 Notan-
