4334 6242
591 503 679 551 ΑΝ
719 504 995 553 Amanus
1036 504 1397 552 coem‘nons
1440 502 1743 550 ΝΑϊιιιιΑιι
1786 501 1967 549 Νονιι·
2010 502 2269 549 ρινιΝΑιι
2312 503 2650 550 esst-:nrum
2692 502 2754 550 m
2798 503 2868 550 sn
2910 505 3066 562 irsx,
3109 503 3234 549 nrc.
3347 481 3468 548 269

362 675 479 736 Dei
530 678 895 738 essentiam.
947 712 1027 721 —
1074 675 1215 737 Haec
1266 675 1357 736 ibi
1410 691 1423 736 :
1478 674 1588 735 ubi
1636 681 1701 734 et
1746 673 1869 734 alia
1900 673 1951 734 A
1980 681 2218 754 quanto
2259 673 2601 755 perfectius
2643 693 2756 755 per
2785 673 3084 736 ellectum
3121 673 3470 754 apprehen-

362 774 571 835 multa
612 775 781 836 circa
820 775 955 836 haec
994 773 1241 847 scribit,
1275 792 1415 854 quae
1449 781 1511 834 et
1541 773 1607 834 in
1646 779 1868 853 quarto

363 871 579 934 locum
632 873 844 953 potius
888 872 1141 934 habent.

470 971 798 1032 Postremo
858 972 925 1032 in
987 978 1347 1033 commento
1408 986 1601 1049 super
1658 968 1865 1031 Boeti-

360 1087 471 1128 um
535 1069 619 1130 de
677 1069 1003 1142 Trinitate‚
1054 1068 1392 1150 respondet
1447 1084 1459 1126 :
1516 1066 1868 1147 Dupliciter

354 1166 642 1246 (dicens)
680 1185 780 1228 res
831 1166 1250 1246 cognoscitur.
1290 1165 1520 1239 Primo,
1562 1183 1678 1246 per
1725 1183 1866 1247 pro-

356 1263 571 1344 priam
604 1263 876 1326 formam
909 1282 923 1326 ι
957 1264 1494 1345 quemadmodum
1526 1262 1748 1324 oculus
1780 1262 1867 1324 vi-

356 1361 465 1422 det
516 1361 801 1444 lapidem
851 1380 965 1444 per
1013 1362 1291 1442 speciem
1341 1359 1591 1442 lapidis.
1635 1359 1867 1421 Secun-

356 1459 461 1532 do,
517 1479 635 1541 per
692 1460 963 1522 formam
1021 1459 1281 1521 alterius
1338 1457 1615 1520 similem
1670 1456 1792 1518 sibi
1846 1477 1860 1520 ι

356 1565 429 1616 ut
477 1559 769 1620 noscitur
821 1577 1011 1620 causa
1057 1575 1171 1638 per
1219 1555 1704 1618 similitudinem
1764 1554 1864 1616 sui

357 1653 659 1728 effectu3‚
709 1664 773 1717 et
820 1656 1011 1719 homo
1060 1673 1175 1736 per
1220 1653 1493 1718 sormam
1542 1673 1671 1715 sum
1714 1653 1865 1714 ima-

356 1752 549 1832 ginis.
601 1754 717 1814 Per
762 1752 1038 1816 formam
1088 1770 1341 1834 quoque
1390 1770 1569 1812 suam
1620 1751 1860 1833 aliquid

359 1849 712 1931 dupliciter
768 1851 1068 1912 cernitur.
1124 1850 1355 1924 Primo,
1419 1868 1534 1931 per
1591 1847 1861 1911 formam
1894 1853 1941 1914 Β

361 1967 508 2030 quae
556 1955 655 2010 est
701 1948 837 2031 ipsa
892 1968 990 2010 res
1044 1965 1058 2010 :
1110 1949 1275 2010 sicut
1324 1949 1489 2010 Deus
1539 1948 1863 2028 cognoscit

360 2065 429 2107 se
472 2065 589 2128 per
628 2065 809 2108 suam
854 2047 1233 2126 essentiam3
1275 2046 1572 2107 similiter
1600 2045 1862 2126 angelus

362 2163 431 2205 se
484 2163 601 2225 per
640 2145 982 2207 essentiam
1032 2163 1214 2206 suam
1268 2143 1581 2224 intelligit.
1628 2143 1861 2205 Secun-

362 2241 469 2314 do,
522 2260 639 2322 per
688 2241 958 2303 formam
1012 2261 1153 2323 quae
1201 2249 1296 2302 est
1342 2241 1515 2302 aliud
1566 2240 1647 2302 ab
1698 2241 1858 2323 ipso,

361 2338 500 2400 sive
548 2339 634 2400 sit
682 2338 762 2401 ab
810 2340 951 2421 ipso
1004 2339 1339 2414 abstracta,
1392 2341 1645 2421 quando
1693 2339 1864 2400 vide-

362 2436 515 2499 licet
564 2437 767 2500 forma
818 2445 915 2499 est
963 2437 1443 2500 immaterialior
1494 2456 1686 2519 quam
1737 2453 1857 2510 reS,

362 2535 532 2596 sicut
578 2534 785 2596 forma
831 2534 1061 2617 lapidis
1110 2535 1498 2596 abstrahitur
1534 2555 1571 2596 a
1615 2535 1859 2617 lapide3

362 2632 499 2694 sive
559 2632 643 2694 sit
700 2633 1011 2714 impressa
1070 2632 1447 2713 intelligenti
1508 2633 1587 2695 ab
1642 2650 1739 2706 eo,
1793 2639 1861 2692 ut

364 2730 623 2812 quando
680 2749 779 2792 res
838 2739 933 2792 est
984 2730 1340 2811 simplicior
1390 2749 1583 2812 quam
1639 2730 1862 2792 simili-

362 2828 519 2889 tudo
568 2846 695 2908 qua
745 2828 1049 2900 noscitur,
1088 2826 1270 2907 juxta
1320 2829 1491 2909 quod
1537 2828 1861 2889 Avicenna

359 2925 655 2998 asseruit,
698 2925 868 3007 quod
916 2925 1367 3006 intelligentias
1418 2927 1860 3007 cognoscimus

359 3041 479 3103 per
507 3023 996 3105 impressionem
1027 3042 1244 3086 earum
1283 3024 1347 3086 in
1388 3023 1593 3086 nobis,
1628 3024 1861 3097 Quum·
1897 3029 1941 3092 C
1972 3045 2169 3101 scere,
2200 3027 2382 3107 juxta
2425 3026 2584 3088 illud
2620 3047 2633 3090 :
2673 3027 2873 3088 Deum
2918 3045 3106 3089 nemo
3149 3027 3310 3089 vidit
3351 3047 3466 3090 un·
3537 3055 3703 3099 me,
3727 3069 3758 3108 1,

1972 3143 2185 3207 quam.
2237 3125 2522 3206 Insuper,
2578 3124 2968 3207 quicumque
3028 3125 3286 3206 inspicit
3345 3125 3468 3187 for·
3495 3121 3562 3162 ¹⁸·

360 3139 487 3202 que
532 3120 895 3182 intellectus
938 3129 1152 3183 noster
1194 3122 1259 3184 in
1298 3122 1428 3184 vita
1470 3123 1587 3184 hac
1632 3122 1861 3185 habeat

358 3217 807 3280 habitudinem
839 3219 1321 3281 determinatam
1352 3220 1429 3280 ad
1461 3220 1695 3283 formas
1725 3240 1859 3302 quae

358 3335 395 3378 a
444 3335 639 3378 sensu
696 3315 1171 3391 abstrahuntur,
1222 3336 1422 3400 quum
1470 3318 1546 3378 ad
1596 3319 1857 3399 phanta-

362 3421 567 3476 smata
624 3421 1027 3496 comparetur
1084 3415 1624 3496 quemadmodum
1682 3416 1857 3477 visus

362 3513 441 3573 ad
473 3513 754 3591 colores3
794 3529 922 3574 non
960 3519 1169 3594 potest
1197 3532 1367 3574 nunc
1398 3514 1599 3575 Deum
1636 3530 1861 3593 cogno-

364 3629 542 3672 scere
586 3628 701 3691 per
744 3609 1013 3672 formam
1059 3629 1199 3692 quae
1242 3618 1336 3671 est
1378 3611 1651 3672 essentia
1694 3629 1807 3672 sua
1841 3629 1855 3673 ε

366 3708 495 3770 imo
552 3707 647 3769 sic
706 3708 1109 3788 cognoscitur
1167 3707 1233 3768 in
1292 3709 1499 3789 patria
1546 3726 1583 3769 a
1628 3709 1853 3771 BeatiS.

1980 772 2152 832 ditur
2195 772 2498 835 habitudo
2542 791 2745 835 causae
2787 773 2865 834 ad
2909 791 3098 834 suum
3140 770 3465 833 effectum.

1980 868 2127 941 Quae
2170 869 2475 932 habitudo
2520 870 2583 931 in
2627 868 2862 931 effectu
2908 888 3034 933 non
3077 870 3473 951 pertingente

1979 967 2057 1028 ad
2100 967 2524 1049 aequalitatem
2565 988 2694 1031 sua}
2733 987 2958 1042 causae,
2999 969 3346 1030 attenditur
3380 985 3474 1029 se-

1982 1067 2262 1127 cundum
2294 1066 2436 1140 tria,
2470 1065 2768 1128 videlicet
2796 1084 2809 1128 ε
2843 1085 3036 1147 ρεηεε
3069 1083 3473 1147 progressum

1979 1162 2251 1225 effectus
2300 1183 2336 1226 a
2384 1183 2593 1237 causa,
2637 1172 2699 1225 et
2740 1165 3094 1226 secundum
3143 1164 3262 1227 hoc
3305 1163 3475 1245 quod

1978 1260 2248 1322 effectus
2294 1261 2705 1343 consequitur
2748 1262 2825 1322 de
2875 1260 3296 1322 similitudine
3346 1279 3475 1323 suae

1978 1378 2204 1433 causae,
2243 1367 2433 1441 atque
2478 1361 2830 1422 secundum
2878 1360 2998 1422 hoc
3042 1358 3211 1441 quod
3254 1357 3478 1420 deficit

1976 1476 2013 1517 a
2057 1476 2172 1518 sua
2211 1476 2417 1519 causa.
2463 1457 2692 1538 Sicque
2733 1475 2912 1518 mens
2953 1458 3230 1518 humana
3270 1456 3474 1537 tripli-

1978 1555 2136 1616 citer
2179 1555 2438 1637 prosicit
2482 1555 2546 1616 in
2591 1555 2700 1617 Dei
2753 1555 3134 1636 cognitione,
3181 1555 3474 1637 quamvis

1975 1653 2050 1713 ad
2096 1655 2604 1733 cognoscendum
2642 1653 2796 1735 quid
2835 1661 2931 1715 est
2965 1671 3091 1716 non
3133 1654 3468 1735 pertingat.

1978 1751 2119 1812 Haec
2164 1750 2271 1812 ibi.

2054 1849 2122 1910 In
2154 1851 2376 1911 eodem
2419 1857 2779 1913 commento
2811 1849 3010 1930 magis
3049 1851 3354 1912 accedens
3395 1849 3474 1911 ad

1975 1965 2131 2021 rem,
2166 1947 2546 2023 sciscitatur,
2571 1968 2650 2010 an
2681 1948 3000 2030 possimus
3032 1948 3313 2010 divinam
3345 1946 3471 2009 sor-

1974 2065 2142 2107 mam
2186 2047 2318 2108 sive
2360 2048 2699 2109 essentiam
2743 2047 2806 2108 in
2846 2055 3012 2109 statu
3045 2048 3162 2110 viae
3202 2047 3472 2130 inspice-

1974 2163 2059 2205 re.
2097 2145 2173 2206 Et
2212 2146 2420 2226 arguit
2459 2145 2626 2226 quod
2668 2163 2817 2219 non,
2850 2145 3000 2227 quia
3029 2145 3096 2207 B.
3132 2146 3470 2228 Dionysius

1974 2241 2039 2304 in
2088 2243 2294 2324 prima
2336 2244 2604 2325 epistola
2645 2244 2724 2306 ad
2769 2244 2990 2307 Caium
3035 2252 3417 2327 protestatur
3453 2261 3468 2307 ε

1974 2342 2036 2404 Si
2087 2341 2232 2423 quis
2283 2341 2637 2404 videntium
2687 2344 2888 2405 Deum
2940 2342 3250 2404 intellexit
3298 2341 3469 2424 quod

1975 2439 2153 2514 vidit,
2189 2458 2314 2501 non
2347 2439 2506 2501 vidit
2546 2440 2781 2521 ipsum,
2815 2441 2925 2502 sed
2963 2440 3205 2522 aliquid
3247 2458 3506 2520 eorum,

1973 2557 2114 2619 quae
2164 2545 2312 2598 sunt
2358 2536 2517 2618 ejus,
2573 2538 2794 2600 Forma
2849 2546 3060 2601 autem
3111 2538 3329 2600 divina
3375 2546 3472 2600 est-

1972 2636 2137 2697 Deus
2174 2653 2371 2716 :ergo
2414 2653 2542 2698 non
2590 2653 2929 2716 possumus
2975 2635 3243 2698 sormam
3292 2635 3468 2698 illam

1974 2733 2038 2795 in
2099 2733 2220 2796 hoc
2277 2741 2443 2794 statu
2503 2733 2838 2815 inspicere.
2888 2735 3212 2808 Praeterea,
3263 2733 3468 2796 forma

1973 2831 2085 2893 Dei
2142 2839 2240 2892 est
2296 2829 2512 2891 divina
2570 2831 2862 2893 essentia.
2918 2831 3039 2893 Sed
3097 2831 3296 2892 Deum
3356 2851 3471 2913 per

1972 2929 2313 2990 essentiam
2363 2946 2552 2990 nemo
2599 2928 2666 2990 in
2714 2929 2844 2990 vita
2899 2929 3018 2991 hac
3066 2928 3233 2991 valet
3278 2947 3467 3010 agno-

1974 3241 2145 3285 mam
2211 3222 2484 3303 alicujus
2555 3223 2666 3296 rei,
2736 3221 2977 3304 aliquid
3049 3223 3125 3284 de
3193 3241 3259 3285 re
3329 3223 3467 3305 ipsa

1973 3319 2315 3400 cognoscit.
2369 3320 2486 3381 Sed
2539 3327 2608 3380 ut
2654 3319 2864 3401 primo
2910 3320 3184 3402 Mysticae
3233 3321 3469 3384 theolo-

1971 3419 2089 3499 giae
2138 3417 2418 3499 capitulo
2466 3418 2721 3479 divinus
2776 3418 3114 3500 Dionysius
3162 3418 3464 3501 loquitur,

1974 3517 2334 3579 intellectus
2375 3524 2589 3578 noster
2630 3518 2981 3578 secundum
3025 3518 3192 3599 quod
3239 3517 3468 3580 melius

1973 3622 2181 3696 potest
2230 3615 2359 3676 Deo
2411 3615 2648 3688 unitur,
2693 3615 2948 3695 quando
2997 3615 3258 3677 omnino
3308 3616 3467 3677 nihil

1973 3712 2113 3793 ejus
2156 3711 2498 3792 cognoscit.
2532 3747 2612 3756 —
2650 3712 2719 3773 In
2763 3713 3128 3794 oppositum
3171 3721 3267 3774 est
3309 3713 3468 3776 illud

368 3805 734 3868 Similitudo
777 3806 969 3867 etiam
1019 3824 1439 3888 quaecumque
1486 3825 1521 3866 a
1571 3806 1699 3868 Deo
1748 3807 1862 3868 im·
1972 3811 2256 3893 Apostoli
2293 3829 2306 3871 ε
2342 3810 2696 3872 Invisibilia
2727 3811 2861 3885 Dei,
2894 3830 2931 3872 a
2961 3819 3246 3874 creatura
3287 3833 3468 3874 mun·
3495 3836 3755 3887 flom.1‚20.

368 3923 585 3987 pressa
624 3903 976 3966 intellectui
1015 3905 1316 3978 humane,
1352 3921 1478 3966 non
1508 3904 1752 3966 sufficit
1781 3907 1859 3968 ad
1974 3910 2036 3971 di
2084 3927 2198 3991 per
2237 3926 2312 3970 ea
2355 3927 2495 3989 quae
2536 3906 2702 3969 facta
2749 3916 2897 3970 sunt
2941 3909 3278 3985 intellecta,
3322 3929 3468 3975 con-

366 4003 483 4064 hoc
533 4002 704 4084 quod
752 4001 942 4064 faciat
988 4003 1328 4064 essentiam
1377 4003 1488 4064 Dei
1540 4004 1856 4084 cognosci,
1975 4007 2352 4088 spiciuntur.
2391 4007 2545 4067 ltem
2585 4023 2779 4086 super
2818 4005 2975 4067 illud
3011 4006 3291 4082 GenesiS,
3324 4009 3465 4071 Vidi
3511 4032 3756 4084 oenmu,

368 4121 567 4183 quum
628 4099 882 4162 infinite
945 4102 1207 4163 excedat
1269 4118 1524 4163 omnem
1589 4100 1858 4165 formam
1973 4104 2315 4168 Dominum
2356 4103 2518 4166 facie
2556 4103 2634 4164 ad
2674 4102 2925 4178 faciem,
2957 4104 3045 4166 ait
3082 4104 3289 4186 glossa
3319 4107 3466 4170 Gre-
3493 4097 3561 4140 ³⁰·

367 4207 661 4262 creatam.
711 4199 839 4261 Nec
898 4198 965 4259 in
1014 4197 1117 4259 via
1177 4198 1623 4278 cognoscibilis
1682 4208 1777 4262 est
1824 4219 1861 4262 a
1890 4207 1941 4271 D
1971 4201 2130 4282 gorii
2183 4221 2196 4265 ε
2245 4201 2380 4264 Nisi
2429 4201 2619 4264 homo
2667 4201 2950 4264 divinam
2993 4203 3325 4267 veritatem
3369 4214 3466 4268 ut-

366 4297 549 4360 nobis
579 4316 695 4379 per
722 4297 1001 4379 speciem
1033 4315 1191 4378 pure
1223 4296 1690 4378 intelligibilem
1708 4319 1861 4381 quae

368 4397 446 4457 sit
486 4396 704 4477 aliqua
752 4394 1105 4458 similitudo
1148 4395 1373 4478 ipsiuS,
1418 4404 1676 4478 propter
1719 4417 1864 4461 con-

369 4494 834 4556 naturalitatem
884 4492 1243 4555 intellectus
1293 4495 1492 4556 nostri
1542 4496 1621 4557 ad
1670 4497 1865 4577 phan-

372 4600 652 4654 tasmata.
686 4592 1089 4673 Relinquitur
1117 4610 1267 4672 ergo
1298 4601 1368 4654 ut
1398 4593 1604 4655 solum
1637 4613 1863 4676 cogno-

370 4701 582 4754 scatur
624 4710 739 4773 per
782 4689 1053 4753 formam
1098 4689 1386 4754 effectus.
1432 4692 1550 4754 Sed
1595 4692 1865 4756 effectus

372 4800 466 4854 est
506 4790 767 4872 duplex,
811 4796 957 4862 etc„
1000 4796 1073 4850 ut
1114 4807 1325 4870 supra.

450 4891 610 4952 Hinc
652 4907 781 4966 non
820 4887 1107 4950 valemus
1148 4887 1211 4949 in
1255 4895 1421 4950 statu
1465 4889 1585 4953 isto
1629 4891 1866 4971 pertin-

371 5009 517 5071 gere
547 4989 625 5051 ad
663 4987 1089 5067 cognitionem
1124 4986 1234 5048 Dei
1273 4986 1396 5048 nisi
1427 4989 1585 5066 quia
1615 4997 1725 5049 est.
1751 4990 1866 5052 Ve-

372 5097 729 5151 rumtamen
771 5105 939 5147 unus
988 5084 1505 5165 cognoscentium
1550 5087 1708 5164 quia
1750 5096 1865 5157 est,

372 5186 699 5269 cognoscit
740 5183 1087 5267 perfectius
1125 5183 1250 5246 alio
1284 5201 1297 5246 :
1333 5183 1635 5264 quoniam
1678 5202 1867 5246 causa

370 5293 544 5349 tanto
576 5283 929 5370 perfectius
962 5281 1363 5364 cognoscitur
1391 5300 1507 5364 per
1534 5281 1861 5357 effectum,

1973 4317 2249 4380 cumque
2298 4298 2715 4380 conspiceret,
2754 4316 2881 4361 non
2926 4300 3188 4362 sentiret
3231 4319 3297 4362 se
3340 4321 3467 4365 non

1973 4413 2157 4480 posse
2202 4415 2342 4458 eam
2388 4397 2776 4477 conspicere.

2052 4494 2608 4578 Respondendum,
2642 4496 2812 4576 quod
2855 4494 3198 4578 dupliciter
3245 4516 3471 4579 cogno·-

1974 4593 2173 4655 scitur
2215 4592 2458 4674 aliquid
2503 4612 2515 4656 :
2560 4593 2790 4674 prim0,
2833 4593 2985 4654 dum
3035 4595 3236 4656 scitur
3277 4597 3354 4658 de
3396 4615 3472 4660 eo

1974 4711 2055 4754 an
2085 4699 2202 4768 est,
2239 4711 2350 4754 seu
2384 4690 2536 4773 quia
2573 4698 2705 4770 est;
2748 4691 3047 4766 secundo,
3082 4693 3233 4754 dum
3273 4694 3474 4757 scitur

1976 4791 2052 4853 de
2093 4807 2168 4852 eo
2210 4790 2364 4872 quid
2404 4797 2518 4852 est.
2553 4788 2647 4852 Ad
2685 4789 2805 4851 hoc
2845 4796 3056 4851 autem
3090 4792 3259 4871 quod
3295 4793 3374 4853 de
3403 4811 3470 4855 re

1976 4889 2256 4951 sciamus
2287 4888 2442 4969 quid
2472 4894 2588 4962 est,
2625 4895 2872 4968 oportet
2902 4889 3067 4968 quod
3110 4888 3470 4952 intellectus

1978 4995 2192 5049 noster
2237 4985 2479 5048 feratur
2526 4986 2590 5046 in
2651 4985 2852 5066 ipsius
2911 4986 3000 5047 rei
3051 4987 3470 5067 quidditatem

1978 5085 2113 5147 sive
2169 5085 2533 5158 essentiam,
2584 5084 2685 5146 vel
2745 5083 3130 5158 immediate,
3183 5086 3285 5146 vel
3343 5105 3473 5149 me-

1976 5183 2300 5246 diantibus
2346 5182 2667 5263 aliquibus
2710 5200 2851 5262 quae
2894 5180 3293 5245 sufficienter
3329 5184 3470 5265 ejus

1977 5280 2396 5364 quidditatem
2444 5280 2898 5343 demonstrent.
2941 5280 3310 5344 Immediate
3359 5301 3468 5348 au-
