4334 6242
810 477 931 545 306
1498 493 1559 544 m
1602 493 1821 546 unnim
1864 498 1909 545 ιι
1952 493 2434 545 Summuranum.
2478 516 2559 526 —
2599 496 2751 544 ntsr.
2792 495 2870 561 νς
2914 494 3136 554 QUAEST.
3181 495 3201 544 1
3253 465 3259 472 ⁵

812 675 937 741 tuS,
970 669 1121 749 quia
1152 670 1229 731 ad
1265 668 1465 748 ipsam
1502 668 1776 750 pertinet
1808 668 2073 730 ultimus
2108 666 2256 729 finis
2290 684 2303 727 :
2338 667 2387 729 Α
2419 666 2603 728 nobis
2636 674 2784 728 sunt.
2815 686 3002 729 causa
3043 667 3370 749 peccandi,
3403 667 3494 728 eis
3535 666 3926 738 attribuunt,

812 767 1347 848 quemadmodum
1382 766 1683 848 quaelibet
1722 766 2013 829 voluntas
2057 765 2311 827 inferio-
2419 772 2489 826 ut
2521 765 2958 837 iram,odium.
2981 766 3240 847 Propter
3269 766 3439 847 quod⁴
3469 766 3557 827 ait
3585 765 3928 846 ApuleiuS‚

810 864 899 926 ris
958 865 1300 945 regulanda
1360 872 1456 926 est
1514 865 1865 926 secundum
1917 865 2308 926 voluntatem

810 963 908 1024 sui
959 963 1329 1045 superioriS,
1365 969 1435 1024 ut
1483 961 1777 1024 voluntas
1822 962 2044 1023 militis
2092 961 2314 1024 volun-

809 1069 936 1123 tate
985 1060 1186 1123 ducis,
1220 1062 1379 1123 Hinc
1431 1060 1497 1121 in
1548 1060 1679 1122 sola
1727 1060 2051 1122 voluntate
2094 1059 2314 1121 divina

812 1159 1033 1241 nequit
1081 1178 1220 1221 esse
1273 1166 1649 1240 peccatum;
1708 1158 1771 1220 in
1828 1158 2112 1239 qualibet
2161 1175 2312 1220 vero

810 1257 1136 1319 voluntate
1188 1264 1489 1319 creaturae
1536 1264 1743 1337 potest
1790 1275 1927 1317 esse
1979 1262 2310 1337 peccatum

811 1373 888 1416 ex
932 1355 1294 1418 conditione
1338 1374 1467 1416 suae
1512 1361 1770 1416 naturae.

894 1454 1012 1517 Sed
1067 1453 1261 1534 objici
1319 1460 1525 1534 potest
1577 1470 1591 1514 :
1644 1452 1979 1535 Appetitas
2031 1470 2157 1515 non
2219 1459 2313 1514 est

815 1552 936 1614 nisi
986 1551 1139 1614 boni
1188 1551 1321 1613 veri
1370 1558 1478 1612 aut
1529 1550 1912 1632 apparentis
1957 1551 2026 1610 ln
2073 1550 2314 1630 angelis

814 1658 1026 1712 autem
1072 1667 1197 1712 non
1248 1657 1455 1730 potest
1498 1667 1637 1710 esse
1685 1648 1925 1710 bonum
1975 1667 2311 1730 apparens,

813 1747 983 1828 quod
1029 1765 1156 1809 non
1202 1747 1282 1808 sit
1323 1766 1543 1808 verum
1585 1746 1822 1808 bonum
1872 1763 1885 1807 :
1924 1746 2076 1827 quia
2115 1746 2183 1807 in
2220 1745 2314 1808 eis

2420 864 2590 944 quod
2619 863 2834 926 animo
2864 872 3014 925 sunt
3045 864 3311 946 passiva.
3334 865 3591 944 Propter
3619 864 3740 925 hoc
3769 880 3936 945 quo·

2422 980 2546 1042 que
2595 961 2763 1043 quod
2823 961 2983 1023 uniti
3045 961 3419 1043 corporibus
3480 961 3928 1043 perhibentur,

2423 1067 2636 1140 posset
2668 1058 2874 1122 forsan
2907 1058 2970 1120 in
3003 1059 3095 1122 eis
3125 1060 3291 1120 aliud
3321 1078 3518 1139 genus
3550 1059 3934 1140 cognitionis

2425 1157 2571 1238 poni
2618 1177 2811 1239 quam
2858 1156 3240 1220 intellectus
3275 1158 3516 1240 Nempe
3566 1159 3928 1220 secundum

2421 1255 2767 1328 Platonem,
2801 1256 2993 1318 etiam
3038 1257 3252 1318 anima
3297 1257 3601 1319 sensitiva
3638 1256 3932 1319 incorru-

2425 1354 2671 1436 ptibilis
2718 1363 2863 1416 est:
2898 1355 3137 1418 idcirco
3181 1363 3429 1437 oportet
3479 1355 3646 1437 quod
3695 1355 3937 1417 habeat

2425 1453 2857 1533 operationem
2899 1453 3003 1514 cui⁴
3035 1471 3160 1515 non
3203 1454 3634 1516 communicet
3668 1471 3927 1534 corpuS.

2428 1551 2502 1611 Et
2532 1551 2624 1612 sic
2665 1551 2824 1612 nihil
2869 1550 3164 1632 prohibet
3204 1552 3637 1633 operationem
3677 1551 3938 1614 sensiti-

2425 1667 2519 1710 vae
2549 1649 2777 1711 animae
2810 1648 3084 1710 inveniri
3116 1650 3179 1710 in
3209 1649 3564 1711 substantia
3591 1649 3802 1731 aliqua
3839 1650 3940 1712 iu-

2427 1745 2790 1818 tellectuali,
2827 1747 3119 1827 quamvis
3165 1747 3411 1828 corpori
3457 1765 3584 1808 non
3632 1747 3830 1818 unita,
3867 1755 3928 1808 et

813 1863 991 1907 error
1036 1863 1174 1906 esse
1225 1862 1351 1906 non
1401 1844 1590 1917 valet,
1633 1844 1733 1906 vel
1784 1843 2005 1904 saltem
2056 1843 2311 1925 culpam
2350 1847 2396 1908 B
2428 1862 2540 1924 per
2583 1861 2978 1925 consequens
3023 1844 3365 1925 passiones,
3399 1845 3635 1906 Verum
3678 1845 3934 1926 opinio·

812 1960 941 2004 non
986 1949 1191 2025 potest
1241 1942 1616 2024 praecedere.
1658 1942 1818 2022 Ergo
1870 1959 1997 2004 non
2046 1949 2314 2022 possunt

811 2049 1109 2123 appetere
1142 2040 1264 2102 nisi
1296 2040 1464 2121 quod
1499 2059 1647 2102 vere
1686 2045 1783 2102 est
1815 2039 2055 2102 bonum
2094 2057 2108 2101 ε
2142 2041 2313 2120 quod

810 2145 1109 2221 appetere
1149 2156 1277 2200 non
1316 2145 1413 2200 est
1450 2136 1789 2219 culpabile.
1825 2174 1905 2182 —
1934 2138 2309 2210 Dicendum,

811 2236 981 2318 quod
1026 2243 1359 2318 peccatum
1401 2235 1465 2297 in
1505 2244 1649 2298 actu
1691 2235 1875 2297 liberi
1913 2234 2158 2296 arbitrii
2204 2253 2313 2317 po-

810 2343 931 2397 test
980 2353 1119 2396 esse
1168 2329 1529 2416 dupliciter.
1577 2333 1806 2405 Primo,
1850 2352 1927 2394 ex
1972 2333 2091 2395 hoc
2142 2333 2309 2415 quod

810 2433 1069 2514 aliquod
1115 2432 1358 2494 malum
1402 2431 1681 2513 eligitur,
1726 2438 1795 2492 ut
1836 2431 2196 2493 adulterari.
2238 2431 2314 2493 Et

812 2531 935 2594 tale
989 2537 1320 2612 peccatum
1372 2549 1628 2612 semper
1678 2530 1963 2610 procedit
2010 2549 2087 2590 ex
2137 2530 2313 2610 igno-

811 2628 1017 2691 rantia
1044 2635 1154 2690 aut
1184 2646 1394 2691 errore
1425 2646 1438 2689 :
1468 2647 1616 2690 nam
1649 2626 1890 2689 malum
1920 2627 2041 2688 sub
2070 2628 2311 2690 ratione

812 2725 963 2788 mali
1024 2744 1425 2806 nequaquam
1487 2725 1766 2806 eligitur,
1818 2733 1881 2786 et
1937 2725 2188 2786 adulter
2244 2725 2308 2786 in

812 2823 1177 2905 particulari
1212 2824 1479 2886 errando
1516 2823 1855 2905 decipitur,
1889 2822 2182 2903 eligendo
2209 2842 2310 2884 ac-

809 2931 946 2983 tum
996 2921 1298 2982 vitiosum
1351 2921 1529 3002 quasi
1575 2920 1831 3003 aliquod
1878 2920 2116 2983 bonum
2167 2939 2310 3002 pro-

2425 1959 2539 2002 nes
2569 1941 2694 2004 illae
2735 1959 3013 2004 erroneae
3057 1950 3222 2003 sunt.

2504 2039 2598 2101 Ad
2628 2039 3012 2101 evidentiam
3047 2039 3240 2119 igitur
3269 2040 3610 2122 propositae
3639 2040 3934 2122 quaestio-

2427 2138 2548 2210 niS,
2583 2137 2912 2199 sciendum
2947 2138 3114 2219 quod
3155 2138 3321 2200 sicut
3349 2145 3448 2200 est
3484 2139 3640 2201 ordo
3670 2138 3733 2200 in
3775 2157 3930 2202 cau-

2425 2235 2514 2298 sis
2555 2236 2912 2316 agentibus,
2957 2237 3041 2297 ita
3084 2243 3146 2298 et
3193 2236 3254 2298 in
3299 2237 3508 2299 causis
3559 2237 3868 2299 finalibus
3909 2256 3926 2299 :

2427 2341 2497 2394 ut
2548 2334 2792 2396 scilicet
2841 2335 3254 2396 secundarius
3300 2334 3452 2397 finis
3497 2355 3534 2396 a
3585 2335 3930 2418 principali

2425 2432 2968 2514 dependeat,sicut
2999 2434 3437 2495 secundarium
3464 2453 3656 2514 agens
3686 2453 3723 2496 a
3752 2435 3932 2516 prin-

2425 2529 2615 2612 cipali
2659 2539 2900 2611 agente.
2935 2530 3182 2592 Accidit
3223 2539 3434 2594 autem
3479 2540 3811 2614 peccatum
3857 2533 3930 2594 in

2424 2628 2632 2690 causis
2669 2627 3027 2708 agentibus,
3061 2629 3212 2690 dum
3246 2629 3694 2692 secundarium
3727 2648 3927 2710 agens

2421 2726 2552 2786 exit.
2598 2725 2678 2787 ab
2726 2726 2947 2788 ordine
2996 2726 3369 2808 principalis
3410 2727 3653 2807 agentis
3696 2744 3710 2788 :
3753 2727 3928 2789 sicut

2423 2824 2575 2884 dum
2615 2823 2772 2885 tibia
2809 2822 2891 2885 ob
2933 2843 3114 2885 suam
3155 2825 3532 2887 curvitatem
3576 2824 3794 2887 deficit
3836 2825 3925 2887 ab

2421 2922 2827 2984 exsecutione
2859 2929 3069 2984 motus
3111 2941 3301 3004 quem
3332 2923 3536 2984 virtus
3569 2923 3928 3005 appetitiva

811 3025 951 3099 pter
1001 3016 1483 3080 delectationem
1534 3037 1864 3079 annexam.
1920 3018 2045 3079 Hoc
2092 3025 2308 3079 autem
2343 3026 2386 3089 C
2424 3019 2783 3100 imperavit,
2817 3020 3107 3101 sequitur
3137 3020 3533 3084 claudicatio.
3570 3020 3926 3084 Conformi-

810 3116 1000 3178 modo
1030 3115 1095 3176 in
1128 3115 1351 3196 angelo
1382 3123 1713 3196 peccatum
1745 3133 1883 3176 esse
1923 3133 2048 3177 non
2080 3115 2304 3196 potuit.

809 3213 1100 3276 Secundo
1143 3219 1441 3295 peccatur
1482 3232 1594 3294 per
1633 3211 1906 3274 liberum
1945 3212 2305 3286 arbitrium,

808 3311 1102 3392 eligendo
1140 3310 1384 3392 aliquid
1422 3311 1772 3373 secundum
1814 3330 1881 3372 se
1926 3310 2191 3384 bonum,
2224 3318 2310 3372 at-

809 3417 1023 3472 tamen
1070 3409 1313 3491 absque
1365 3409 1584 3471 ordine
1638 3408 1869 3471 debitae
1922 3409 2153 3491 regulae
2201 3418 2310 3473 aut

810 3527 1127 3571 mensurat
1150 3524 1164 3568 :
1191 3508 1277 3569 ita
1308 3507 1477 3589 quod
1512 3506 1796 3568 defectus
1833 3507 2089 3589 culpam
2126 3507 2308 3571 indu-

810 3625 983 3679 cenS,
1030 3605 1112 3666 sit
1160 3606 1366 3668 solum
1418 3624 1495 3666 ex
1544 3612 1722 3686 parte
1768 3604 2122 3680 electionis,
2168 3625 2309 3687 quae

812 3703 1099 3766 debitum
1148 3703 1437 3765 ordinem
1488 3720 1615 3765 non
1671 3701 1860 3764 habet
1908 3722 2026 3765 nec
2075 3712 2304 3778 servat,

810 3819 937 3864 non
968 3819 1045 3862 ex
1077 3808 1254 3883 parte
1286 3800 1374 3862 rei
1416 3800 1633 3863 electae
1667 3817 1681 3861 :
1716 3807 1785 3861 ut
1815 3801 1868 3862 si
1908 3801 2141 3883 aliquis
2173 3820 2308 3864 ora-

807 3923 876 3967 re
917 3904 1201 3985 eligeret,
1238 3922 1365 3966 non
1406 3903 1737 3964 attendens
1776 3903 1853 3964 ad
1894 3904 2181 3966 ordinem
2227 3905 2307 3968 ab

808 4001 1091 4065 Ecclesia
1120 4001 1503 4064 institutum.
1539 4001 1615 4062 Et
1652 4000 1775 4063 tale
1814 4009 2145 4083 peccatum
2180 4022 2306 4066 non

806 4100 1135 4184 praeexigit
1165 4099 1587 4181 ignorantiam
1618 4099 1683 4160 in
1715 4107 2038 4181 peccante,
2071 4101 2182 4162 sed
2214 4120 2308 4164 so-

2423 3125 2518 3178 ter
2555 3117 2621 3178 in
2661 3117 2868 3178 causis
2907 3116 3236 3191 finalibus,
3270 3138 3468 3198 quum
3510 3118 3662 3180 finis
3697 3137 3928 3181 secun-

2421 3215 2634 3277 darius
2678 3233 2804 3278 non
2849 3216 3211 3279 continetur
3253 3215 3374 3278 sub
3415 3216 3637 3278 ordine
3687 3217 3926 3298 princi-

2421 3313 2583 3395 palis
2623 3313 2798 3387 finis,
2832 3321 3162 3394 peccatum
3205 3322 3301 3375 est
3331 3314 3696 3388 voluntatiS,
3730 3315 3924 3396 cujus

2420 3410 2743 3491 objectum
2776 3419 2872 3473 est
2898 3410 3135 3473 bonum
3169 3419 3232 3473 et
3261 3411 3433 3474 finis.
3453 3412 3734 3475 —Porro
3763 3432 3922 3475 una-

2420 3527 2688 3590 quaeque
2737 3506 3027 3571 voluntas
3075 3510 3448 3572 naturaliter
3489 3510 3628 3572 vult
3674 3512 3925 3592 propri-

2421 3626 2528 3668 um
2573 3605 2813 3668 bonum
2855 3605 3148 3680 volentiS,
3181 3606 3478 3669 videlicet
3521 3607 3732 3689 ipsum
3777 3627 3922 3672 esse

2419 3703 2798 3785 perfect-um,
2832 3722 2950 3764 nec
2990 3711 3197 3785 potest
3234 3704 3399 3766 velle
3440 3705 3632 3786 hujus
3673 3715 3923 3769 contra-

2418 3801 2607 3863 rium.
2643 3801 2710 3862 In
2756 3801 2866 3862 illo
2913 3819 3063 3882 ergo
3111 3802 3364 3864 volente
3413 3803 3660 3866 nullum
3707 3813 3922 3886 potest

2417 3899 2762 3962 voluntatis
2805 3907 3137 3980 peccatum
3181 3900 3492 3976 accidere,
3539 3903 3724 3983 cujus
3770 3921 3920 3985 pro-

2419 3999 2631 4080 prium
2662 3997 2902 4060 bonum
2942 4004 3037 4060 est
3080 3997 3344 4060 ultimus
3374 3999 3549 4074 finis,
3583 4002 3751 4083 quod
3785 4021 3918 4066 non

2418 4096 2778 4158 continetur
2826 4095 2946 4157 sub
2995 4096 3216 4158 ordine
3265 4095 3417 4159 finis
3463 4098 3748 4174 alteriuS,
3780 4101 3918 4165 imo

808 4200 943 4261 lum
972 4198 1328 4261 absentiam
1359 4197 1881 4261 considerationis
1913 4216 2132 4261 eorum
2165 4219 2306 4281 quae
2337 4208 2386 4271 D
2417 4193 2537 4256 sub
2568 4194 2708 4274 ejus
2738 4195 2960 4257 ordine
2989 4212 3210 4257 omnes
3252 4192 3414 4257 fines
3443 4196 3552 4258 alii
3587 4198 3922 4260 continen-

808 4298 1037 4361 merito
1069 4297 1513 4360 consideraret.
1540 4297 1771 4378 Sicque
1803 4298 2090 4379 peccavit
2118 4317 2304 4380 ange-

808 4395 931 4468 luS‚
966 4394 1391 4457 convertendo
1420 4413 1487 4456 36
1519 4413 1632 4476 per
1664 4393 1935 4457 liberum
1966 4394 2302 4459 arbitrium

807 4494 886 4556 ad
942 4492 1271 4575 proprium
1337 4492 1580 4555 bonum
1644 4491 1885 4573 absque
1942 4493 2164 4556 ordine
2226 4495 2302 4558 ad

806 4591 1200 4654 voluntatem
1246 4590 1553 4654 divinam.
1600 4624 1678 4637 -
1721 4591 1865 4653 Haec
1913 4591 2185 4654 Thomas
2237 4592 2302 4655 in

805 4691 1087 4754 Summa.

881 4789 1148 4870 Insuper
1177 4788 1242 4850 in
1276 4788 1539 4851 Summa
1568 4795 1785 4850 contra
1814 4788 2105 4869 gentileS,
2135 4788 2302 4854 libro

798 4887 1009 4961 terti0,
1041 4885 1326 4969 capitulo
1377 4885 1726 4948 centesimo
1768 4904 1935 4948 nono
1971 4903 1984 4947 ε
2020 4887 2085 4949 Si
2130 4889 2298 4969 quis,

800 4987 1031 5069 inquit,
1055 4984 1237 5068 sequi
1267 4984 1459 5048 vellet
1489 4983 1861 5059 PlatonicOS,
1897 4983 2104 5047 facilis
2136 4994 2302 5049 esset

798 5083 1148 5166 responsio,
1185 5083 1419 5145 Dicunt
1448 5082 1619 5144 enim
1654 5082 1972 5146 daemones
2002 5101 2141 5145 esse
2172 5084 2303 5145 ani-

802 5181 993 5244 malia
1042 5199 1307 5263 corpore
1354 5180 1524 5243 aeria
1563 5196 1577 5242 ε
1614 5179 1833 5262 sicque
1880 5189 2048 5242 esset
2095 5181 2162 5242 in
2208 5179 2300 5244 eis

802 5299 949 5366 pars
992 5279 1313 5343 sensitiva.
1352 5279 1525 5342 Unde
1568 5286 1631 5340 et
1673 5279 1998 5361 passiones
2047 5298 2190 5362 quae
2233 5279 2298 5342 in

2415 4301 2538 4355 tur.
2573 4292 2868 4374 Talisque
2911 4292 3128 4355 volens
3169 4300 3266 4354 est
3306 4294 3495 4369 DeuS,
3541 4295 3725 4377 cujus
3771 4315 3918 4361 esse

2415 4399 2511 4454 est
2552 4392 2803 4455 bonitas
2851 4411 3124 4466 summa,
3159 4411 3300 4474 quae
3343 4399 3438 4454 est
3481 4395 3770 4456 omnium
3817 4397 3918 4459 ul-

2415 4491 2611 4552 timus
2655 4490 2827 4552 finis.
2867 4491 2934 4552 In
2983 4491 3158 4553 omni
3207 4498 3419 4553 autem
3469 4491 3594 4554 alio
3631 4493 3910 4569 volente,

2415 4589 2600 4669 cujus
2651 4589 2981 4671 proprium
3039 4589 3277 4652 bonum
3327 4608 3587 4652 necesse
3638 4599 3734 4652 est
3785 4593 3914 4654 sub

2413 4688 2674 4749 alterius
2704 4687 2854 4749 boni
2894 4687 3114 4750 ordine
3156 4687 3491 4762 contineri,
3526 4696 3731 4769 potest
3759 4709 3915 4771 pec—

2413 4793 2623 4848 catum
2682 4785 2968 4847 accidere
3023 4785 3388 4860 voluntatiS,
3438 4786 3492 4848 si
3551 4788 3910 4852 secundum

2414 4883 2734 4966 propriam
2783 4883 3218 4945 consideretur
3259 4891 3569 4946 naturam.
3605 4885 3912 4958 Quamvis

2411 4982 2582 5044 enim
2639 4982 2943 5044 naturalis
2992 4981 3320 5044 inclinatio
3367 4983 3714 5045 voluntatis
3766 4985 3911 5046 uni-

2412 5080 2642 5162 cuique
2693 5080 2844 5142 insit
2890 5079 3149 5152 volenti,
3195 5079 3272 5142 ad
3321 5079 3664 5142 volendum
3715 5090 3910 5164 atque

2411 5178 2755 5241 amandum
2786 5177 2883 5240 sui
2917 5178 3118 5259 ipsius
3149 5178 3630 5259 perfectionem,
3661 5198 3790 5243 non
3822 5188 3916 5243 ta-

2415 5295 2564 5340 men
2596 5276 2967 5340 naturaliter
2995 5276 3054 5338 ei
3083 5284 3179 5338 est
3217 5274 3493 5338 inditum
3524 5285 3594 5339 ut
3622 5277 3714 5340 sic
3743 5279 3914 5343 ordi·
