4334 6242
687 490 771 535 AN
811 491 1038 537 COELUM
1080 492 1409 538 EMPYREUM
1452 491 1615 536 AGAT
1659 490 1721 536 IN
1764 490 1929 547 ALIA,
1974 489 2328 537 rnAEsnuTm
2370 488 2432 535 m
2476 488 2748 536 CORPORA
2792 490 3118 536 INFEmonA

3338 471 3456 537 159

344 657 707 723 nobilitatis
752 668 817 723 et
860 660 1363 724 conformitatis?
1403 661 1531 724 Hoc
1581 678 1697 723 nee
1745 679 1851 722 au·
1879 661 1930 723 A
1960 658 2155 721 ribus
2191 660 2423 722 Verum
2470 668 2539 722 ut
2581 660 2669 723 ait
2710 660 3128 741 Philosophus
3175 659 3241 721 in
3293 658 3456 721 libro

342 758 641 821 ctoritate
672 780 789 822 nec
822 760 1064 823 ratione
1102 760 1375 822 faciliter
1414 767 1621 842 potest
1650 758 1849 821 revel-

345 854 408 916 li.
454 856 718 931 RursuS,
761 878 879 921 nec
922 859 1082 921 ratio
1124 858 1355 921 efficax
1396 877 1603 941 neque
1645 864 1851 920 aucto-

342 954 507 1016 ritas
552 957 769 1037 pandit
808 977 951 1039 quae
989 957 1071 1020 sit
1109 958 1453 1020 necessitas
1498 956 1849 1019 influen'tiae

342 1052 567 1133 hujus,
610 1056 961 1136 praesert-im
1006 1076 1204 1138 quum
1255 1062 1609 1118 ceterorum
1660 1054 1846 1117 influ-

342 1152 525 1213 entia
554 1171 892 1235 corporum
922 1154 1214 1218 videatur
1250 1153 1571 1217 sufficere.
1604 1153 1847 1216 Idcirco

345 1249 407 1311 in
454 1260 748 1313 neutram
787 1260 1033 1334 partem
1072 1252 1470 1326 declinand0‚
1504 1253 1845 1315 dicendum

344 1348 626 1423 videtur,
659 1351 826 1431 quod
856 1370 1058 1433 quum
1090 1352 1324 1413 coelum
1355 1370 1727 1434 empyreum
1765 1350 1847 1411 sit

347 1447 635 1527 primum
682 1458 963 1512 creatum
1016 1450 1181 1512 inter
1226 1468 1510 1533 corpora,
1544 1457 1607 1512 et
1650 1450 1843 1511 maxi-

346 1565 529 1609 mum
572 1547 738 1609 mole
767 1568 839 1610 ac
872 1549 1105 1611 virtute
1139 1566 1153 1611 ε
1187 1550 1338 1632 quia
1367 1556 1462 1610 est
1495 1548 1844 1611 maximum

346 1645 538 1719 mole,
563 1646 781 1709 omnia
809 1647 1161 1729 corporalia
1190 1648 1355 1710 locat
1386 1666 1500 1729 per
1529 1645 1843 1709 ambitum

344 1751 405 1805 et
468 1745 961 1831 continentiam;
1010 1756 1073 1809 et
1130 1746 1431 1829 quoniam
1493 1745 1842 1808 maximum

1960 759 2036 820 de
2083 757 2449 821 Substantia
2497 757 2690 832 orbiS,
2733 766 2795 821 et
2844 759 2996 821 item
3040 757 3317 833 BoetiuS,
3358 776 3459 819 ac-

1958 857 2049 919 tio
2089 857 2334 937 agentis
2379 875 2506 919 non
2546 865 2643 919 est
2683 857 3036 919 seeundum
3083 863 3458 939 potestatem

1958 956 2204 1035 agentis
2236 962 2503 1030 tantum,
2537 956 2646 1017 sed
2679 954 2872 1016 etiam
2903 956 3255 1018 secundum
3287 962 3461 1037 pote-

1959 1060 2187 1116 statem
2235 1061 2298 1115 et
2347 1053 2831 1135 dispositionem
2882 1053 3269 1135 recipientis,
3317 1054 3460 1116 Pro-

1959 1160 2100 1232 pter
2144 1152 2288 1225 hoc,
2333 1171 2534 1233 quum
2583 1152 2916 1215 inferiores
2959 1152 3103 1215 coeli
3155 1170 3284 1215 non
3333 1151 3461 1214 sint

1957 1270 2137 1333 aeque
2177 1250 2424 1313 nobiles
2465 1269 2611 1312 eum
2649 1250 2810 1314 coelo
2847 1268 3169 1334 empyreo,
3205 1269 3329 1313 non
3373 1252 3460 1313 ita

1960 1349 2366 1412 uniformiter
2427 1350 2787 1431 suscipiunt
2854 1350 3070 1412 lumen
3133 1350 3298 1412 sicut
3357 1350 3454 1412 in-

1958 1447 2107 1509 fluit
2150 1448 2263 1509 eiS.

2035 1547 2104 1608 In
2136 1546 2237 1608 his
2268 1545 2481 1609 verbis
2517 1546 2752 1609 fatetur
2779 1547 3097 1621 AlbertuS,
3131 1549 3300 1631 quod
3331 1567 3455 1612 coe-

1957 1646 2090 1707 lum
2130 1664 2505 1728 empyreum
2549 1645 2766 1708 influit
2798 1646 3209 1710 inferioribus
3251 1649 3450 1723 coelis,

1957 1745 2309 1827 praesertim
2374 1745 2666 1825 proximo
2729 1745 2852 1807 sibi
2913 1746 3094 1819 coe10,
3157 1747 3451 1819 formam,

343 1851 434 1903 est
472 1843 729 1917 virtute,
756 1852 964 1907 cetera
995 1852 1243 1925 vegetat
1272 1853 1335 1906 et
1366 1852 1695 1907 conservat.
1730 1864 1846 1926 per
1878 1846 1925 1907 B
1958 1843 2257 1905 virtutem
2319 1852 2380 1905 et
2434 1843 2668 1905 lumen.
2723 1844 2988 1906 Videtur
3037 1862 3292 1927 quoque
3349 1846 3455 1908 hic

344 1960 527 2002 suam
568 1941 994 2004 influentiam.
1032 1943 1391 2006 Omittendo
1424 1944 1617 2024 igitur
1652 1942 1842 2004 influ-

344 2038 580 2101 entiam
622 2059 815 2122 quam
855 2040 1088 2103 habere
1124 2041 1358 2103 dicitur
1396 2060 1588 2123 super
1627 2058 1845 2123 corpo-

344 2156 411 2198 ra
439 2136 744 2211 humana,
778 2138 1079 2201 sustineri
1113 2148 1339 2221 potest,
1364 2140 1531 2222 quod
1562 2139 1841 2221 aliquam

344 2235 573 2299 habeat
632 2237 1035 2300 influentiam
1086 2246 1149 2300 et
1196 2237 1474 2319 aliquem
1534 2238 1841 2300 effectum

344 2352 535 2415 super
566 2352 835 2416 corpora
864 2335 1185 2409 inferiora,
1220 2344 1520 2417 tanquam
1560 2337 1841 2418 primum

345 2440 673 2496 causatum
715 2452 1090 2516 corporeum
1134 2454 1327 2516 super
1368 2435 1699 2517 sequentia
1733 2452 1747 2497 :
1781 2443 1843 2497 et

344 2532 619 2594 rationes
669 2533 747 2594 ad
798 2533 917 2594 hoc
968 2533 1263 2607 inductae,
1307 2541 1457 2595 sunt
1498 2535 1844 2596 eonceden-

344 2629 457 2692 dae.
489 2665 575 2675 —
602 2629 745 2692 Haec
788 2630 1245 2692 Bonaventura.

422 2728 511 2789 De
562 2727 681 2789 hac
738 2746 806 2790 re
858 2728 1136 2791 breviter
1182 2737 1246 2791 et
1293 2728 1561 2791 obscure
1621 2729 1841 2792 scribit

344 2825 661 2888 AlbertuS.
682 2826 923 2909 Nempe
955 2826 1019 2888 in
1051 2828 1328 2891 Summae
1358 2828 1636 2890 secunda
1667 2836 1842 2910 parte

345 2925 435 2987 sic
482 2925 695 3006 arguit
746 2946 761 2990 :
815 2926 1180 2989 Secundum
1229 2927 1519 2990 ordinem
1579 2935 1838 3002 naturae,

1956 1941 2304 2016 insinuare,
2349 1943 2517 2023 quod
2557 1942 2791 2005 coelum
2841 1942 3161 2005 stellatum
3213 1944 3296 2006 sit
3336 1962 3457 2007 coe-

1957 2039 2017 2101 lo
2054 2058 2358 2122 empyreo
2398 2040 2783 2122 proximum,
2817 2059 3182 2123 quanquam
3221 2050 3348 2104 tam
3389 2044 3452 2104 in

1956 2138 2219 2200 Summa
2250 2157 2440 2219 quam
2473 2138 2626 2201 alibi
2666 2138 2834 2200 dicat
2873 2139 3107 2201 coelum
3151 2141 3459 2222 crystalli-

1955 2256 2110 2298 num
2173 2256 2284 2298 seu
2344 2255 2576 2299 nonam
2640 2238 2951 2318 sphaeram
3010 2238 3111 2301 vel
3173 2240 3454 2320 primum

1955 2333 2194 2397 mobile
2244 2335 2408 2397 inter
2455 2336 2590 2398 haec
2642 2336 2936 2398 mediare.
2981 2336 3108 2399 Nec
3157 2338 3454 2401 Albertus

1953 2433 2091 2495 vult-
2141 2433 2374 2507 dicere,
2427 2435 2594 2515 quod
2645 2434 2880 2497 coelum
2937 2454 3314 2518 empyreum
3364 2437 3457 2499 in-

1952 2532 2113 2594 fluat
2152 2532 2346 2594 alicui
2390 2533 2552 2595 coelo
2590 2532 2860 2596 formam
2904 2534 3407 2599 substantialem.

2034 2630 2200 2693 Dicit
2232 2650 2450 2693 rursus
2475 2631 2562 2710 [in
2596 2631 2758 2694 libro
2789 2632 2866 2693 de
2897 2632 2972 2694 IV
3004 2633 3449 2716 Coaequaevis]:

1952 2729 2120 2791 Bene
2165 2730 2426 2791 concedi
2480 2737 2706 2811 potest,
2740 2731 2910 2811 quod
2956 2731 3189 2793 coelum
3239 2750 3455 2816 empy-

1953 2846 2133 2890 reum
2168 2827 2592 2891 innovabitur.
2619 2828 2695 2891 Et
2723 2829 2898 2891 addit
2933 2846 2946 2889 :
2982 2829 3306 2893 Sententia
3335 2830 3455 2894 ista

1953 2928 2029 2988 de
2062 2927 2224 2989 coelo
2255 2945 2576 3010 empyreO,
2602 2927 2771 3010 quod
2803 2928 2885 2989 sit
2916 2927 3234 2991 uniforme
3264 2936 3454 3012 atque

345 3024 625 3103 primum
672 3030 735 3085 et
776 3043 1149 3105 supremum
1199 3025 1602 3088 influentiam
1651 3025 1843 3088 hahet
1872 3029 1915 3093 C
1954 3024 2307 3098 immobile,
2360 3023 2481 3086 sub
2530 3024 2831 3106 opinione
2881 3034 2996 3099 est,
3050 3043 3179 3088 non
3225 3027 3304 3089 de
3352 3027 3453 3089 his

344 3140 537 3204 super
587 3122 908 3185 inferiora.
964 3124 1039 3185 Et
1087 3125 1253 3187 sicut
1300 3125 1388 3187 ait
1436 3126 1715 3187 secundo
1763 3126 1840 3188 de

347 3218 763 3283 Generatione
794 3221 1236 3304 PhilosophuS,
1263 3222 1431 3285 idem
1462 3223 1684 3285 eodem
1717 3242 1844 3285 mo-

344 3317 425 3379 do
462 3337 531 3379 se
573 3319 838 3393 habenS,
872 3338 1128 3401 semper
1166 3320 1319 3381 facit
1361 3320 1549 3382 idem.
1587 3320 1651 3383 Si
1692 3340 1840 3403 ergo

346 3416 578 3478 coelum
626 3406 1002 3500 empyreum
1044 3423 1140 3479 est
1183 3416 1501 3481 uniforme
1546 3420 1609 3480 in
1655 3418 1839 3481 lumi-

344 3533 443 3587 ne,
478 3516 837 3577 secundum
878 3516 1133 3589 coelum,
1169 3516 1271 3577 cui
1314 3515 1531 3579 influit
1569 3516 1839 3580 formam

342 3620 529 3693 atque
576 3614 903 3687 virtutem,
936 3614 1057 3679 erit
1101 3615 1417 3677 uniforme
1463 3615 1526 3677 in
1573 3615 1833 3677 lumine.

346 3710 461 3773 Sed
510 3712 635 3773 hoc
679 3719 775 3774 est
816 3712 1048 3775 falsum
1085 3730 1098 3774 :
1133 3712 1284 3795 quia
1324 3714 1676 3775 secundum
1719 3732 1841 3777 coe-

346 3808 475 3871 lum
542 3819 639 3872 est
703 3809 1205 3883 firmamentum,
1269 3811 1438 3893 quod
1501 3819 1595 3872 est
1656 3812 1839 3874 valde

344 3907 643 3971 difforme
688 3909 753 3970 in
800 3908 1061 3982 lumine,
1098 3916 1167 3969 ut
1206 3915 1377 3990 patet
1418 3909 1484 3969 in
1526 3908 1840 3973 difformi-

346 4011 467 4067 tate
494 4006 846 4077 stellarum,
880 4006 947 4067 in
988 4004 1275 4087 partibus
1305 4006 1497 4068 etiam
1530 4007 1672 4070 coeli
1710 4026 1836 4072 non

346 4103 625 4166 stellatis.
661 4140 742 4149 —
770 4104 863 4165 Ad
910 4103 1074 4165 istud
1122 4105 1462 4186 respondet
1506 4124 1519 4168 :
1563 4105 1699 4168 Non
1742 4116 1838 4169 est

1954 3142 2095 3205 quae
2133 3124 2314 3204 ponit
2352 3122 2533 3184 fides.
2569 3123 2930 3205 Philosophi
2976 3142 3129 3186 vero
3171 3143 3297 3187 non
3343 3143 3453 3207 po-

1952 3230 2114 3284 nunt
2158 3221 2396 3302 ipsum,
2427 3219 2578 3302 quia
2622 3220 2816 3283 locuti
2860 3231 3010 3284 sunt
3051 3223 3128 3284 de
3168 3224 3452 3305 superio-

1951 3318 2130 3381 ribus
2174 3327 2483 3400 quantum
2529 3338 2606 3381 ex
2652 3338 2843 3381 sensu
2888 3321 3311 3401 cognoscitur,
3343 3330 3452 3383 aut

1951 3418 2304 3479 secundum
2345 3417 2864 3499 consequentiam
2910 3418 3190 3481 rationiS.
3237 3419 3312 3481 Et
3355 3438 3448 3483 se-

1952 3515 2230 3577 cundum
2285 3534 2544 3577 sensum
2593 3522 2902 3596 apparent
2945 3516 3129 3579 nobis
3172 3524 3448 3580 tantum-

1952 3614 2139 3675 modo
2186 3621 2329 3676 octo
2387 3612 2666 3695 sphaerae.
2720 3614 2897 3676 Nona
2944 3632 3094 3677 vero
3144 3615 3450 3697 probatur

1949 3712 2301 3772 secundum
2337 3711 2857 3792 consequentiam
2889 3712 3168 3775 rationis,
3191 3715 3448 3777 Decima

1949 3827 2120 3882 vero,
2163 3828 2304 3892 quae
2352 3810 2612 3891 ponitur
2662 3808 3036 3884 immobiliS,
3089 3832 3205 3874 nec
3254 3833 3446 3876 sensu

1949 3926 2066 3969 nec
2124 3907 2272 3970 forti
2331 3907 2572 3970 ratione
2633 3908 3090 3971 manifestatur.
3143 3910 3285 3973 Haec
3343 3913 3445 3975 Al-

1949 4004 2187 4067 bertus.

2026 4104 2106 4165 At
2135 4122 2286 4166 vero
2325 4104 2596 4166 Thomas
2639 4104 2705 4165 in
2745 4105 2846 4167 his
2886 4105 3070 4169 aliter
3111 4107 3390 4171 sentiens
3427 4129 3441 4173 :

346 4220 593 4285 semper
638 4221 886 4277 verum,
938 4204 1108 4283 quod
1158 4203 1323 4265 idem
1375 4204 1598 4266 eodem
1650 4206 1837 4269 modo
1868 4211 1916 4272 D
1948 4200 2190 4264 Coelum
2231 4200 2496 4282 (inquit)
2533 4220 2910 4285 empyreum
2963 4203 3203 4266 nullam
3254 4224 3448 4287 super

346 4318 411 4361 se
441 4299 701 4374 habens,
734 4320 989 4383 semper
1026 4299 1179 4362 facit
1212 4300 1400 4376 idem,
1436 4302 1557 4364 nisi
1589 4310 1653 4364 et
1683 4304 1837 4365 reei-

344 4398 519 4478 piens
560 4400 751 4461 etiam
792 4401 1018 4462 eodem
1063 4399 1251 4461 modo
1290 4418 1357 4461 se
1394 4400 1640 4463 habeat.
1675 4402 1834 4465 Hinc

342 4497 631 4577 quamvis
682 4495 989 4571 dicamuS,
1042 4498 1210 4581 quod
1270 4497 1550 4580 primum
1600 4500 1833 4563 coelum

343 4592 553 4657 influit
592 4614 787 4677 super
825 4597 1199 4669 secundum,
1234 4615 1363 4659 non
1400 4604 1611 4659 tamen
1650 4616 1833 4681 opor-

345 4698 429 4753 tet
472 4694 645 4775 quod
692 4695 1045 4758 secundum
1093 4697 1175 4758 sit
1221 4695 1542 4759 uniforme
1594 4705 1662 4757 ut
1708 4699 1834 4780 pri-

342 4810 535 4866 mum,
569 4792 721 4873 quia
750 4792 1101 4854 secundum
1135 4812 1259 4855 non
1292 4814 1359 4856 se
1390 4792 1583 4857 habet
1609 4795 1831 4858 eodem

341 4892 522 4954 modo
563 4890 629 4952 in
671 4889 1036 4971 recipiendo
1070 4910 1083 4953 :
1120 4910 1265 4951 nam
1308 4892 1371 4952 in
1417 4894 1689 4975 quadam
1733 4895 1831 4955 sui

342 4998 509 5068 parte
554 4989 952 5071 receptivum
995 4996 1091 5050 est
1131 4987 1417 5065 luminis,
1452 4992 1516 5053 in
1559 4992 1829 5073 quadam

342 5103 483 5147 non.
533 5088 677 5151 Haec
727 5088 793 5149 in
843 5088 1122 5149 Summa.
1176 5120 1256 5131 —
1302 5088 1492 5150 Porro
1544 5088 1708 5151 libro
1756 5090 1833 5151 de

344 5181 419 5241 lv
470 5182 850 5265 Coaequaevis
904 5187 1197 5248 eamdem
1255 5185 1681 5267 objectionem
1740 5187 1834 5249 sic

346 5278 530 5342 solvit
564 5300 579 5344 :
622 5280 869 5345 Coelum
910 5302 1286 5367 empyreum
1328 5282 1544 5346 influit
1581 5284 1836 5348 inferio-

1945 4299 2071 4361 alia
2108 4317 2372 4382 corpora
2412 4299 2816 4364 influentiam
2857 4301 3048 4365 habet
3083 4322 3225 4385 quae
3264 4305 3446 4368 ratio-

1946 4397 2246 4461 nabiliter
2294 4399 2444 4482 poni
2494 4400 2712 4481 possit.
2747 4400 2884 4463 Non
2924 4401 3096 4463 enim
3145 4402 3445 4484 ponimus

1946 4515 2177 4579 corpus
2221 4497 2476 4581 aliquod
2528 4497 2933 4562 influentiam
2979 4499 3209 4563 habere
3253 4522 3446 4585 super

1944 4594 2117 4658 aliud
2150 4596 2274 4658 nisi
2306 4614 2420 4679 per
2449 4604 2716 4672 motum,
2746 4598 3049 4679 quoniam
3082 4607 3150 4660 ut
3182 4599 3246 4661 in
3280 4600 3442 4664 libro

1944 4697 2021 4758 de
2071 4694 2291 4757 Causis
2336 4696 2662 4770 asseritur,
2705 4697 2896 4759 etiam
2947 4697 3158 4759 anima
3205 4698 3269 4759 in
3318 4698 3440 4762 hoe

1941 4793 2022 4855 ab
2054 4793 2476 4874 intelligentia
2505 4794 2746 4869 deficit,
2779 4793 2929 4877 quia
2958 4811 3084 4856 non
3125 4794 3438 4877 imprimit

1944 4892 2009 4953 in
2040 4911 2139 4953 res
2170 4891 2294 4954 nisi
2334 4893 2644 4955 movendo
2674 4912 2778 4955 eas
2813 4912 2828 4955 ε
2865 4892 3191 4973 multoque
3221 4894 3434 4957 minus

1943 5007 2196 5071 corpuS.
2249 4989 2508 5052 Nullum
2561 5008 2711 5052 vero
2759 5008 2988 5071 corpus
3048 4999 3259 5053 movet
3309 4992 3434 5054 nisi

1946 5096 2213 5162 motum,
2281 5096 2349 5147 ut
2411 5086 2681 5168 probant
2746 5087 3128 5170 philosophi.
3191 5088 3433 5152 Coeium

1945 5203 2223 5268 namque
2264 5204 2377 5267 per
2417 5191 2662 5247 motum
2703 5204 2892 5247 suum
2933 5194 3147 5248 causat
3183 5205 3438 5267 genera-

1950 5284 2189 5346 tionem
2233 5291 2296 5345 et
2337 5281 2810 5364 corruptionem
2855 5282 2919 5344 in
2969 5283 3379 5349 inferioribus
3417 5304 3433 5353 z
