4334 6242
519 1069 766 1118 Manlum,

523 1564 694 1621 Ephes.
709 1575 768 1614 m,

501 1631 613 1671 840.

785 473 906 537 562

1451 491 1516 537 m
1555 491 1777 537 uelum
1819 490 1862 536 11
1903 487 2384 536 SENTENTIARUR.
2430 504 2512 515 —
2551 487 2703 533 DIST.
2744 487 2847 548 x13
2892 485 3116 541 QUAEST.
3161 485 3225 532 vl

788 669 976 737 sunt3
1017 660 1126 723 sed
1177 660 1255 723 de
1299 660 1535 723 divinis
1582 660 1943 743 superiores
1991 658 2072 722 ab
2124 657 2282 721 infe·
2310 659 2361 722 A
2390 677 2514 731 am,
2569 675 2697 720 non
2746 664 2959 719 tamen
3006 676 3075 719 se
3126 661 3473 738 potuerunt
3521 652 3588 716 in
3637 659 3887 716 tantum

789 757 1068 821 rioribus
1107 777 1436 841 nunquam
1480 758 1940 820 illuminantur.
1976 757 2285 830 Quemad—

791 857 1048 920 modum
1075 875 1224 919 vero
1253 856 1585 920 inferiores
1614 856 1822 937 angeli
1855 854 2284 938 superioribus

795 955 1176 1030 subduntur,
1219 956 1310 1018 sic
1356 956 1640 1039 supremi
1682 955 1974 1018 homines
2013 954 2287 1017 viatores

796 1053 1040 1116 infimis
1068 1053 1460 1135 angelorum,
1480 1054 1660 1135 juxta
1692 1054 1848 1116 illud
1884 1073 1897 1117 :
1933 1053 2049 1127 Qui
2080 1053 2291 1115 minor

793 1152 984 1216 estin
1020 1171 1214 1233 regno
1247 1152 1576 1228 coelorum,
1612 1153 1816 1234 major
1843 1160 1940 1214 est
1971 1152 2102 1224 illo,
2136 1159 2288 1234 puta

791 1251 1028 1313 Ioanne
1065 1251 1346 1332 Baptista
1385 1259 1454 1312 ut
1487 1253 1745 1314 viatore.
1779 1251 1940 1312 Hinc
1979 1251 2056 1312 de
2096 1249 2289 1312 rebus

795 1349 1054 1423 divinis,
1091 1357 1160 1411 ut
1202 1349 1280 1410 de
1325 1351 1627 1432 mysterio
1672 1349 2148 1423 iucarnationiS‚
2182 1367 2289 1411 an-

795 1446 918 1527 geli
951 1447 1032 1510 ab
1063 1447 1432 1510 hominibus
1464 1466 1788 1529 nunquam
1823 1447 2285 1509 illuminantur.

795 1579 877 1590 —
911 1546 1087 1620 Quod
1133 1554 1348 1608 autem
1397 1546 1736 1628 Apostolus
1787 1544 2090 1627 loquitur,
2135 1545 2289 1607 Mihi

795 1644 1084 1707 omnium
1130 1652 1494 1707 sanctorum
1535 1644 1803 1706 minimo
1841 1643 1983 1705 data
2026 1650 2122 1704 est
2157 1661 2292 1722 gra-

796 1742 886 1803 tia
915 1742 1070 1816 haec,
1106 1741 1470 1804 illuminare
1505 1759 1726 1804 omnes
1757 1761 1898 1823 quae
1929 1741 2012 1802 sit
2041 1741 2293 1823 dispen-

2393 757 2751 838 disponere,
2785 762 3096 837 quantum
3127 756 3206 817 de
3234 753 3436 835 gratia
3465 751 3751 834 recipere
3778 769 3891 834 po-

2394 854 2667 916 tuissent
2708 873 2722 917 :
2771 853 2914 916 ideo
2961 853 3255 935 quamvis
3300 869 3521 915 eorum
3572 849 3891 932 capacitas

2358 953 2479 1014 ‘sit
2509 952 2749 1034 repleta
2789 970 2902 1034 per
2933 950 3475 1034 comparationem
3509 949 3589 1011 ad
3624 947 3893 1030 disposi-

2395 1053 2635 1114 tionem
2681 1071 2823 1133 quae
2867 1051 3075 1133 potuit
3117 1051 3183 1112 in
3226 1049 3320 1112 eis
3362 1067 3500 1111 esse
3544 1066 3659 1131 per
3698 1066 3889 1112 suum

2398 1151 2701 1223 activum,
2753 1167 2881 1212 non
2930 1157 3142 1212 tamen
3190 1167 3305 1230 per
3352 1146 3891 1229 comparationem

2400 1249 2478 1310 ad
2535 1247 3091 1331 receptibilitatem
3151 1266 3294 1329 quae
3350 1254 3447 1309 est
3503 1246 3571 1308 in
3628 1244 3723 1308 eis
3780 1263 3896 1327 per

2402 1367 2587 1410 suum
2620 1346 2927 1429 possibile
2955 1347 3057 1409 vel
3088 1346 3436 1429 passivum.
3456 1346 3645 1408 Porro
3674 1345 3742 1406 in
3770 1344 3899 1406 ani·

2402 1465 2506 1507 ma
2542 1445 2775 1508 Christi
2814 1453 2879 1507 et
2915 1445 2981 1507 in
3020 1445 3235 1507 anima
3262 1443 3543 1524 Virginis
3581 1442 3891 1525 gloriosae,

2400 1551 2648 1606 tantum
2689 1551 2786 1605 est
2826 1544 2903 1605 de
2942 1542 3163 1624 gratia,
3199 1549 3508 1624 quantum
3553 1559 3669 1623 per
3708 1560 3895 1603 suum

2402 1641 2705 1723 possibile
2747 1640 3036 1704 absolute
3078 1640 3361 1722 recipere
3404 1645 3771 1722 potuerunt,
3813 1639 3898 1701 ita

2401 1740 2569 1822 quod
2602 1741 2767 1802 Deus
2797 1740 2863 1801 in
2896 1739 3025 1801 illis
3052 1738 3386 1801 animabus
3418 1757 3545 1800 non
3576 1737 3724 1820 plus
3755 1755 3895 1819 pos-

798 1840 959 1901 satio
1006 1839 1384 1902 sacramenti
1436 1839 1790 1902 absconditi
1841 1858 1876 1900 a
1924 1838 2175 1902 saeculis
2225 1838 2291 1900 in
2326 1840 2375 1902 B
2401 1845 2497 1900 set
2526 1855 2763 1920 ponere
2794 1838 2871 1901 de
2898 1837 3102 1918 gratia
3138 1855 3347 1919 neque
3386 1837 3467 1900 de
3497 1835 3719 1918 gloria.
3752 1836 3895 1898 Haec

797 1938 945 2011 Deo,
988 1939 1380 2019 Augustinus
1423 1938 1684 2020 exponit
1721 1938 1813 2000 sic
1847 1957 1862 2000 :
1897 1936 2289 2010 Absconditi,

797 2036 1082 2118 inquam,
1127 2045 1196 2099 ut
1245 2045 1456 2098 tamen
1501 2036 1852 2098 innotescat
1890 2035 2293 2117 Principibus

735 2138 740 2144 '
793 2143 858 2196 et
903 2136 1322 2198 Potestatibus
1381 2136 1446 2197 in
1497 2135 1862 2198 coelestibus
1921 2153 2036 2215 per
2083 2133 2296 2196 Eccle-

794 2234 955 2296 siam
1003 2233 1416 2296 multiformis
1455 2232 1770 2315 sapientia
1812 2233 1942 2296 Dei.
1975 2232 2163 2305 Quasi
2204 2231 2295 2293 di-

797 2342 895 2395 cat
928 2353 942 2397 ε
977 2334 1068 2395 lta
1110 2333 1230 2395 hoc
1276 2340 1744 2394 sacramentum
1795 2331 1920 2394 fuit
1960 2331 2293 2395 abscondi-

794 2439 934 2494 tum
965 2430 1347 2504 hominibuS‚
1363 2438 1435 2492 ut
1457 2438 1671 2492 tamen
1703 2430 1945 2494 coelesti
1974 2429 2289 2504 Ecclesiae,

798 2549 940 2612 quae
979 2530 1340 2593 continetur
1381 2531 1445 2592 in
1486 2529 1890 2611 Principibus
1928 2537 1990 2592 et
2019 2530 2292 2592 Potesta-

795 2627 990 2702 tibus,
1047 2635 1268 2690 notum
1327 2636 1512 2690 esset..
1565 2629 1772 2690 Potest
1828 2647 2081 2710 quoque
2140 2629 2290 2702 dici,

797 2727 966 2808 quod
1029 2727 1092 2789 id
1151 2727 1320 2808 quod
1379 2726 1824 2789 absconditum
1880 2735 1976 2790 est
2027 2727 2093 2789 in
2140 2729 2289 2802 Deo,

799 2843 923 2888 non
957 2832 1201 2888 tantum
1235 2825 1575 2887 innotescit
1603 2825 1842 2906 angelis
1873 2827 2167 2909 desuper,
2183 2827 2294 2890 sed

797 2923 990 2985 etiam
1027 2930 1291 3004 apparet
1320 2923 1474 2985 dum
1505 2924 1798 3006 expletur
1831 2943 1945 3006 per
1976 2925 2289 2988 homines.

799 3023 944 3084 Haec
985 3021 1253 3083 Thomas
1299 3021 1363 3083 in
1409 3021 1688 3084 Summa.

879 3121 1052 3183 Idem
1102 3121 1358 3199 Petrus3
1399 3129 1462 3182 et
1509 3121 1684 3183 addit
1723 3138 1738 3183 :
1786 3121 1965 3185 Circa
2007 3124 2293 3185 lucarna-

798 3219 1038 3282 tionem
1066 3227 1164 3281 est
1191 3219 1590 3282 considerare
1622 3221 2010 3283 conditiones
2039 3239 2297 3302 genera-

803 3320 892 3381 les
922 3337 999 3380 ex
1045 3317 1260 3380 divina
1297 3319 1694 3400 providentia
1726 3317 2193 3402 dependentes3
2225 3328 2297 3382 ut

802 3417 1122 3481 Christum
1162 3417 1242 3479 de
1271 3417 1516 3498 virgine
1557 3419 2040 3494 incarnandum,
2076 3438 2297 3501 passu-

803 3535 968 3591 rum,
1001 3524 1119 3578 etc.
1159 3533 1173 3578 :
1205 3523 1270 3578 et
1301 3515 1435 3579 haec
1474 3516 1680 3597 angeli
1715 3535 1938 3580 omnes
1969 3518 2298 3600 praescive·

804 3623 971 3677 runt.
992 3615 1146 3677 Item
1177 3623 1274 3676 est
1303 3614 1702 3677 considerare
1733 3616 2126 3679 conditiones
2157 3635 2297 3698 spe-

803 3713 996 3776 ciales
1043 3731 1121 3775 ex
1171 3713 1372 3775 libero
1422 3713 1686 3776 arbitrio
1734 3714 2297 3777 determinatarum

805 3830 1216 3894 personarum
1263 3813 1648 3893 pendentes3
1691 3819 1762 3873 ut
1799 3814 1968 3895 quod
2013 3812 2301 3876 incarna-

806 3917 979 3973 retur
1008 3930 1085 3973 ex
1115 3910 1306 3972 Maria
1334 3910 1605 3990 virgine,
1623 3912 1794 3992 quod
1825 3919 2147 3994 pateretur
2177 3912 2299 3975 sub

805 4008 1027 4070 Pontio
1068 4007 1285 4082 Pilato,
1319 4009 1672 4071 traderetur
1714 4028 1750 4071 a
1789 4009 1970 4085 Juda,
2003 4009 2303 4091 praedica-

807 4113 980 4168 retur
1025 4125 1063 4168 a
1112 4106 1301 4169 Paulo
1347 4123 1362 4168 ε
1408 4115 1597 4188 atque
1647 4116 1716 4169 ut
1765 4109 2004 4192 Haymo
2052 4109 2297 4183 scribit,

2401 1937 2767 2000 RicharduS.
2802 1973 2883 1983 —
2913 1936 3109 2017 Cujus
3152 1936 3273 2000 hoc
3312 1936 3613 1999 ultimum
3652 1935 3895 1997 dictum

2401 2035 2654 2097 videtur
2711 2053 3055 2117 parumper
3111 2034 3477 2097 obscurum.
3536 2034 3743 2107 Quum
3802 2041 3896 2096 et-

2400 2134 2575 2195 enim
2620 2133 2835 2196 anima
2877 2133 3109 2197 Christi
3158 2152 3233 2194 ac
3280 2131 3723 2196 sacratissimae
3760 2121 3897 2194 Vir-

2400 2231 2567 2312 ginis
2606 2230 2896 2312 ejusdem
2940 2231 3069 2293 sint
3110 2230 3370 2312 speciei,
3404 2230 3660 2294 videtur
3696 2231 3765 2293 in
3802 2230 3896 2292 eis

2401 2329 2663 2411 aequalis
2710 2347 2849 2391 esse
2900 2329 3205 2392 naturalis
3254 2331 3571 2412 capacitas
3627 2330 3705 2392 ad
3763 2348 3901 2411 gra-

2400 2428 2555 2490 tiam
2600 2435 2663 2491 et
2703 2427 2992 2509 gloriam.
3036 2429 3373 2510 Quumque
3418 2429 3621 2510 gratia
3666 2428 3899 2492 animae

2403 2526 2635 2590 Christi
2683 2535 2748 2589 et
2791 2527 2993 2609 gloria
3038 2528 3268 2591 animae
3313 2528 3454 2608 ejus
3502 2528 3708 2590 multo
3753 2527 3899 2609 plus

2399 2626 2803 2689 transcendat
2846 2626 3114 2706 gratiam
3156 2633 3221 2688 et
3259 2625 3526 2708 gloriam
3574 2645 3706 2690 suae
3749 2645 3903 2709 prae-

2400 2723 2807 2788 stantissimae
2850 2724 3085 2800 MatriS,
3120 2743 3313 2806 quam
3355 2724 3555 2805 gratia
3597 2732 3660 2786 et
3698 2724 3901 2806 gloria

2402 2821 2667 2885 Deiferae
2697 2823 2975 2904 Virginis
3002 2824 3269 2905 gratiam
3298 2830 3361 2885 et
3390 2823 3658 2905 gloriam
3690 2823 3903 2905 cujus-

2402 2938 2679 3001 cumque
2738 2920 3133 2996 Sanctorum,
3196 2920 3449 2984 videtur
3504 2921 3675 3004 quod
3732 2921 3900 2984 Deus

2328 3022 2373 3086 C
2401 3018 2806 3100 omnipotens
2851 3018 2999 3100 plus
3044 3019 3262 3100 gratiae
3304 3027 3367 3082 et
3406 3018 3624 3101 gloriae
3665 3020 3744 3082 de
3786 3039 3902 3082 sua

2401 3116 2691 3180 absoluta
2729 3117 3013 3199 potentia
3051 3118 3251 3201 possit
3280 3117 3569 3182 conferre
3603 3138 3717 3182 seu
3751 3119 3901 3181 dare

2404 3217 2682 3297 potuerit
2710 3217 2940 3280 animae
2968 3216 3370 3282 electissimae
3398 3217 3677 3300 Virginis
3705 3237 3901 3300 quam

2405 3315 2683 3389 donavit,
2734 3334 3100 3397 quanquam
3158 3323 3405 3379 tantum
3452 3317 3513 3379 ei
3561 3317 3902 3380 contulerit

2404 3421 2715 3496 quantum
2746 3415 3083 3478 condecuit
3117 3433 3132 3478 :
3164 3416 3379 3479 omnia
3418 3417 3655 3499 quippe
3686 3417 3752 3479 in
3784 3437 3902 3480 nu·
3930 3441 4055 3498 snp.
4070 3449 4237 3494 11‚2{.

2407 3532 2603 3588 mero,
2662 3533 2959 3576 mensura
3013 3522 3078 3577 et
3132 3515 3411 3597 pondere
3466 3515 3597 3597 egit
3648 3535 3724 3578 ac
3782 3523 3907 3580 sta-

2405 3613 2545 3674 tuit.

2486 3711 2924 3775 Bonaventura
2965 3730 3220 3794 quoque
3254 3730 3269 3776 :
3305 3712 3592 3794 Cognitio
3634 3714 3905 3797 (inquit)

2407 3810 2474 3873 in
2513 3810 2755 3891 angelis
2796 3812 3085 3893 quaedam
3122 3819 3219 3874 est
3256 3831 3295 3874 a
3332 3820 3574 3888 natura,
3607 3814 3903 3896 quaedam

2406 3929 2442 3972 a
2488 3910 2707 3990 gratia.
2742 3910 2949 3973 Prima
3006 3918 3102 3972 est-
3157 3910 3412 3993 duplex.
3466 3911 3761 3985 Quaedam
3809 3921 3903 3976 et-

2408 4007 2579 4069 enim
2611 4007 2846 4069 dicitur
2874 4027 2910 4070 a
2940 4016 3183 4084 natura,
3217 4009 3371 4091 quia
3409 4010 3780 4072 naturaliter
3808 4019 3909 4074 est

2410 4106 2665 4180 inserta,
2702 4114 2771 4168 ut
2802 4107 3079 4188 cognitio
3112 4125 3335 4170 eorum
3365 4127 3507 4190 quae
3538 4117 3687 4172 sunt
3713 4128 3752 4172 a
3780 4112 3913 4193 pri-

806 4204 1108 4286 quasdam
1139 4204 1570 4268 conditionum
1604 4205 1869 4268 istarum
1899 4206 2173 4288 majores
2202 4227 2304 4269 an·
2332 4213 2381 4275 D
2412 4226 2516 4269 ma
2564 4207 2786 4268 mundi
2832 4206 3303 4271 constitutione.
3348 4207 3427 4270 Et
3462 4209 3669 4290 quoad
3716 4209 3907 4286 hanc,

806 4303 954 4382 geli,
1017 4321 1130 4384 per
1186 4321 1346 4385 quos
1405 4304 1858 4366 lucar-nationis
1924 4306 2303 4388 mysterium

807 4401 1254 4464 annuntiatum
1285 4409 1402 4475 est,
1418 4410 1487 4464 ut
1515 4401 1790 4475 Gabriel,
1809 4404 2301 4486 praesciverunt3

807 4499 916 4561 alii
960 4517 1110 4562 vero
1154 4518 1300 4562 non.
1334 4500 1478 4563 Haec
1519 4500 1758 4563 Petrus.

890 4598 1240 4661 Concordat
1285 4598 1649 4673 RicharduS,
1691 4600 2002 4681 adjiciens
2035 4618 2050 4663 ε
2085 4603 2150 4664 Ιιι
2198 4623 2305 4665 an-

807 4695 968 4777 gelis
1015 4703 1309 4779 respectu
1358 4697 1468 4759 Dei
1520 4697 1722 4779 maj0r
1768 4708 1865 4762 est
1915 4699 2305 4782 possibilitas

809 4812 922 4856 seu
983 4795 1411 4876 potentialitas
1469 4814 1660 4877 quam
1721 4798 2103 4879 actualitas;
2164 4799 2306 4863 ideo

815 4893 981 4955 inter
1019 4910 1240 4955 eorum
1282 4902 1572 4957 naturam
1603 4901 1663 4957 et
1695 4896 1918 4972 Deum,
1953 4897 2063 4978 qui
2105 4917 2307 4980 purus

813 4999 909 5053 est
951 4999 1154 5064 actm,
1197 4999 1293 5053 est
1337 4992 1541 5074 major
1581 4993 1881 5056 distantia
1922 5015 2114 5077 quam
2162 5015 2305 5079 pro-

811 5089 1160 5173 pinquitaS,
1213 5091 1542 5173 majorque
1600 5091 2054 5157 dissimilitudo
2111 5114 2306 5177 quam

701 5235 706 5242 .
811 5189 1186 5252 similitudo.
1237 5189 1314 5251 Et
1360 5189 1653 5272 quamvis
1695 5191 1902 5272 angeli
1963 5201 2309 5275 potuerunt

810 5288 1148 5370 disponere
1187 5307 1254 5350 se
1302 5307 1417 5370 per
1463 5308 1653 5352 suum
1703 5291 1949 5353 actuale
1991 5292 2068 5354 ad
2116 5293 2307 5374 glori-

2411 4304 2619 4386 angeli
2679 4323 2805 4367 non
2865 4305 3213 4387 proficiunt
3261 4325 3467 4388 neque
3525 4305 3839 4370 deficiunt
3892 4329 3909 4372 ε

2411 4423 2558 4465 nam
2602 4404 2808 4485 quoad
2851 4404 3035 4478 hanc,
3068 4404 3306 4467 habent.
3343 4404 3736 4468 universales
3776 4425 3912 4468 om-

2414 4503 2591 4565 nium
2634 4503 2897 4585 species.
2930 4502 3070 4565 Alia
3108 4503 3378 4566 habetur
3406 4523 3523 4586 per
3554 4505 3911 4568 naturalem

2413 4602 2785 4683 potentiam,
2818 4602 2953 4664 sive
2987 4601 3070 4664 sit
3100 4601 3336 4677 innata,
3368 4603 3505 4665 sive
3542 4603 3856 4685 acquisita
3891 4623 3908 4668 ε

2414 4707 2477 4762 et
2524 4707 2833 4782 quantum
2881 4701 2960 4762 ad
3009 4700 3193 4774 hanc,
3242 4700 3452 4782 angeli
3501 4701 3916 4783 profecerunt

2416 4799 2769 4861 secundum
2810 4818 3177 4881 processum
3209 4800 3515 4882 temporis
3554 4819 3665 4882 per
3694 4801 3915 4864 multi-

2416 4898 2652 4980 plicem
2690 4898 3151 4981 experientiam
3189 4907 3253 4961 et
3291 4899 3773 4963 conversionem
3812 4921 3919 4964 su-

2418 5015 2533 5079 per
2579 4996 2679 5059 his
2728 5016 2869 5079 quae
2917 4997 3086 5059 fiunt
3132 4998 3211 5060 de
3260 5017 3443 5062 nov0.
3489 4997 3920 5064 conformiter

2417 5097 2706 5179 quaedam
2756 5104 2852 5178 est
2900 5097 3178 5178 cognitio
3219 5117 3256 5160 a
3300 5099 3502 5179 gratia
3548 5099 3703 5175 fixa,
3744 5121 3917 5183 quae·

2417 5196 2563 5258 dam
2591 5215 2628 5258 a
2656 5196 2856 5277 gratia
2882 5194 3143 5260 fluente.
3164 5197 3711 5271 Quemadmodum
3739 5200 3918 5264 enim

2418 5294 2484 5356 in
2535 5293 2841 5357 membris
2889 5294 3325 5378 corporalibus
3372 5305 3696 5379 ponuntur
3740 5319 3920 5380 quae-
