4334 6242
745 497 834 543 AN
874 497 1087 544 ANfflAE
1129 495 1508 545 nA‘rloNALES
1553 497 1663 546 SEU
1705 496 1973 546 HOMINES
2015 497 2098 544 AD
2138 495 2508 544 Arte-monum
2550 497 2809 546 ORmNEs
2850 496 3251 545 AssnnnNTmt
3427 475 3541 545 511

435 666 688 748 angelo,
720 678 970 751 oportet
1009 672 1178 753 quod
1219 672 1279 734 ei
1319 671 1778 752 superaddatur
1815 689 1942 731 am·
1970 669 2021 730 A
2130 669 2453 732 Postremo
2510 669 2778 732 Thomas
2837 671 2915 732 de
2972 669 3316 750 Argentina
3375 668 3550 730 addit

435 767 612 848 plius
645 767 862 830 lumen
892 789 1084 852 quam
1115 770 1356 852 angelo.
1393 769 1566 843 Quod
1599 775 1802 830 totum
1834 767 1938 830 be-

433 885 520 928 ne
549 865 696 928 fieri
727 875 956 949 potest.
989 871 1292 951 quoniam
1329 869 1536 950 angeli
1571 875 1941 930 meruerunt

435 971 686 1026 tantum
741 967 934 1029 unico
990 976 1157 1041 actu,
1211 969 1400 1030 homo
1448 975 1661 1029 autem
1723 965 1939 1028 multis

433 1062 797 1126 actionibus
826 1072 889 1128 et
929 1066 1334 1147 passionibus
1364 1086 1522 1148 quas
1555 1073 1813 1148 propter
1839 1065 1940 1145 ju-

433 1160 677 1222 stitiam
731 1163 977 1238 tolerat,
1025 1164 1294 1246 ejusque
1346 1164 1646 1226 meritum
1695 1163 1938 1225 meritis

437 1258 670 1321 Christi
734 1261 1031 1324 innititur
1078 1270 1142 1324 et
1199 1263 1611 1325 sacramentis
1656 1262 1934 1342 juvatur.

437 1357 581 1420 Haec
621 1357 973 1422 Duraudus,

521 1455 717 1536 Cujus
758 1457 990 1539 positio
1025 1458 1277 1521 videtur
1315 1459 1546 1521 divinae
1587 1475 1940 1539 repugnare

435 1552 723 1632 justitiae,
758 1575 900 1637 quae
932 1574 1047 1638 pro
1075 1556 1427 1638 aequalibus
1461 1557 1704 1618 meritis
1733 1573 1939 1636 aequa-

441 1651 526 1713 lia
555 1653 778 1734 utique
811 1653 1036 1716 tribuit
1064 1655 1755 1736 praemia.1nferioritas
1786 1671 1939 1735 quo-

440 1769 566 1831 que
599 1759 839 1815 naturae
871 1752 937 1813 in
967 1754 1227 1815 homine
1257 1762 1321 1815 et
1350 1753 1644 1816 debilitas
1676 1753 1939 1814 luminis

2052 766 2418 848 praehabitis
2464 786 2477 830 :
2520 768 2785 841 Quidam
2834 768 3151 841 dixerunt,
3204 765 3375 849 quod
3424 766 3549 829 duo

2053 865 2323 946 parietes
2371 874 2557 928 erunt
2617 867 2683 928 in
2731 866 2913 939 coeIo,
2964 885 3129 928 unus
3187 865 3546 939 hominum,

2049 964 2214 1026 alius
2257 965 2665 1044 angelorum3
2707 971 2769 1026 et
2815 965 2984 1046 quod
3034 964 3216 1025 ruina
3264 963 3551 1044 angelica

2051 1062 2509 1124 restaurabitur
2546 1081 2660 1144 per
2699 1063 2999 1143 virgineS,
3036 1062 3145 1144 qui
3186 1081 3334 1124 cum
3367 1081 3553 1143 ange-

2053 1160 2130 1222 lis
2172 1161 2237 1222 in
2277 1161 2500 1224 eodem
2539 1170 2727 1223 erunt
2766 1160 3042 1242 pariete3
3075 1168 3132 1222 et
3177 1161 3241 1222 in
3280 1161 3406 1223 alio
3446 1179 3551 1241 pa-

2051 1258 2209 1320 riete
2256 1266 2349 1320 tot
2390 1267 2579 1320 erunt
2625 1259 2819 1333 Beati,
2862 1267 3016 1341 quot
3059 1259 3126 1320 in
3177 1258 3547 1340 angelorum

2052 1356 2293 1437 pariete
2350 1364 2537 1418 erunt
2592 1357 2869 1437 virgines
2927 1377 2999 1419 ac
3056 1357 3263 1436 angeli
3322 1356 3543 1418 sancti.

2051 1453 2194 1517 Haec
2235 1454 2361 1516 ille.
2395 1490 2476 1500 -
2506 1455 2831 1529 Quocirca,
2873 1475 3073 1537 quum
3115 1462 3243 1518 tota
3281 1454 3388 1516 illa
3428 1473 3551 1517 coe-

2054 1552 2229 1614 lestis
2272 1553 2451 1614 curia
2493 1553 2577 1614 sit
2619 1571 2744 1616 una
2787 1553 3013 1616 domus
3054 1561 3119 1615 et
3162 1572 3287 1614 una
3326 1553 3549 1614 trium-

2052 1651 2255 1732 phans
2304 1650 2609 1725 Ecclesia,
2644 1669 2768 1714 non
2806 1651 3059 1713 videtur
3102 1651 3345 1712 dictum
3389 1651 3547 1714 illud

2050 1748 2485 1829 abjiciendum
2516 1758 2825 1830 quantum
2866 1750 2943 1811 ad
2975 1750 3094 1812 hoc
3126 1750 3296 1830 quod
3329 1749 3549 1830 imagi-

441 1849 768 1923 naturaliS,
804 1851 1003 1930 magis
1033 1852 1478 1914 commendant
1507 1851 1646 1931 ejus
1677 1851 1940 1931 diligen·
1975 1851 2022 1916 B
2052 1856 2239 1909 natur
2269 1848 2347 1909 de
2378 1848 2798 1910 similitudine
2830 1847 2937 1909 illa
2975 1848 3312 1930 parietum,
3346 1869 3547 1931 quum

437 1945 617 2020 tiam,
639 1947 938 2009 meritum
971 1957 1034 2010 et
1063 1957 1382 2023 conatum,
1402 1949 1938 2032 quemadmodum

435 2054 499 2107 et
559 2046 1004 2128 multiplicitas
1060 2067 1132 2110 ac
1193 2048 1595 2112 vehementia
1654 2047 1942 2110 tentatio-

433 2163 616 2206 num.
669 2145 956 2227 Insuper,
1009 2148 1362 2209 secundum
1403 2147 1828 2228 Augustinum
1877 2153 1941 2208 et
2053 2141 2118 2202 in
2169 2141 2419 2204 Christo
2469 2142 2677 2223 lapide
2724 2143 3010 2223 angulari
3058 2143 3352 2206 dicantur
3399 2164 3544 2209 con·
3603 2168 3770 2226 aphes.
3794 2182 3839 2222 ιι,

3574 2235 3642 2275 2⁰.

435 2242 596 2305 alios
645 2243 906 2307 Sanctos
963 2246 1382 2319 concorditer,
1432 2243 1730 2307 beatifica
1777 2244 1939 2307 visio

436 2342 893 2423 correspondet
918 2343 1148 2405 actuali
1191 2344 1468 2405 caritatis
1509 2342 1882 2424 perfectioni
1922 2359 1936 2404 :

435 2457 590 2519 ergo
627 2439 682 2502 si
722 2440 914 2503 homo
956 2441 1021 2504 in
1061 2441 1193 2503 vita
1229 2442 1347 2504 hac
1385 2442 1463 2503 ad
1503 2448 1742 2503 tantam
1783 2441 1939 2503 cari-

435 2537 585 2598 tatis
629 2536 1088 2619 perfectionem
1135 2547 1199 2600 et
1246 2539 1675 2601 actualitatem
1723 2557 1939 2601 ascen-

433 2634 564 2707 dat,
617 2644 924 2716 quantum
984 2636 1210 2700 habuit
1262 2637 1525 2718 angelus
1579 2638 1646 2698 in
1695 2656 1810 2698 sua
1859 2636 1938 2698 ad

433 2731 638 2794 Deum
682 2735 1007 2798 meritoria
1047 2737 1482 2809 conversione,
1516 2736 1636 2798 erit
1677 2734 1938 2817 aequalis

433 2830 662 2912 angelo
703 2833 768 2894 in
813 2831 1114 2896 beatifica
1160 2834 1426 2897 visione.
1461 2834 1775 2916 Amplius,
1810 2851 1940 2896 om-

431 2930 970 3012 nipotenS‚justus
1002 2951 1074 2994 ac
1105 2933 1358 3014 sapiens
1387 2933 1570 3006 DeuS,
1589 2931 1938 3013 unicuique

2049 1953 2114 2008 et
2145 1945 2209 2008 in
2244 1945 2543 2009 militanti
2575 1945 2857 2011 Ecclesia
2886 1946 3013 2009 duo
3051 1947 3295 2031 populi,
3329 1956 3548 2030 utpote

2048 2044 2247 2106 Judaei
2277 2051 2341 2105 et
2368 2044 2658 2125 gentileS,
2692 2043 2890 2106 instar
2918 2045 3190 2108 duorum
3230 2047 3545 2129 parietum

2049 2240 2274 2320 juncfi.

2130 2439 2429 2511 Quaerunt
2468 2439 2729 2502 demum
2769 2439 2875 2503 hic
2913 2440 3133 2522 aliqui,
3167 2440 3261 2502 An
3309 2448 3399 2504 tot
3436 2441 3546 2504 ho-

2050 2536 2257 2598 mines
2314 2537 2750 2612 salvabuntur,
2804 2547 2955 2620 quot
3002 2539 3208 2620 angeli
3260 2539 3549 2622 perstite-

2049 2643 2216 2697 runt.
2270 2635 2363 2696 Ad
2415 2636 2582 2717 quod
2634 2655 2711 2698 ex
2760 2636 2948 2698 dictis
2997 2637 3268 2700 habetur
3316 2637 3550 2720 partim

2049 2734 2412 2814 responsi03
2445 2741 2509 2796 et
2536 2734 2690 2816 quid
2721 2735 2799 2796 ad
2831 2735 2951 2797 hoc
2981 2735 3249 2798 Thomas
3282 2736 3347 2798 in
3389 2736 3551 2799 Scri-

2050 2841 2158 2915 pto
2190 2832 2801 2914 responderit,nunc
2832 2833 3055 2913 patuit.
3072 2833 3365 2896 Albertus
3398 2853 3550 2917 quo-

2048 2949 2173 3012 que
2231 2939 2295 2992 et
2352 2930 2681 2992 Udalricus
2740 2931 3125 2993 concordant
3183 2950 3329 2992 cum
3394 2952 3549 3014 prae·

436 3027 658 3089 influit
687 3030 1040 3091 secundum
1083 3049 1266 3091 suam
1301 3030 1806 3111 dispositionem,
1841 3048 1937 3091 ca·
1972 3030 2016 3093 C
2046 3027 2283 3090 habitis
2323 3029 2577 3091 Thomae
2617 3027 2851 3102 verbiS‚
2885 3027 3054 3110 quod
3094 3029 3339 3092 scilicet
3378 3031 3546 3093 istud

436 3125 798 3206 pacitatem,
843 3126 1215 3206 dignitatem
1271 3145 1383 3188 seu
1434 3126 1752 3188 meritum.
1799 3127 1937 3188 Per—

433 3223 629 3286 fectio
653 3232 884 3286 autem
933 3224 1212 3286 caritatis
1257 3225 1538 3307 disponit
1579 3225 1931 3305 potissime,

433 3321 802 3384 immediate
846 3330 908 3385 et
953 3323 1241 3405 proxime
1289 3323 1367 3385 ad
1409 3322 1780 3385 fruitionem
1831 3322 1935 3385 be-

431 3428 621 3483 atam.
666 3421 829 3502 Ergo
878 3440 1008 3503 quo
1049 3421 1255 3484 viator
1297 3423 1497 3502 magis
1543 3420 1824 3503 perfecte
1871 3430 1934 3484 et

433 3518 682 3581 sincere
711 3520 790 3581 ad
821 3519 1017 3582 Deum
1045 3519 1341 3593 afficitur,
1358 3538 1433 3581 eo
1463 3519 1694 3581 clarius
1727 3520 1934 3601 ipsum

435 3624 652 3678 cernet
709 3625 898 3698 atque
958 3618 1215 3680 suavius
1268 3635 1345 3679 eo
1392 3615 1656 3679 fruetur.
1709 3618 1930 3680 Adhuc

431 3723 669 3788 autem,
705 3723 774 3776 ut
813 3716 1038 3778 asserit
1080 3715 1494 3795 AugustinuS,
1529 3715 1595 3776 in
1641 3715 1743 3777 his
1791 3735 1932 3797 quae

432 3821 583 3874 sunt
625 3831 818 3893 super
863 3822 1176 3886 naturam,
1212 3821 1341 3875 tota
1382 3814 1540 3876 ratio
1583 3814 1795 3895 operis
1837 3822 1934 3876 est

432 3911 894 3992 omnipotentia
933 3911 1046 3974 Dei
1088 3911 1366 3992 agentis3
1399 3912 1561 3974 visio
1600 3930 1751 3974 vero
1793 3912 1931 3974 Dei-

430 4009 578 4072 tatis
609 4027 724 4092 per
755 4010 1057 4091 speciem,
1089 4017 1183 4071 est
1225 4009 1498 4071 maxime
1529 4029 1722 4091 super
1758 4018 1934 4071 natu-

429 4127 566 4171 ram
612 4125 626 4170 :
669 4126 820 4189 ergo
865 4109 944 4170 ad
992 4127 1132 4170 eam
1177 4107 1423 4170 sufficit
1471 4109 1934 4190 omnipotentia

2046 3126 2574 3188 certitudinaliter
2616 3126 2766 3188 sciri
2810 3126 2947 3188 sine
2992 3126 3375 3190 revelatione
3420 3146 3546 3191 non

2045 3233 2253 3306 queat.
2307 3224 2703 3288 Probabilius
2762 3232 2972 3287 tamen
3028 3224 3330 3300 fatentur,
3377 3228 3543 3308 quod

2045 3329 2137 3385 tot
2176 3323 2610 3396 salvabuntur,
2646 3331 2800 3406 quot
2841 3324 3047 3404 angeli
3090 3331 3327 3387 stantes
3369 3344 3546 3388 man-

2044 3429 2264 3482 serunt
2298 3439 2312 3482 :
2346 3422 2497 3503 quia
2534 3421 2653 3484 etsi
2698 3421 2905 3503 angeli
2948 3422 3109 3484 nulli
3152 3431 3541 3503 peccassent,

2043 3518 2248 3581 nihilo
2280 3519 2492 3581 minus
2530 3537 2730 3600 genus
2763 3520 3115 3582 humanum
3155 3518 3381 3592 fuisset
3411 3539 3544 3582 cre-

2041 3625 2218 3679 atum
2262 3625 2327 3680 et
2368 3635 2483 3699 pro
2526 3625 2703 3699 parte
2742 3617 3073 3680 salvatum.
3104 3654 3185 3664 -
3216 3619 3537 3694 Praeterea,

2039 3715 2220 3796 juxta
2267 3716 2573 3778 Thomam
2624 3715 2687 3777 in
2737 3716 2945 3797 prima
3004 3724 3179 3798 parte
3238 3718 3535 3793 Summae‚
3586 3732 3814 3784 q.t,·.3.

2043 3832 2169 3894 quo
2232 3814 2387 3876 ordo
2446 3813 2771 3894 angelicus
2829 3821 3033 3875 exstat
3093 3815 3401 3895 superior,
3463 3833 3539 3878 eo

2043 3911 2258 3993 plures
2311 3930 2611 3993 personas
2660 3912 2943 3974 continet
2992 3912 3058 3972 in
3107 3930 3173 3973 se
3200 3931 3216 3991 ;
3266 3921 3329 3974 et
3376 3914 3541 3976 sicut

2044 4026 2307 4089 corpora
2338 4009 2619 4071 coelestia
2647 4010 2964 4071 excedunt
2994 4027 3256 4091 corpora
3287 4010 3541 4075 inferio-

2043 4125 2112 4168 ra
2142 4107 2208 4168 in
2244 4105 2679 4186 magnitudine
2712 4107 2891 4187 quasi
2934 4107 3538 4188 incomparabiliter,

429 4207 766 4280 CreatoriS‚
799 4207 1150 4288 praesertim
1185 4205 1292 4268 ubi
1331 4206 1641 4288 aequalem
1678 4206 1933 4268 invene·
1965 4207 2014 4291 D
2043 4203 2135 4266 sic
2165 4203 2534 4283 angelorum
2577 4203 2921 4267 multitudo
2959 4204 3333 4286 dignissima
3362 4225 3541 4286 exce·

430 4305 514 4366 rit
563 4305 873 4366 rationem
925 4305 1060 4366 sive
1109 4323 1223 4386 par
1271 4303 1592 4365 meritum.
1625 4339 1706 4349 -—
1734 4303 1931 4384 Argu-

431 4411 724 4464 mentum
785 4421 1038 4484 quoque
1097 4402 1376 4464 Durandi
1430 4420 1508 4463 ex
1568 4402 1932 4484 praehabitis

430 4500 884 4564 Bonaventurae
915 4500 1182 4563 solvitur
1212 4499 1424 4563 verbis
1445 4517 1459 4561 :
1480 4501 1781 4582 quoniam
1812 4502 1936 4564 dis-

432 4599 668 4680 positio
719 4598 1022 4660 naturalis
1075 4599 1153 4660 ad
1204 4597 1567 4660 beatificam
1619 4599 1933 4662 visionem

431 4697 626 4759 habet
655 4715 722 4758 se
754 4703 822 4758 ut
862 4696 1196 4778 dispositio
1235 4697 1672 4777 congruitatiS,
1706 4715 1832 4760 non
1865 4706 1934 4760 ut

431 4793 766 4876 dispositio
797 4794 1210 4855 necessitatis.
1239 4793 1524 4874 Denique
1561 4793 1774 4855 lumen
1807 4796 1935 4875 glo—

431 4893 543 4956 riae
571 4892 723 4954 satis
755 4890 1118 4955 corroborat
1146 4899 1210 4953 et
1240 4899 1489 4972 coaptat
1521 4899 1796 4954 mentem
1832 4894 1937 4954 hu-

434 5008 710 5064 manam,
747 4998 812 5052 et
857 4990 1261 5070 omnipotens
1312 4988 1575 5070 aequitas
1627 4988 1736 5051 Dei
1788 5009 1935 5072 sup-

435 5088 567 5171 plet
613 5087 936 5151 defectum
985 5095 1243 5151 naturae.
1285 5088 1377 5150 Ad
1427 5088 1562 5150 haec
1612 5087 1938 5168 probanda

437 5188 652 5269 plures
705 5194 972 5268 possunt
1018 5186 1292 5248 rationes
1341 5185 1592 5258 adduci,
1646 5184 1753 5247 sed
1810 5203 1936 5248 non

438 5286 691 5352 videtur
730 5303 1010 5348 necesse.

2043 4302 2136 4364 dit
2184 4301 2365 4383 quasi
2415 4301 2554 4363 sine
2603 4303 3075 4384 comparatione
3128 4303 3430 4366 inferiora
3476 4305 3541 4368 in

2043 4416 2330 4461 numero.
2367 4399 2441 4460 Et
2467 4398 2649 4478 juxta
2687 4399 2809 4462 hoc
2837 4400 3052 4481 plures
3094 4409 3306 4464 essent
3334 4402 3543 4483 angeli

2042 4497 2267 4572 sancti,
2311 4516 2500 4580 quam
2555 4497 2839 4559 universi
2887 4499 3177 4562 homines
3224 4500 3413 4562 electi
3461 4501 3543 4563 si·

2044 4597 2180 4658 mul
2225 4615 2297 4659 ac
2338 4595 2611 4677 reprobi.
2658 4597 2885 4659 Sancta
2925 4615 3077 4659 vero
3114 4598 3378 4679 Brigitta
3417 4599 3541 4662 sibi

2043 4695 2314 4756 asseruit
2368 4693 2738 4768 revelatum,
2788 4701 2881 4756 tot
2925 4713 3063 4756 esse
3122 4696 3378 4776 angelos
3439 4697 3544 4761 bo-

2043 4811 2181 4866 nOS,
2222 4792 2391 4874 quod
2436 4793 2727 4874 quamvis
2770 4792 3062 4855 homines
3108 4793 3388 4857 universi
3430 4796 3542 4877 qui

2045 4909 2329 4973 unquam
2366 4889 2641 4964 luerunt,
2677 4898 2825 4952 sunt
2864 4898 2927 4952 et
2955 4899 3163 4964 erunt,
3197 4899 3409 4954 essent
3442 4913 3543 4956 ac-

2043 4989 2302 5052 tualiter
2341 4989 2531 5051 simul
2574 4988 2845 5064 collecti,
2882 4989 3089 5051 adhuc
3134 4989 3398 5052 cuilibet
3440 5011 3541 5056 eo-

2045 5108 2188 5150 rum
2242 5089 2463 5150 decem
2521 5087 2727 5169 angeli
2783 5096 3041 5168 possent
3094 5089 3406 5170 deputari,
3458 5090 3544 5153 ita

2045 5187 2216 5267 quod
2259 5187 2469 5248 decies
2512 5186 2725 5267 plures
2769 5193 2980 5248 essent
3026 5186 3235 5266 angeli
3284 5187 3543 5268 gloriosi

2046 5302 2239 5365 quam
2289 5284 2581 5347 homines
2636 5284 2848 5347 cuncti
2902 5283 3095 5346 simul
3148 5287 3414 5368 accepti.
3464 5321 3543 5335 -
