4334 6242
1066 506 1154 554 ΑΝ
1193 505 1388 552 ouum
1429 504 1900 552 rnen-mximum
1937 504 1980 551 A
2020 503 2140 550 nno
2182 503 2299 551 ran
2338 502 2723 550 naamam!
3362 483 3443 549 57

349 695 554 738 causae
611 692 625 738 τ

344 775 446 837 tiae
473 792 602 836 non
642 793 828 857 posse
863 793 1097 848 creare,
1130 773 1432 855 quoniam
1467 780 1842 854 sequere-tur

347 874 544 954 ipsam
583 891 711 935 non
742 891 883 947 esse
918 873 1190 954 primam
1222 873 1548 946 virtutem,
1581 871 1732 953 quia
1773 871 1836 933 in

344 971 632 1052 quolibet
668 989 900 1051 genere
936 990 1140 1033 causae
1181 971 1462 1052 primum
1504 978 1717 1032 causat
1757 969 1838 1030 si-

343 1088 420 1132 ne
464 1069 634 1142 aliis,
667 1086 796 1131 non
838 1076 1112 1131 econtra.
1143 1103 1228 1113 —
1264 1069 1589 1142 Praeterea,
1623 1086 1840 1149 quam—

345 1168 438 1228 vis
468 1166 678 1229 activa
707 1165 942 1229 creatio
972 1165 1140 1228 dicat
1169 1167 1311 1240 tria,
1346 1166 1598 1248 passiva
1627 1173 1838 1226 tamen

345 1266 580 1328 creatio
625 1283 752 1327 non
798 1264 956 1326 dicit
993 1264 1119 1326 nisi
1162 1266 1310 1338 duo,
1344 1264 1642 1326 videlicet
1683 1263 1839 1325 effe-

345 1371 518 1424 ctum
550 1362 888 1426 creationis
927 1363 1172 1434 activae,
1204 1372 1266 1425 et
1297 1363 1668 1424 relationem
1701 1362 1840 1423 fun·

343 1462 554 1524 datam
603 1480 799 1544 super
845 1462 1086 1523 exitum
1136 1461 1320 1524 illum
1372 1461 1437 1522 in
1486 1478 1660 1539 esse3
1711 1478 1838 1523 non

343 1568 556 1622 autem
621 1558 781 1622 dicit
840 1561 1158 1642 passivam
1219 1561 1568 1642 potentiam
1629 1577 1838 1621 corre-

346 1659 765 1740 spondentem
793 1658 1016 1721 activae
1040 1659 1338 1740 potentiae
1365 1657 1841 1738 CreatoriS,quia

347 1759 436 1819 sic
483 1757 721 1819 creatio
767 1757 976 1818 activa
1031 1756 1272 1838 aliquid
1323 1763 1840 1839 praesupponeret

683 683 748 739 et
807 674 894 736 ita
948 676 1276 756 derogaret
1337 673 1569 737 divinae
1623 673 1922 756 poten-A
1956 673 2065 735 das
2115 673 2574 736 determinatur
2626 692 2637 736 :

2692 673 3231 755 quemadmodum
3280 672 3446 736 actio

1949 771 2100 834 solis
2159 771 2622 834 determinatur
2670 773 2749 833 ad
2801 772 3285 854 productionem
3334 790 3449 855 po-

1951 870 2037 932 mi
2089 889 2205 953 per
2246 870 2550 931 virtutem
2598 871 2872 933 activam
2917 870 3327 932 exsistentem
3378 871 3445 932 in

1950 969 2183 1050 planta.
2229 968 2485 1050 Oportet
2528 986 2679 1049 ergo
2722 970 2889 1050 quod
2935 988 3124 1031 causa
3168 969 3447 1032 secunda

1949 1075 2166 1130 causet
2208 1087 2345 1130 esse
2389 1068 2741 1130 secundum
2786 1067 2953 1149 quod
3000 1076 3095 1129 est
3142 1067 3207 1130 in
3251 1069 3450 1130 deter-

1949 1166 2190 1228 minata
2230 1173 2453 1228 natura
2492 1166 2721 1240 solum,
2754 1167 2862 1228 sed
2894 1185 3083 1228 causa
3122 1167 3329 1248 prima
3357 1187 3449 1229 se-

1951 1265 2233 1326 cundum
2264 1264 2622 1345 generalem
2655 1265 2963 1327 rationem
2996 1264 3284 1327 effectus.
3302 1267 3448 1329 Ideo

1952 1363 2139 1436 DeuS,
2174 1362 2284 1443 qui
2320 1370 2417 1424 est
2447 1362 2828 1444 simpliciter
2868 1363 3075 1444 prima
3109 1381 3318 1436 causa,
3352 1373 3448 1426 est

1954 1460 2332 1522 universalis
2386 1479 2575 1522 causa
2632 1462 2797 1522 entis
2851 1461 2917 1522 in
2966 1468 3276 1542 quantum
3336 1463 3451 1525 hu-

1947 1558 2252 1639 jusmodi,
2306 1558 2844 1640 quemadmodum
2898 1559 3061 1640 ignis
3117 1578 3306 1623 causa
3353 1568 3450 1622 est

1953 1657 2140 1719 calidi
2192 1657 2258 1719 in
2308 1665 2617 1738 quantum
2675 1666 2767 1720 est
2823 1658 3123 1720 calidum.
3177 1659 3324 1722 Ideo
3370 1661 3447 1721 ad

1954 1774 2175 1818 causas
2215 1757 2525 1818 secundas
2560 1755 2877 1818 naturales
2913 1763 3156 1839 spectat
3189 1756 3450 1820 efficere

349 1855 412 1917 in
441 1873 570 1937 quo
603 1855 886 1936 potentia
917 1855 1026 1917 illa
1054 1854 1428 1917 fundaretur
1460 1854 1727 1936 passiva.
1761 1890 1842 1899 —
1879 1855 1926 1917 B
1955 1872 2055 1916 res
2096 1855 2447 1916 secundum
2490 1854 2757 1917 formam
2801 1862 3070 1928 tantum,
3104 1874 3219 1936 per
3256 1874 3449 1936 quam

347 1954 488 2016 Haec
531 1953 882 2016 UdalricuS.

423 2051 721 2114 Albertus
779 2060 992 2113 autem
1043 2051 1162 2114 hoc
1215 2051 1352 2113 loco
1400 2052 1478 2112 de
1526 2050 1843 2112 creatione

349 2169 548 2232 pauca
607 2149 895 2231 inquirit.
950 2149 1068 2211 Sed
1123 2149 1186 2211 in
1237 2149 1495 2211 exordio
1545 2147 1693 2209 libri
1745 2147 1844 2209 sui

349 2250 424 2310 de
465 2248 543 2310 lv
586 2247 972 2329 Coaequaevis
1014 2255 1157 2309 octo
1202 2247 1584 2329 quaestiones
1634 2252 1845 2308 movet

351 2348 424 2410 de
453 2366 548 2420 ea,
581 2345 882 2409 videlicet
915 2363 930 2407 ε
964 2365 1040 2407 an
1075 2345 1178 2419 sit,
1213 2345 1368 2427 quid
1403 2345 1508 2417 sit,
1543 2344 1728 2424 cujus
1763 2343 1846 2405 sit

352 2445 647 2528 proprius
676 2453 974 2519 actuS,an
1005 2445 1090 2506 sit
1120 2443 1674 2506 communicabilis
1706 2462 1848 2504 cau-

351 2544 436 2606 sis
476 2543 728 2614 creatis,
761 2562 842 2604 an
883 2543 966 2604 sit
1005 2560 1168 2624 opus
1206 2549 1446 2604 naturae
1487 2541 1586 2604 vel
1629 2540 1848 2603 volun-

357 2643 614 2717 tatiS,an
645 2641 727 2703 sit
755 2648 935 2703 actus
967 2639 1342 2723 separabilis
1371 2640 1451 2703 ab
1481 2640 1846 2721 operatione

355 2749 594 2803 naturae
637 2747 828 2820 atque
873 2739 1205 2820 propositi,
1246 2758 1326 2801 an
1371 2738 1456 2800 sit
1509 2737 1708 2818 magis
1750 2755 1848 2800 os-

357 2839 600 2902 tensiva
642 2837 941 2919 potentiae
980 2856 1172 2918 quam
1217 2836 1544 2918 sapientiae
1583 2855 1695 2898 seu
1738 2835 1848 2898 bo-

357 2937 594 3010 nitatiS,
619 2943 834 2998 utrum
866 2936 950 2998 sit
977 2943 1155 2997 actus
1186 2934 1492 2996 naturalis
1522 2942 1632 2996 aut
1662 2933 1848 2995 mira-

1957 1952 2459 2033 unumquodque
2504 1953 2962 2015 determinatur
3002 1954 3079 2016 ad
3124 1953 3447 2035 propriam

1956 2050 2235 2131 speciem
2258 2067 2274 2129 3
2312 2051 2422 2112 Dei
2464 2069 2615 2113 vero
2654 2058 2749 2113 est
2789 2052 3137 2133 producere
3181 2070 3313 2113 rem
3355 2070 3450 2114 se-

1956 2148 2239 2209 cundum
2270 2154 2473 2210 totum
2504 2148 2785 2210 entitatis
2817 2149 2985 2230 quod
3016 2156 3112 2210 est
3142 2156 3205 2210 et
3235 2149 3446 2223 habet,

1955 2247 2076 2309 hoc
2123 2253 2219 2308 est
2268 2247 2617 2308 secundum
2684 2246 2954 2310 formam
3012 2255 3201 2329 atque
3261 2256 3451 2310 mate-

1956 2344 2135 2407 riam.
2173 2344 2317 2407 Haec
2351 2344 2699 2406 Hannibal.-

2037 2543 2569 2625 Respondendum
2620 2561 2768 2624 ergo
2815 2543 2892 2605 ad
2942 2543 3225 2625 primum
3285 2543 3453 2606 sicut

1958 2641 2024 2702 in
2065 2641 2281 2702 verbis
2310 2641 2583 2704 Udalrici
2622 2660 2794 2703 nunc
2835 2649 3072 2704 tactum
3111 2650 3225 2704 est.
3248 2678 3330 2689 —
3357 2643 3450 2706 Ad

1959 2740 2312 2802 secundum
2371 2739 2663 2812 ThomaS,
2715 2741 2932 2803 Petrus
2990 2748 3053 2802 et
3104 2741 3453 2804 Richardus

1959 2839 2339 2920 respondent
2392 2858 2406 2902 ε
2455 2839 2817 2900 Secundum
2876 2839 3287 2914 Avicennam‚
3340 2841 3454 2930 ‘¹¹¹5

1958 2937 2105 3018 plex
2139 2944 2237 2999 est
2265 2954 2455 3017 agens
2492 2956 2505 3000 :
2541 2956 2743 2999 unum
2783 2938 3089 3010 naturale,
3124 2939 3291 3018 quod
3326 2939 3455 3018 agit

358 3034 630 3097 culosus.
663 3069 746 3079 —
786 3033 862 3094 Et
904 3052 1076 3095 nunc
1123 3032 1348 3114 patuit,
1392 3033 1560 3115 quod
1601 3038 1849 3114 oportet
1886 3037 1929 3100 C
1961 3053 2074 3116 per
2106 3041 2382 3112 motum3
2418 3034 2589 3096 aliud
2621 3034 2929 3107 divinum,
2963 3037 3133 3116 quod
3172 3035 3451 3118 simplici

360 3151 590 3214 ponere
640 3131 1048 3205 creationem,
1097 3138 1161 3193 et
1209 3131 1363 3213 quid
1413 3131 1515 3202 sit,
1569 3130 1848 3212 itemque

360 3231 522 3313 quod
555 3229 638 3292 sit
665 3237 848 3291 aetus
878 3229 1173 3310 proprius
1204 3229 1682 3310 omnipotentiae
1713 3228 1844 3290 Dei.

358 3329 518 3391 Dicit
547 3346 826 3411 quoque,
859 3329 1028 3409 quod
1068 3345 1195 3389 non
1237 3327 1320 3390 sit
1355 3325 1852 3389 communicabi—

360 3427 433 3489 lis
472 3427 803 3500 creaturis,
837 3445 1038 3507 quum
1079 3426 1161 3488 sit
1199 3434 1378 3487 actus
1419 3425 1690 3488 infinitae
1725 3424 1849 3487 vir·

360 3525 528 3588 tutis.
565 3527 653 3587 De
699 3525 818 3587 hoc
859 3533 1069 3587 tamen
1115 3542 1230 3587 suo
1276 3523 1412 3586 loco
1460 3524 1712 3605 plenius
1756 3530 1852 3585 est

358 3624 774 3686 tractandum.
810 3622 998 3685 Addit
1033 3622 1248 3696 etiam,
1283 3623 1453 3703 quod
1492 3622 1726 3684 creatio
1757 3630 1848 3683 est

358 3742 516 3804 opus
547 3721 892 3784 voluntatis
922 3729 986 3783 et
1016 3728 1272 3783 naturae.
1291 3720 1653 3782 Secundum
1683 3719 1852 3781 enim

359 3823 524 3904 quod
555 3821 850 3884 voluntas
880 3828 976 3882 est
1006 3820 1400 3903 principium
1440 3838 1708 3902 operans
1749 3839 1851 3881 su-

359 3941 468 4002 per
509 3920 855 3984 essentiam
900 3919 1024 3982 sibi
1073 3919 1518 3993 extrinsecam,
1553 3917 1852 4000 quemad·

361 4021 619 4083 modum
667 4038 791 4094 arS,
833 4019 926 4081 sic
967 4026 1064 4080 est
1111 4036 1274 4100 opus
1316 4017 1696 4095 voluntatis3
1744 4018 1855 4079 sed

359 4118 506 4200 quia
547 4118 616 4180 in
662 4118 791 4180 Deo
830 4116 1085 4179 realiter
1126 4116 1298 4178 idem
1341 4111 1489 4177 s'unt
1532 4123 1756 4177 natura
1793 4122 1856 4177 et

1959 3133 2359 3195 emanatione
2396 3132 2729 3214 producit:
2764 3141 2825 3194 et
2862 3133 2981 3195 hoc
3016 3152 3141 3196 non
3178 3153 3455 3216 praesup-

1962 3231 2142 3314 ponit
2190 3231 2537 3312 potentiam
2596 3231 2912 3312 passivam
2962 3251 3037 3294 ex
3090 3239 3265 3314 parte
3316 3251 3456 3314 pro-

1962 3331 2175 3408 ducti3
2213 3331 2322 3392 sed
2366 3348 2551 3411 posse
2590 3349 2723 3392 rem
2764 3329 2931 3404 fieri,
2969 3348 3095 3392 non
3140 3339 3236 3393 est
3278 3331 3452 3393 aliud

1962 3447 2154 3510 quam
2214 3428 2414 3490 Deum
2472 3446 2658 3511 posse
2714 3447 2855 3491 eam
2903 3428 3183 3492 efficere.
3234 3465 3315 3475 -—
3358 3429 3453 3492 Ad

1963 3527 2244 3601 tertium,
2286 3527 2455 3608 quod
2505 3526 2571 3588 in
2623 3527 3145 3608 permanentibus
3194 3547 3335 3609 quae
3382 3528 3457 3590 fi-

1963 3631 2078 3686 unt
2122 3644 2235 3686 seu
2285 3625 2726 3706 producuntur
2772 3643 2885 3706 per
2934 3625 3350 3689 mutationem
3394 3634 3457 3688 et

1965 3731 2207 3785 motum
2262 3724 2517 3805 proprie
2566 3723 2832 3797 dictum,
2884 3722 3028 3786 fieri
3077 3733 3173 3786 est
3220 3725 3324 3787 via
3380 3726 3456 3788 ad

1965 3821 2206 3887 sactum
2247 3840 2407 3896 esse,
2442 3841 2559 3883 nec
2599 3829 2694 3884 est
2732 3830 2935 3884 totum
2977 3823 3189 3884 simul.
3222 3825 3457 3887 Verum

1966 3920 2032 3981 in
2076 3919 2177 3980 his
2229 3939 2369 4001 quae
2414 3928 2728 3994 creantur,
2771 3919 2937 3994 fieri,
2983 3920 3045 3982 id
3094 3928 3190 3984 est
3233 3924 3455 3996 creari,

1963 4026 2058 4080 est
2098 4026 2303 4080 totum
2344 4018 2574 4096 simu13
2616 4036 2733 4080 nec
2772 4025 2867 4080 est
2899 4019 3002 4079 via
3039 4020 3115 4080 ad
3158 4037 3293 4081 rem
3332 4021 3456 4083 nisi

1965 4117 2319 4179 secundum
2362 4117 2621 4178 modum
2667 4116 3095 4196 significandi,
3137 4125 3322 4198 prout
3362 4126 3458 4181 est

361 4216 672 4290 voluntaS,
724 4215 819 4277 sic
875 4215 1112 4277 creatio
1157 4213 1354 4276 etiam
1411 4213 1646 4276 dicitur
1693 4232 1854 4295 opus
1886 4218 1934 4280 Ι)
1964 4215 2251 4296 acceptio
2292 4215 2579 4297 quaedam
2626 4215 2826 4295 ipsius
2870 4233 3008 4276 esse
3044 4232 3057 4276 ε
3092 4215 3312 4297 sicque
3356 4235 3457 4278 res

361 4323 596 4378 naturai
627 4323 818 4396 atque
855 4313 1246 4376 substantiae.
1282 4313 1538 4394 Proprie-
1568 4330 1718 4374 vero
1748 4331 1855 4373 na-

359 4420 496 4475 tura
523 4421 623 4476 est
655 4412 1046 4494 principium
1083 4410 1502 4473 intrinsecum
1536 4410 1600 4471 in
1633 4411 1853 4472 eadem

360 4511 632 4574 essent-ia
673 4511 1030 4592 producens
1075 4508 1198 4571 sibi
1244 4509 1456 4570 simile
1501 4509 1852 4570 secundum

361 4609 628 4672 formam
679 4615 744 4670 et
785 4607 1066 4690 speciem
1111 4625 1125 4669 ε
1171 4607 1392 4689 sicque
1443 4606 1676 4668 creatio
1724 4625 1852 4670 non

361 4717 452 4770 est
491 4726 656 4789 opus
703 4713 966 4780 naturae,
1001 4706 1111 4768 sed
1154 4705 1494 4786 generatio.
1534 4705 1854 4787 Praecipue

363 4825 612 4888 quoque
653 4805 891 4868 creatio
924 4803 1201 4868 ostendit
1231 4804 1600 4886 potentiam.
1637 4803 1855 4866 Cetera

363 4905 490 4966 suis
533 4902 693 4967 locis
740 4903 1064 4985 patebunt.
1217 4901 1224 4909 ”

437 5003 764 5064 Post-remo
820 5000 1130 5062 Hannibal
1183 5017 1198 5062 :
1250 5001 1438 5072 DeuS‚
1493 5000 1723 5082 inquit,
1774 4999 1853 5062 ab

363 5098 662 5162 omnibus
707 5097 1087 5178 intelligitur
1125 5097 1187 5160 id
1229 5098 1398 5180 quod
1439 5106 1534 5160 est
1573 5099 1855 5179 primum

367 5195 428 5257 in
463 5215 698 5278 genere
742 5213 1079 5257 causarum
1115 5196 1462 5277 agentium,
1498 5195 1664 5258 inter
1699 5215 1856 5277 quas

365 5294 631 5358 effectus
677 5294 904 5376 primae
953 5311 1156 5357 causae
1207 5313 1320 5376 per
1364 5313 1584 5357 causas
1635 5313 1858 5356 secun-

1964 4313 2157 4376 simul
2220 4321 2467 4376 creatur
2514 4320 2576 4374 et
2626 4320 2832 4374 creata
2880 4319 2996 4387 est,
3048 4312 3214 4375 sicut
3263 4314 3456 4377 simul

1964 4419 2113 4473 sunt
2161 4410 2509 4473 illuminari
2561 4409 3120 4493 illuminatumque
3168 4431 3325 4475 esse.
3376 4450 3457 4459 —

1964 4509 2056 4571 Ad
2107 4515 2401 4591 quartum
2452 4509 2722 4570 Thomas
2773 4510 3111 4591 respondet
3154 4526 3168 4571 τ
3212 4511 3457 4574 Creatio

1965 4607 2241 4670 sumitur
2277 4607 2483 4669 active
2514 4614 2577 4668 et
2608 4606 2876 4688 passive.
2912 4607 3154 4680 Active‚
3188 4617 3281 4670 est
3312 4627 3459 4690 ope-

1963 4705 2122 4766 ratio
2175 4703 2284 4766 Dei
2338 4711 2399 4765 et
2447 4703 2589 4784 ejus
2646 4704 2921 4766 essentia
2978 4723 3123 4766 cum
3185 4706 3457 4786 quadam

1965 4802 2291 4877 relatione,
2328 4809 2396 4864 ut
2438 4802 2684 4864 dictum
2724 4809 2837 4864 est.
2875 4801 3123 4865 Passive
3167 4821 3319 4866 vero
3362 4811 3459 4867 est

1964 4902 2283 4983 quoddam
2330 4901 2625 4962 accidens
2676 4900 2741 4962 in
2792 4909 3097 4970 creatura,
3152 4919 3269 4963 nec
3319 4921 3458 4984 pro-

1964 4999 2102 5081 prie
2145 4997 2303 5061 dicit
2346 4999 2728 5080 passionem,
2768 4998 2876 5060 sed
2923 4998 3313 5061 relationem.
3349 5001 3458 5062 Est

1963 5096 2135 5159 enim
2198 5095 2503 5159 habitudo
2561 5095 2855 5159 habentis
2902 5115 3041 5159 esse
3089 5096 3169 5159 ab
3218 5097 3453 5179 aliquo,

1966 5213 2361 5277 consequens
2400 5194 2831 5276 operationem
2876 5194 3194 5271 divinam3
3236 5203 3457 5276 estque

1967 5294 2031 5356 in
2083 5313 2149 5355 re
2201 5300 2409 5355 creata
2454 5299 2525 5353 ut
2576 5291 2640 5353 in
2690 5291 3001 5372 subjecto,
3049 5293 3455 5374 quemadmo-
