4334 6242
111 3151 225 3195 Recte.
235 3157 320 3204 ιι,3.

115 3249 158 3291 1ο.
168 3265 250 3301 uvi,
263 3256 321 3297 24.

109 3348 226 3393 lauh
241 3365 320 3402 xxv,

1023 508 1223 556 u'rntm
1264 506 1487 554 ANGEM
1529 506 1714 553 PnAvl
1755 503 1890 549 sim·
1932 501 2251 553 onszA'rl
2291 505 2355 552 IN
2398 506 2601 563 vrr11S,
2642 506 2771 554 mc.

3329 488 3443 553 381

337 680 417 743 ab
449 680 804 757 intellectu,
835 683 956 745 hoc
987 682 1176 745 modo
1214 678 1696 763 impossibilitas
1733 695 1838 760 po-
1867 676 1919 740 A
1951 695 2078 740 non
2135 678 2321 752 velle,
2378 678 2527 760 quia
2582 679 2932 741 secundum
2993 677 3444 759 Augustinum‚

339 786 453 841 test
487 799 627 842 esse
661 781 726 842 in
757 781 1220 864 compositione
1249 779 1350 841 vel
1382 798 1459 840 ex
1489 794 1842 859 repugnan-

337 876 424 938 tia
456 877 803 941 intrinseca
843 879 1264 941 terminorum
1304 877 1472 937 inter
1500 894 1589 947 se,
1622 874 1724 935 vel
1762 892 1840 935 ex

336 975 552 1057 aliquo
596 977 957 1041 extrinseco
1000 977 1169 1059 quod
1214 974 1561 1057 requiritur
1603 973 1682 1035 ad
1722 972 1842 1034 hoc

338 1074 508 1156 quod
559 1082 842 1138 extrema
885 1076 1013 1138 sint
1054 1074 1251 1137 unita.
1285 1074 1501 1155 Itaque
1550 1070 1843 1153 impossi-

338 1170 556 1235 bilitas
597 1173 719 1235 ista
748 1192 876 1237 non
915 1182 1012 1237 est
1049 1192 1128 1236 ex
1168 1170 1589 1254 repugnantia
1623 1168 1845 1232 intrin-

339 1288 484 1332 seca
527 1279 960 1335 extremorum
996 1288 1010 1335 ε
1046 1272 1112 1335 in
1162 1270 1452 1351 subjecto
1498 1269 1669 1332 enim
1715 1285 1843 1329 non

339 1378 434 1432 est
467 1371 893 1452 repugnantia
921 1372 998 1434 ad
1031 1370 1464 1453 praedicatum.
1500 1367 1564 1429 Si
1594 1384 1720 1448 qua
1749 1383 1843 1427 er-

336 1487 416 1549 go
445 1468 532 1531 sit
561 1469 666 1532 hie
701 1469 1207 1552 impossibilitaS‚
1236 1467 1358 1531 erit
1385 1486 1462 1529 ex
1493 1482 1847 1548 repugnan-

339 1568 425 1628 tia
471 1565 751 1648 alicujus
794 1568 1133 1630 extrinseci
1177 1567 1255 1629 ad
1298 1566 1600 1629 unionem
1647 1570 1848 1625 extre-

339 1682 594 1727 morum
628 1665 893 1728 istorum
925 1683 939 1727 ε
975 1674 1037 1728 et
1067 1665 1226 1727 illud
1255 1663 1684 1727 extrinsecum
1717 1678 1844 1724 non

341 1771 552 1845 potest
580 1781 718 1826 esse
758 1764 885 1826 nisi
917 1765 1105 1837 Deus,
1139 1763 1250 1848 qui
1292 1762 1464 1825 solus
1503 1767 1600 1823 est
1627 1759 1843 1841 gratiae

1949 774 2112 836 nihil
2145 783 2273 837 tam
2304 783 2397 837 est
2432 776 2493 837 in
2535 784 2844 858 potestate
2874 777 3217 840 voluntatis
3251 795 3443 858 quam

1951 872 2090 955 ipsa
2126 874 2440 947 voluntaS‚
2474 875 2772 938 videlicet
2816 882 3127 957 quantum
3171 877 3249 937 ad
3296 894 3443 957 ope-

1952 972 2095 1033 rari.
2129 1007 2213 1018 —
2240 973 2401 1037 Hinc
2427 974 2681 1037 videtur
2710 993 2896 1057 posse
2928 974 3075 1047 dici,
3108 976 3277 1056 quod
3318 994 3447 1037 non

1952 1070 2313 1133 necessario
2344 1071 2579 1134 habent
2619 1073 2899 1155 aliquem
2939 1081 3153 1135 actum
3184 1073 3448 1147 malum,

1955 1186 2071 1231 nec
2104 1168 2422 1250 loquendo
2451 1169 2529 1232 de
2569 1179 2713 1233 actu
2751 1170 3193 1246 determinato,
3228 1190 3345 1233 nec
3376 1172 3455 1235 de

1953 1274 2099 1329 actu
2164 1267 2655 1331 indeterminato
2717 1288 2830 1331 seu
2892 1287 3051 1351 vago
3113 1287 3128 1333 ε
3191 1277 3458 1352 possunt

1955 1365 2128 1427 enim
2174 1384 2243 1427 se
2285 1374 2568 1429 avertere
2609 1366 2689 1430 ab
2737 1385 2866 1430 uno
2912 1377 3059 1431 actu
3107 1369 3185 1431 ad
3234 1369 3453 1432 alium.

1955 1464 2256 1537 Quamvis
2299 1483 2450 1545 ergo
2488 1482 2615 1527 non
2658 1466 2905 1547 possint
2941 1466 3175 1529 habere
3214 1468 3460 1531 volitio-

1956 1581 2103 1624 nem
2150 1564 2476 1626 moraliter
2525 1564 2755 1627 bonam
2810 1564 3090 1628 bonitate
3140 1567 3459 1649 completa

1955 1678 2031 1723 ex
2078 1661 2575 1725 circumstantiis
2632 1664 2923 1745 singuliS‚
2973 1672 3251 1728 attamen
3312 1684 3454 1747 pos·

1956 1766 2105 1822 sunt
2152 1760 2387 1825 habere
2434 1780 2576 1824 eam
2625 1762 2949 1824 moraliter
2989 1763 3224 1827 bonam
3272 1764 3452 1828 boni-

341 1880 550 1923 causa.
587 1862 750 1943 Ergo
791 1861 1188 1945 impossibile
1228 1861 1350 1923 erit
1385 1859 1626 1941 angelis
1658 1857 1842 1921 malis
1878 1861 1926 1925 B
1957 1864 2082 1919 tate
2124 1857 2527 1941 incompleta.
2560 1896 2640 1905 —
2669 1861 2813 1925 Haec
2855 1861 3096 1924 Scotus.

343 1958 504 2023 bene
553 1960 743 2035 velle,
783 1961 1180 2042 gratiamque
1227 1959 1482 2033 habere,
1529 1957 1682 2039 quia
1727 1956 1844 2019 im·

343 2058 650 2141 possibile
695 2066 790 2123 est
831 2060 1034 2122 Deum
1078 2059 1172 2121 eis
1212 2059 1477 2140 gratiam
1524 2058 1692 2119 dare.
1727 2056 1846 2118 Im-

345 2157 735 2239 possibilitas
783 2158 1046 2221 demum
1095 2176 1172 2220 ex
1215 2164 1393 2240 parte
1437 2156 1546 2219 Dei
1591 2164 1689 2218 est
1735 2155 1842 2217 du-

345 2256 856 2337 plex,videlicet,
875 2275 952 2319 ex
984 2263 1161 2338 parte
1193 2255 1490 2337 potentiae
1517 2254 1841 2327 ordinatae,

341 2362 403 2415 et
451 2372 531 2416 ex
581 2363 759 2437 parte
818 2355 1119 2437 potentiae
1165 2353 1490 2417 absolutae.
1539 2352 1846 2415 Absoluta

341 2462 436 2515 est
465 2462 758 2535 respectu
788 2454 1081 2517 omnium
1110 2473 1252 2537 quae
1281 2452 1844 2515 contradictionem

344 2568 470 2613 non
513 2551 874 2627 includunt,
907 2560 971 2615 et
1013 2552 1107 2614 sic
1146 2569 1271 2614 non
1312 2557 1409 2612 est
1447 2548 1844 2632 impossibile

344 2648 545 2710 Deum
577 2649 734 2731 ipsis
763 2650 1033 2731 gratiam
1063 2648 1401 2731 impertiri.
1421 2648 1702 2711 Potentia
1731 2646 1845 2709 Dei

345 2747 653 2821 ordinata,
685 2754 782 2809 est
821 2766 964 2829 quae
993 2754 1090 2811 est
1128 2745 1474 2809 conformis
1507 2746 1572 2808 in
1601 2746 1845 2827 agendo

347 2845 583 2926 regulis
631 2844 1202 2927 praedeterminatis
1251 2864 1288 2907 a
1334 2844 1549 2906 divina
1595 2842 1844 2925 sapien-

345 2943 452 3015 tia,
487 2944 589 3005 vel
633 2943 844 3025 potius
883 2962 920 3005 a
951 2942 1278 3005 voluntate
1317 2940 1554 3014 divina,
1589 2948 1659 3003 ut
1696 2948 1844 3003 sunt

2035 1956 2154 2029 Qui
2203 1956 2279 2019 de
2321 1957 2422 2021 his
2465 1959 2688 2022 scribit
2734 1960 3010 2021 multum
3058 1960 3316 2035 diffuse,
3349 1962 3451 2025 vel

1957 2053 2477 2136 magis-prolixe.
2529 2056 2607 2118 Et
2667 2057 2834 2120 sicut
2893 2057 3158 2139 patebit,
3216 2059 3455 2141 scripta

1953 2150 2095 2232 ejus
2155 2160 2305 2215 sunt
2360 2163 2579 2217 contra
2635 2156 3115 2219 excellentiores
3164 2158 3453 2221 doctores

1955 2251 2401 2327 communiter,
2436 2271 2555 2315 nec
2600 2253 2720 2316 rite
2760 2255 3131 2335 procedunt.
3166 2254 3341 2329 Quod
3386 2262 3457 2319 ut

1955 2348 2185 2411 clarius
2217 2348 2583 2425 innotescat,
2597 2351 2985 2416 introducam
3016 2352 3280 2417 aliorum
3311 2354 3460 2417 scri·

1899 2527 1906 2531 ·
1955 2453 2064 2528 pta
2111 2447 2190 2509 de
2239 2448 2361 2511 ista
2404 2450 2687 2525 materia,
2722 2470 2800 2513 ex
2842 2451 3078 2534 quibus
3120 2454 3458 2536 responde-

1956 2543 2131 2607 bitur
2172 2546 2250 2608 ad
2294 2566 2465 2609 nunc
2507 2554 2690 2611 tacta.

2035 2743 2253 2825 Itaque
2283 2744 2592 2808 Henricus
2622 2747 2999 2820 Quodlibeto
3028 2757 3455 2831 octav0‚quae-

1955 2841 2160 2905 stione
2191 2843 2531 2906 undecima
2564 2862 2577 2905 z
2612 2845 3013 2928 Quadruplex
3042 2848 3310 2930 (inquit)
3337 2847 3459 2910 dis·

1956 2939 2268 3021 tinguitur
2298 2940 2561 3016 bonum,
2594 2942 2914 3019 videlicet,
2946 2953 3208 3021 naturae,
3234 2946 3453 3019 moriS‚

347 3041 580 3122 regulae
619 3042 684 3103 in
726 3040 1072 3123 Scripturis
1115 3058 1451 3122 expressae,
1494 3038 1791 3102 videlicet
1824 3054 1839 3099 ε
1879 3040 1923 3105 C
1953 3039 2193 3119 gratiae,
2239 3047 2303 3102 et
2342 3040 2578 3121 gloriae.

347 3139 744 3221 Ubicumque
785 3138 1089 3201 ceciderit
1134 3138 1404 3219 lignum,
1438 3136 1530 3198 ibi
1571 3136 1727 3215 erit3
1756 3144 1840 3211 et,

346 3237 593 3300 Vermis
623 3255 845 3300 eorum
885 3254 1014 3299 non
1049 3236 1378 3309 morietur,
1411 3240 1474 3297 et
1513 3234 1679 3315 ignis
1717 3252 1844 3297 non

347 3326 1157 3417 exstinguetur3‘itemque‚
1190 3334 1379 3395 Ibunt
1407 3331 1472 3394 hi
1507 3332 1572 3395 in
1604 3332 1845 3414 suppli·

347 3434 516 3495 cium
561 3433 1048 3515 sempiternum,
1079 3432 1236 3512 justi
1279 3438 1493 3493 autem
1544 3430 1609 3491 in
1651 3430 1847 3492 vitam

343 3541 664 3595 aeternam.
721 3530 810 3592 Ex
870 3530 1105 3613 quibus
1163 3528 1399 3610 regulis
1456 3527 1848 3608 Augustinus

342 3629 654 3693 vicesimo
685 3630 896 3711 primo
925 3629 1002 3691 de
1033 3628 1300 3693 Civitate
1331 3626 1442 3689 Dei
1474 3625 1796 3688 concludit
1830 3643 1845 3687 :

345 3729 602 3792 Certum
641 3735 739 3790 est
779 3728 979 3790 Deum
1019 3745 1347 3811 nunquam
1389 3725 1688 3787 daturum
1728 3725 1850 3787 dae-

345 3826 645 3889 monibus
693 3825 980 3907 gratiam.
1027 3825 1256 3907 Sicque
1306 3821 1707 3906 impossibile
1755 3830 1850 3884 est

345 3944 449 3988 eos
490 3924 656 3987 bene
702 3923 890 3998 velle,
924 3924 1073 4006 quia
1121 3921 1520 4005 impossibile
1562 3928 1657 3984 est
1697 3922 1846 3996 De0‚

349 4024 664 4106 loquendo
712 4022 790 4085 de
841 4022 1124 4104 potentia
1170 4022 1483 4095 ordinata,
1517 4022 1666 4083 dare
1713 4039 1849 4102 gra-

349 4121 501 4184 tiam
546 4121 696 4183 illis.

2036 3137 2361 3201 Damnatis
2418 3146 2631 3203 autem
2688 3160 2814 3203 non
2874 3141 3161 3206 aufertur
3212 3142 3453 3206 bonum

1955 3243 2220 3310 naturae,
2253 3245 2567 3320 quatenus
2609 3237 2676 3300 in
2720 3239 2877 3320 ipsis
2925 3249 3287 3322 perseveret
3330 3260 3460 3304 ma·

1956 3333 2089 3394 lum
2137 3352 2362 3416 poenae.
2400 3334 2575 3397 Unde
2616 3335 2681 3397 in
2720 3336 3059 3399 Moralibus
3105 3338 3193 3399 ait
3232 3338 3459 3420 Grego-

1959 3430 2439 3505 riuszouamvis
2470 3432 2761 3495 diabolus
2792 3433 3207 3497 sublimitatis
3238 3446 3458 3518 poten-

1956 3528 2112 3591 tiam
2155 3530 2456 3611 perdidit,
2500 3531 2920 3593 subtilitatem
2966 3540 3176 3595 tamen
3219 3544 3460 3600 natura)

1959 3626 2285 3689 rationalis
2334 3645 2463 3690 non
2512 3628 2744 3693 amisit.
2797 3628 2874 3691 Et
2924 3630 3010 3692 ita
3056 3630 3223 3692 sicut
3271 3632 3462 3695 habet

1959 3725 2199 3788 bonum
2232 3734 2493 3801 naturae,
2528 3728 2621 3791 sie
2652 3727 2842 3790 habet
2869 3728 3109 3791 bonum
3154 3731 3460 3794 naturalis

1959 3832 2138 3887 actus
2170 3824 2237 3886 in
2268 3824 2530 3888 sciendo
2561 3826 3101 3909 intelligendoque
3133 3828 3335 3891 multa
3364 3848 3464 3892 ve·

1961 3941 2049 3995 ra,
2073 3923 2345 3984 naturali
2377 3924 2679 4003 scientia3
2711 3925 2985 3986 naturali
3017 3925 3209 3988 etiam
3238 3927 3462 3990 volun·

1961 4029 2108 4094 tate,
2144 4020 2211 4081 in
2261 4022 2716 4103 complacendo
2768 4021 2937 4085 bono
2980 4031 3218 4088 naturae
3260 4033 3324 4087 et
3365 4025 3462 4088 fu-

1958 4118 2191 4199 giendo
2224 4118 2463 4182 malum
2494 4120 2720 4200 ipsius,
2755 4120 2886 4184 imo
2920 4140 3035 4203 per
3064 4123 3459 4205 synderesim

426 4220 901 4301 consequenter
930 4218 1299 4293 videndum,
1333 4237 1413 4280 an
1456 4218 1704 4300 possint
1742 4217 1850 4279 ha·
1879 4216 1930 4280 D
1960 4224 2024 4279 et
2053 4216 2460 4281 conscientiae
2490 4236 2775 4281 vermem
2811 4220 3181 4284 detestando
3216 4222 3457 4286 malum

349 4317 495 4382 bere
532 4318 908 4382 volitionem
952 4316 1274 4380 moraliter
1308 4335 1420 4378 seu
1461 4334 1539 4378 ex
1579 4315 1851 4379 circum-

349 4418 576 4481 stantia
631 4424 696 4480 et
757 4436 836 4479 ex
897 4416 1110 4499 specie
1175 4415 1427 4477 bonam.
1491 4416 1568 4477 Et
1628 4414 1851 4477 dicunt

349 4517 604 4598 quidam
636 4516 806 4598 quod
845 4533 996 4589 non,
1030 4514 1332 4597 quoniam
1373 4531 1632 4575 omnem
1665 4532 1848 4576 suam

347 4615 718 4677 volitionem
748 4612 1107 4677 deformant
1136 4632 1213 4675 ex
1244 4613 1716 4675 circumstantia
1744 4612 1853 4674 ali-

349 4732 469 4795 qua
498 4712 879 4786 inordinata,
913 4711 1248 4775 referendo
1278 4710 1454 4773 illam
1492 4711 1848 4774 inordinate

349 4812 422 4873 ad
449 4830 738 4875 amorem
771 4810 888 4873 sui.
923 4808 1189 4872 Habitus
1229 4827 1483 4892 quoque
1522 4810 1589 4872 in
1619 4810 1712 4872 eis
1751 4818 1850 4873 est

349 4911 626 4993 perfecte
657 4909 1128 4990 maluS‚estque
1160 4908 1224 4971 in
1257 4908 1530 4971 termino
1563 4926 1577 4970 ε
1611 4915 1676 4970 et
1705 4908 1848 4972 ideo

349 5008 609 5071 omnino
639 5006 905 5087 inclinat
931 5007 1010 5070 ad
1044 5007 1302 5069 malum.
1337 5042 1418 5051 —
1448 5006 1676 5069 Contra
1706 5026 1848 5088 quae

349 5105 672 5186 objicitur,
705 5105 858 5188 quia
887 5104 954 5166 in
983 5104 1076 5167 eis
1109 5111 1323 5166 manet
1352 5121 1672 5167 remorsus
1703 5124 1847 5188 syn-

350 5206 608 5279 deresiS‚
658 5212 722 5268 et
771 5203 1008 5267 habent
1053 5211 1268 5267 actum
1316 5204 1666 5267 naturalem
1720 5223 1847 5268 non

351 5303 692 5385 vitiosum3
728 5312 920 5386 atque
965 5322 1042 5367 ex
1092 5302 1383 5367 libertate
1425 5322 1540 5366 sua
1581 5310 1850 5386 possunt

1961 4314 2184 4397 culpae.

2051 4412 2114 4475 Si
2173 4431 2328 4476 vero
2386 4413 2774 4497 intelligatur
2832 4417 3100 4499 quaestio
3153 4418 3231 4481 de
3290 4418 3459 4483 bono

1961 4513 2180 4587 moriS,
2214 4513 2384 4595 quod
2416 4514 2705 4577 consistit
2733 4514 2799 4577 in
2830 4524 2975 4577 actu
3006 4516 3456 4598 deliberativ03

1959 4611 2327 4686 dicendum,
2364 4612 2534 4693 quod
2574 4612 2640 4673 in
2680 4620 2825 4676 actu
2868 4614 3088 4677 morali
3130 4623 3281 4677 sunt
3307 4615 3455 4691 duo,

1958 4710 2277 4784 videlicet,
2312 4709 2666 4773 substantia
2694 4720 2895 4787 actus,
2920 4719 2983 4774 et
3012 4712 3237 4789 forma,
3264 4733 3458 4795 quam

1958 4808 2235 4891 imponit
2283 4809 2555 4872 intentio
2602 4811 2923 4892 operantis
2958 4829 2973 4873 τ
3007 4829 3281 4893 quorum
3329 4814 3456 4894 pri-

1960 4926 2135 4970 mum
2169 4916 2377 4990 potest
2404 4928 2542 4971 esse
2574 4909 2640 4971 in
2671 4910 3002 4973 damnatis,
3034 4944 3111 4955 -
3138 4911 3453 4985 Quantum

1957 5015 2170 5069 autem
2226 5008 2304 5070 ad
2352 5006 2620 5070 formam
2673 5016 2850 5070 actus
2908 5009 3455 5093 intentionemque

1957 5104 2133 5180 finis,
2158 5106 2380 5168 dicunt
2409 5106 2629 5189 aliqui,
2662 5108 2832 5189 quod
2862 5108 2927 5169 in
2960 5116 3169 5171 actum
3211 5108 3454 5173 bonum

1957 5210 2165 5286 potest
2205 5204 2539 5269 damnatus
2569 5225 2648 5269 ex
2678 5206 2911 5288 pietate
2949 5208 3240 5270 naturali.
3275 5208 3453 5282 Quod

1956 5302 2210 5365 videtur
2248 5302 2485 5365 sentire
2510 5304 2902 5384 Augustinus
2940 5324 3134 5388 super
3163 5306 3346 5382 illud,
3378 5307 3451 5371 In
3502 5327 3713 5383 Pasas.
