4334 6242
1330 477 1504 524 mmm
1544 477 1587 524 ii
1629 475 2111 524 sammunmi.
2155 496 2236 507 —
2277 478 2430 525 nisr.
2477 478 2546 525 iii
3370 453 3481 518 181

394 649 531 713 sive
566 649 874 736 dilecti03
914 653 1195 719 liberum
1234 672 1497 737 quoque
1535 653 1903 734 arbitrium,
1936 654 2004 717 id
2043 657 2140 718 est
2179 653 2383 718 libera
2411 651 2801 716 inclinandae
2840 651 3199 716 voluntatis
3235 651 3375 715 sive
3403 652 3486 714 ad

394 768 636 832 bonum
665 769 807 833 sive
845 772 927 834 ad
957 773 1207 836 malum
1246 773 1565 836 facultas:
1598 772 1900 853 poterant
1936 773 2111 834 enim
2149 789 2267 853 per
2303 770 2582 834 liberum
2622 769 2964 833 arbitrium
3004 769 3146 832 sine
3174 768 3486 832 violentia
3513 785 3776 842 augasm-

395 885 459 948 et
502 887 835 951 coactione
882 888 964 950 ad
1011 889 1397 953 utrumlibet
1440 888 1706 970 propria
1751 888 2086 951 voluntate
2133 887 2411 950 deflecti.
3513 849 3775 964 ιῗῖοιῗῖἷέ.

524 1121 599 1184 Β.
653 1125 763 1186 An
814 1138 1069 1188 omnes
1115 1127 1365 1202 anoeli
1405 1125 1693 1198 fuerint
1736 1128 2060 1200 aequales
2105 1128 2184 1186 in
2231 1125 2494 1196 tribua,
2545 1123 2850 1198 scilicet,
2895 1125 2973 1186 in
3002 1125 3346 1197 essentia,

1224 1245 1302 1306 in
1347 1243 1748 1317 sapientia,
1800 1246 1877 1305 in
1926 1243 2269 1304 libertate
2314 1241 2644 1303 arbitrii.

522 1443 649 1505 Hic
688 1444 1235 1508 considerandum
1267 1447 1387 1526 est,
1420 1447 1644 1509 utrum
1684 1447 1753 1508 in
1788 1463 1911 1509 sua
1937 1445 2304 1508 substantia
2339 1444 2690 1526 spirituali,
2713 1445 2777 1507 et
2807 1444 3128 1525 sapientia
3153 1445 3480 1523 rationali,
3547 1452 3609 1496 ¹d-
3630 1453 3686 1526 de,
3703 1452 3777 1496 S·-

393 1561 457 1624 et
505 1559 801 1624 libertate
848 1561 1123 1642 arbitrii,
1164 1580 1313 1642 quae
1356 1563 1665 1626 omnibus
1712 1564 1989 1643 inerant,
2041 1579 2272 1625 omnes
2321 1561 2608 1643 aequales
2662 1560 2908 1624 fuerint
2948 1581 2962 1621 ε
3003 1563 3078 1623 ut
3127 1563 3214 1624 sit
3273 1562 3486 1643 prima
3511 1516 3776 1634 ffssffssssf‘

393 1676 823 1740 consideratio
872 1676 953 1740 de
989 1677 1378 1758 substantia,
1419 1680 1705 1742 secunda
1754 1680 1834 1742 de
1884 1677 2117 1758 forma,
2162 1679 2354 1741 tertia
2397 1678 2477 1740 de
2523 1677 2865 1760 potestate.
2911 1677 3200 1740 Persona
3240 1678 3486 1759 quippe

391 1791 753 1854 substantia
814 1793 935 1870 est,
994 1794 1315 1874 sapientia
1380 1793 1613 1875 forma,
1672 1795 2017 1858 arbitrium
2074 1795 2385 1874 potestas.
2449 1794 2536 1855 Et
2591 1793 2672 1854 ad
2727 1793 3161 1856 substantiam
3217 1793 3486 1873 quidem

390 1909 670 1989 pertinet
710 1911 960 1974 naturae
1006 1909 1359 1991 subtilitas,
1401 1911 1483 1973 ad
1530 1911 1811 1974 formam
1850 1926 2003 1975 vero
2042 1910 2491 1991 intelligentiae
2539 1909 3023 1991 perspicacitaS,
3066 1910 3132 1972 et
3175 1909 3258 1971 ad
3303 1911 3488 1990 pote-

390 2025 626 2088 statem
674 2025 1013 2088 rationalis
1059 2026 1420 2091 voluntatis
1464 2027 1793 2090 habilitas

520 2141 661 2205 Illae
709 2159 865 2223 ergo
911 2144 1211 2207 essentiae
1262 2145 1637 2225 rationaleS,
1677 2162 1825 2225 quae
1872 2161 2168 2225 personae
2207 2145 2392 2208 erant
2435 2145 2500 2206 et
2545 2143 2816 2224 spiritus
2864 2144 3069 2222 erant,
3123 2144 3484 2224 naturaque
3525 2159 3633 2204 ibid.
3661 2173 3699 2203 e.
3721 2164 3762 2204 ο.

388 2257 722 2338 simplices
750 2260 816 2321 et
838 2259 974 2321 vita
993 2259 1423 2354 immortaleS‚
1441 2261 1848 2324 differentem
1879 2262 2180 2325 essentia-2
2211 2260 2596 2324 tenuitatem
2622 2260 2687 2323 et
2713 2257 3120 2323 differentem
3145 2260 3484 2358 sapientiai

388 2375 950 2456 perspicacitatem
998 2379 1195 2456 atque
1241 2377 1649 2441 differentem
1696 2377 1970 2462 arbitrii,
1994 2377 2362 2441 libertatem
2402 2379 2466 2440 et
2503 2375 2910 2438 habilitatem
2958 2377 3130 2439 recte
3175 2375 3485 2440 habuisse

387 2491 846 2572 intelliguntur
886 2512 901 2554 :
943 2492 1114 2555 sicut
1150 2493 1220 2556 in
1259 2494 1642 2573 corporibus
1688 2493 2003 2557 nonnulla
2048 2493 2415 2556 differentia
2463 2494 2562 2556 est
2606 2492 2967 2555 secundum
3018 2492 3368 2555 essentiam
3411 2509 3486 2555 ac

388 2605 671 2670 formam
701 2609 766 2671 et
798 2609 1081 2689 pondus,
1107 2609 1425 2682 Quaedam
1455 2610 1632 2673 enim
1670 2610 1819 2674 aliis
1857 2611 2200 2674 meliorem
2232 2627 2306 2671 ac
2335 2607 2701 2690 digniorem
2731 2609 3081 2672 essentiam
3113 2611 3178 2671 et
3205 2609 3484 2672 formam

386 2721 650 2803 habent,
692 2725 758 2786 et
793 2723 923 2786 alia
959 2725 1109 2788 aliis
1154 2725 1401 2788 leviora
1450 2727 1646 2806 atque
1694 2725 1969 2806 agiliora
2004 2725 2180 2788 sunt.
2227 2724 2328 2787 Ad
2372 2724 2548 2788 hunc
2587 2709 2738 2804 ergo
2777 2723 3050 2787 m'odum
3090 2724 3484 2788 credendum

386 2839 507 2918 ost,
539 2838 691 2902 illas
726 2841 1102 2921 spirituales
1138 2843 1405 2904 naturas
1452 2844 1913 2905 convenientes
1950 2859 2087 2905 suae
2128 2841 2400 2922 puritati
2443 2842 2508 2903 et
2537 2840 2962 2919 excellentiae,
3004 2841 3070 2903 et
3105 2841 3174 2902 in
3205 2841 3488 2904 essentia

387 2954 547 3018 etin
588 2955 803 3018 forma
830 2958 897 3019 et
933 2958 1002 3018 in
1043 2956 1373 3037 facultate,
1401 2957 1803 3021 differentias
1840 2959 2166 3039 accepisse
2205 2957 2274 3019 in
2304 2957 2571 3020 exordio
2609 2974 2746 3019 suae
2786 2956 3203 3035 conditionis,
3244 2957 3487 3036 quibus

386 3070 499 3133 alii
528 3070 895 3152 inferioreS,
917 3072 1033 3136 alii
1061 3073 1433 3154 superiores
1460 3074 1583 3136 Dei
1612 3074 1933 3155 sapientia
1962 3074 2534 3153 constituerentur,
2566 3072 2714 3135 aliis
2743 3072 3016 3154 majora,
3041 3072 3190 3136 aliis
3227 3073 3484 3136 minora

384 3185 557 3248 dona
594 3187 968 3267 praestantis
1009 3209 1023 3249 ε
1066 3189 1141 3250 ut
1177 3189 1292 3269 qui
1330 3190 1487 3252 tunc
1532 3207 1649 3269 per
1682 3190 2006 3252 naturalia
2045 3189 2219 3252 bona
2255 3189 2405 3251 aliis
2451 3188 2875 3268 excellebant,
2917 3189 3046 3270 ipsi
3093 3189 3291 3252 etiam
3329 3190 3482 3269 post

384 3321 500 3384 per
541 3321 816 3367 munera
850 3305 1077 3386 gratiae
1116 3306 1363 3369 eisdem
1406 3308 1782 3387 praeessent.
1818 3305 1946 3379 Qui
1981 3306 2156 3370 enim
2207 3307 2438 3368 natura
2476 3305 2688 3384 magis
2729 3304 3004 3370 subtiles
3051 3307 3117 3369 et
3159 3305 3482 3386 sapientia
3509 3325 3614 3370 ibid.
3634 3338 3674 3369 ο.
3705 3331 3769 3371 ιο.

382 3419 671 3501 amplius
706 3421 1114 3502 perspicaces
1151 3423 1350 3486 creati
1379 3423 1555 3502 sunt,
1598 3423 1667 3484 hi
1698 3423 1896 3486 etiam
1934 3421 2298 3504 majoribus
2334 3421 2560 3502 gratiae
2598 3421 2982 3485 muneribus
3010 3422 3269 3502 praediti
3299 3424 3476 3502 sunt,

381 3537 449 3600 et
474 3536 793 3618 dignitate
822 3537 1315 3602 excellentiores
1346 3537 1495 3600 aliis
1524 3538 1884 3600 constituti.
1910 3538 2037 3611 Qui
2067 3555 2222 3600 vero
2254 3538 2487 3599 natura
2515 3537 2737 3598 minus
2765 3537 3040 3600 subtiles
3068 3539 3132 3600 et
3159 3539 3481 3619 sapientia

382 3653 603 3716 minus
652 3653 1061 3733 perspicaces
1108 3654 1355 3717 conditi
1401 3654 1577 3732 sunt,
1620 3655 1877 3716 minora
1912 3654 2137 3734 gratiae
2175 3653 2350 3716 dona
2383 3652 2774 3732 habuerunt,
2815 3651 3286 3734 inferioresque
3324 3672 3481 3718 con-

381 3769 595 3833 stituti
644 3769 801 3832 sunt
854 3770 1175 3850 sapientia
1225 3770 1349 3834 Dei
1402 3787 1592 3850 aequo
1648 3770 2096 3832 moderamine
2142 3771 2376 3832 cuncta
2432 3769 2814 3832 ordinantis.
2855 3769 2930 3832 In
2979 3770 3121 3850 ipsa
3172 3769 3480 3835 facultate
3509 3793 3616 3837 ibid.
3639 3807 3679 3836 e.
3704 3796 3768 3838 ii.

380 3883 633 3948 arbitrii
690 3885 1059 3949 differentia
1114 3886 1691 3949 animadvertenda
1746 3887 1845 3949 est
1887 3886 2250 3949 secundum
2297 3885 2704 3948 differentem
2750 3886 2999 3948 naturae
3038 3886 3373 3965 virtutem,
3416 3888 3480 3951 et

380 4000 794 4065 differentem
848 4002 1245 4082 cognitionis
1291 4003 1356 4064 et
1406 4001 1855 4082 intelligentiae
1894 4002 2031 4064 vim
2074 4021 2088 4062 :
2132 4003 2198 4064 et
2251 4001 2424 4064 sicut
2467 3999 2774 4063 differens
2811 4001 2997 4081 vigor
3034 4002 3100 4062 et
3148 4001 3478 4066 subtilitas

358 4121 631 4192 ‚naturae
696 4117 1145 4181 infirmitatem
1192 4135 1326 4180 non
1382 4118 1669 4198 adducit,
1721 4119 2065 4199 minorque
2122 4117 2409 4198 cognitio
2465 4116 2803 4197 sapientiae
2851 4117 3285 4196 ignorantiam
3344 4135 3478 4181 non

380 4235 659 4316 ingerit3
698 4235 795 4298 sic
835 4234 1101 4297 libertas
1138 4234 1409 4298 inferior
1444 4234 1695 4297 nullam
1734 4233 2000 4296 arbitrio
2038 4233 2446 4297 necessitatis
2484 4231 2889 4296 voluntatem
2931 4233 3233 4314 imponit.

912 4467 987 4531 C.
1047 4471 1213 4535 Quae
1258 4471 1683 4533 communia
1733 4469 1804 4531 et
1846 4472 2168 4546 oequalia
2216 4470 2635 4532 habuerunt
2678 4472 2950 4545 ampeli.

517 4685 604 4748 Et
652 4684 825 4748 sicut
878 4685 943 4746 in
988 4683 1319 4764 praedictis
1369 4681 1585 4764 angeli
1631 4682 2037 4762 differebant,
2072 4683 2163 4746 ita
2209 4683 2275 4745 et
2319 4680 2623 4763 quaedam
2662 4682 3040 4745 communia
3090 4684 3155 4746 et
3201 4684 3480 4763 aequalia
3506 4703 3615 4746 ibid.
3637 4717 3674 4747 e.
3703 4705 3768 4745 η.

382 4800 731 4866 habebant.
765 4799 957 4874 Quod
1007 4800 1279 4880 spiritus
1326 4801 1530 4879 erant,
1564 4798 1741 4880 quod
1786 4798 2278 4863 indissolubiles
2323 4800 2388 4862 et
2434 4799 2841 4863 immortales
2887 4799 3091 4878 erant,
3132 4815 3480 4863 commune

382 4917 695 4981 omnibus
746 4918 812 4980 et
847 4917 1099 4997 aequale
1145 4920 1302 4981 erat.
1338 4917 1413 4980 In
1464 4917 1826 4980 subtilitate
1866 4932 2017 4979 vero
2071 4918 2396 4996 essentiae,
2437 4918 2502 4980 et
2538 4916 2966 4997 intelligentia
3013 4916 3374 4998 sapientiae,
3415 4917 3482 4979 et

384 5033 685 5097 libertate
742 5031 1128 5112 voluntatis,
1186 5033 1559 5097 differentes
1610 5033 1813 5097 erant.
1865 5033 2003 5095 Has
2040 5032 2495 5116 distinctiones
2550 5031 2994 5112 intelligibiles
3043 5031 3479 5095 invisibilium

388 5151 773 5213 naturarum
804 5149 915 5212 ille
944 5150 1128 5213 solus
1156 5149 1704 5231 comprehendere
1732 5149 1949 5230 potuit
1979 5149 2045 5211 et
2072 5148 2453 5229 ponderare,
2477 5149 2591 5228 qui
2629 5149 2862 5211 cuncta
2891 5147 3045 5211 fecit
3072 5147 3140 5210 in
3169 5148 3478 5229 pondere,
3509 5177 3771 5233 summ,

386 5283 665 5330 numero
714 5266 779 5329 et
824 5281 1153 5329 mensura.
