4334 6242
1303 499 1479 544 mmm
1519 497 1562 543 n
1605 495 2088 542 ssu-rumimunt.
2133 513 2215 524 -
2255 494 2409 542 nrsr.
2444 493 2571 542 vm
3260 537 3265 542 ,
3367 473 3489 539 439

506 679 848 750 corporis
899 680 1287 752 qualitate,
1333 681 1671 752 aliquam
1717 677 2036 748 speciem
2082 677 2559 749 corporalem
2603 678 2689 736 de
2736 674 3275 748 corpulentiori
3312 688 3481 736 ma-

505 797 702 857 teria
759 797 1327 870 assumpserint,
1373 811 1474 858 an
1507 797 1905 868 proprium
1954 807 2223 866 corpus
2268 807 2483 856 suum
2530 793 2989 854 mutaverint
3035 794 3114 854 in
3164 793 3483 866 speciem

507 913 790 975 actioni
824 928 976 975 suae
1013 915 1296 988 aptam.

504 1117 632 1182 Sed
681 1116 795 1180 ubi
847 1117 1064 1180 Deum
1110 1117 1494 1181 hominibus
1542 1118 1610 1180 in
1662 1116 2111 1198 corporalibus
2161 1115 2565 1196 imaginibus
2610 1116 2990 1198 apparuisse
3042 1114 3297 1193 asserit,
3328 1133 3479 1196 per·
3507 1131 3669 1206 Apgae
3682 1131 3775 1206 Tfi-

371 1233 632 1313 plexam
674 1232 1108 1313 quaestionem
1157 1233 1488 1313 proponit,
1531 1249 1732 1312 quam
1781 1249 1900 1294 nec
1942 1230 2249 1311 absolvit,
2292 1249 2595 1312 quaerens
2638 1252 2651 1293 ε
2694 1233 2919 1295 utrum
2965 1231 3033 1292 in
3080 1230 3215 1293 illis
3253 1247 3481 1312 corpo-
3506 1194 3771 1309 mtffbfm'

372 1348 620 1412 ralibus
657 1347 1184 1430 apparitionibus
1222 1349 1516 1410 creatura
1553 1347 1776 1428 aliqua
1817 1348 2144 1410 crearetur
2180 1347 2263 1409 ad
2300 1347 2466 1410 illud
2504 1365 2673 1428 opus
2709 1349 2989 1427 tantum,
3026 1347 3092 1409 in
3132 1364 3263 1428 qua
3298 1346 3481 1410 Deus

372 1464 758 1527 hominibus
787 1465 1160 1545 appareret3
1193 1481 1275 1525 an
1306 1463 1520 1543 angeli
1561 1463 1675 1544 qui
1713 1465 1864 1526 ante
1903 1465 2108 1543 erant,
2142 1463 2235 1526 ita
2272 1464 2710 1542 mitterentur,
2741 1466 2815 1527 ut
2852 1465 3191 1528 manentes
3228 1464 3297 1527 in
3340 1463 3481 1526 suis

370 1579 828 1662 spiritualibus
857 1579 1266 1660 corporibuS,
1297 1580 1709 1642 assumerent
1737 1597 1818 1643 ex
1849 1579 2231 1660 corpulenta
2270 1579 2656 1643 inferiorum
2695 1580 3168 1644 elementorum
3207 1581 3481 1644 materia

371 1696 662 1778 aliquam
709 1695 998 1776 speciem
1048 1695 1476 1776 corporalem,
1510 1713 1711 1776 quam
1760 1696 2128 1777 coaptatam
2178 1695 2365 1776 quasi
2412 1697 2702 1777 aliquam
2740 1698 2991 1760 vestem
3039 1697 3369 1760 mutarent
3411 1697 3479 1758 in

371 1811 700 1894 quaslibet
744 1811 998 1892 species
1050 1812 1443 1892 corporales,
1490 1829 1678 1874 veras
1730 1811 2036 1892 quidem3
2091 1829 2175 1874 an
2228 1830 2465 1894 corpus
2515 1831 2711 1876 suum
2765 1814 3105 1894 proprium
3153 1815 3480 1877 verterent

371 1929 436 1992 in
489 1928 745 2010 species
794 1930 982 2010 aptas
1034 1927 1404 1990 actionibus
1451 1929 1615 2008 suis,
1661 1947 1777 2010 per
1825 1929 2135 1992 virtutem
2185 1928 2311 1992 sibi
2355 1947 2394 1991 a
2439 1929 2578 1992 Deo
2627 1930 2870 1992 datam.

501 2046 614 2108 Ait
663 2046 842 2108 enim
889 2045 982 2107 ita
1019 2043 1433 2124 Augustinus
1481 2045 1548 2108 in
1596 2045 1788 2108 tertio
1837 2044 2004 2107 libro
2053 2045 2134 2108 de
2173 2044 2491 2108 Trinitate
2532 2065 2547 2107 ε
2590 2045 3033 2119 Quaerendum
3084 2048 3183 2110 est
3227 2047 3297 2109 in
3344 2047 3479 2111 illis
3522 2064 3769 2117 mainan..

369 2162 662 2244 antiquis
709 2159 1160 2242 corporalibus
1205 2161 1440 2222 formis
1479 2162 1543 2223 et
1579 2161 1765 2240 visiS,
1807 2162 2032 2224 utrum
2079 2161 2162 2224 ad
2202 2161 2325 2224 hoc
2366 2179 2533 2243 opus
2570 2162 2827 2225 tantum
2866 2163 3162 2225 creatura
3200 2163 3481 2227 formata
3506 2131 3610 2172 Μ’

369 2280 480 2358 sit,
515 2279 584 2340 in
623 2295 754 2358 qua
781 2279 965 2340 Deus
1002 2277 1174 2339 sicut
1211 2278 1369 2340 tunc
1400 2277 1771 2357 oportuisse
1803 2276 2149 2356 jndicavit,
2184 2278 2495 2340 humanis
2534 2278 2984 2342 ostenderetur
3020 2278 3477 2360 adspectibus;

368 2413 452 2457 an
488 2394 705 2475 angeli
737 2394 851 2474 qui
883 2394 1025 2474 jam
1064 2393 1269 2472 erant,
1303 2393 1396 2455 ita
1424 2393 1874 2471 mittebantur,
1908 2394 1981 2455 ut
2020 2411 2100 2456 ex
2128 2409 2410 2474 persona
2436 2391 2561 2456 Dei
2591 2392 3035 2472 loquerentur,
3068 2395 3480 2458 assumentes

371 2509 778 2592 corporalem
816 2510 1102 2590 speciem
1134 2509 1214 2572 de
1244 2509 1539 2572 creatura
1576 2525 1887 2589 corporea
1925 2509 1992 2571 in
2031 2527 2231 2574 usum
2270 2509 2622 2573 ministerii
2652 2509 2793 2588 sui3
2834 2510 2949 2572 aut
2988 2511 3209 2592 ipsum
3241 2527 3482 2591 corpus
3512 2491 3515 2496 ¹

367 2643 592 2705 suum,
627 2625 732 2689 cui
761 2643 896 2688 non
933 2625 1330 2703 subduntur,
1356 2624 1470 2687 sed
1501 2623 1840 2687 subditum
1871 2627 2126 2705 regunt,
2157 2613 2493 2688 mutantes
2528 2627 2724 2706 atque
2754 2626 3083 2688 vertentes
3121 2625 3189 2688 in
3226 2625 3479 2706 species

367 2759 534 2822 quas
589 2740 856 2820 vellent,
915 2740 1442 2803 accommodatas
1496 2741 1692 2820 atque
1752 2741 1940 2821 aptas
2005 2741 2375 2804 actionibus
2438 2741 2603 2821 suis,
2664 2740 3029 2804 secundum
3095 2740 3475 2804 attributam

369 2876 408 2920 a
437 2857 743 2920 Creatore
782 2856 910 2919 sibi
940 2856 1326 2937 potentiam.
1363 2856 1490 2920 Sed
1531 2857 1738 2919 fateor
1768 2857 2078 2920 excedere
2119 2857 2293 2920 vires
2331 2857 2713 2920 intentionis
2751 2874 2938 2934 meae,
2971 2858 3195 2919 utrum
3233 2856 3473 2937 angeli,
3517 2872 3624 2916 ibid.
3646 2887 3690 2916 n.
3713 2877 3753 2918 s.

367 2973 674 3037 manente
723 2971 1050 3054 spirituali
1098 2972 1202 3033 sui
1251 2971 1542 3052 corporis
1589 2972 1927 3052 qualitate,
1968 2989 2085 3053 per
2130 2973 2299 3035 hanc
2360 2973 2681 3036 occultius
2729 2973 3095 3053 operanteS,
3136 2973 3477 3034 assumant
3540 3047 3551 3056 ⁶

367 3107 448 3152 ex
487 3086 916 3151 inferioribus
962 3086 1304 3150 elementis
1351 3086 1946 3168 corpulentioribus
1995 3104 2255 3168 corpuS,
2298 3089 2474 3168 quod
2520 3088 2646 3150 sibi
2696 3090 3072 3169 coaptatum
3108 3087 3297 3168 quasi
3351 3088 3475 3151 ali-

365 3222 568 3286 quam
610 3204 886 3282 vestem,
910 3205 1165 3266 mutent
1203 3203 1268 3265 et
1307 3203 1560 3264 vertant
1589 3203 1659 3264 in
1687 3202 2014 3283 quaslibet
2050 3204 2305 3284 species
2342 3204 2733 3285 corporaleS,
2768 3206 2833 3267 et
2862 3204 3039 3284 ipsas
3068 3221 3278 3284 veras,
3301 3205 3475 3267 sicut

367 3339 540 3402 aqua
584 3338 739 3383 vera
785 3319 856 3382 in
903 3319 1134 3382 vinum
1183 3336 1412 3381 verum
1461 3335 1774 3381 conversa
1819 3320 1919 3382 est
1953 3336 1992 3380 a
2032 3320 2361 3401 Domino;
2406 3337 2489 3382 an
2536 3319 2680 3400 ipsa
2723 3321 2989 3402 propria
3036 3337 3307 3401 corpora
3352 3338 3474 3384 sua
3498 3339 3764 3391 laamas.

367 3437 844 3501 transforment
899 3436 967 3497 in
1033 3435 1100 3498 id
1158 3435 1336 3515 quod
1391 3434 1646 3513 volunt,
1707 3436 2277 3498 accommodatum
2334 3437 2417 3499 ad
2471 3437 2541 3500 id
2596 3437 2776 3518 quod
2840 3439 3064 3517 agunt.
3126 3437 3255 3501 Sed
3312 3439 3472 3518 quid

369 3556 612 3618 horum
668 3554 778 3632 sit,
831 3552 1146 3633 quoniam
1206 3552 1404 3615 homo
1458 3569 1632 3631 sum,
1681 3552 1864 3614 nullo
1923 3552 2374 3633 experimento
2432 3553 2981 3635 comprehendere
3035 3554 3248 3634 vale0,
3302 3555 3473 3618 sicut

366 3670 584 3751 angeli
620 3669 736 3749 qui
784 3669 908 3730 hoc
946 3668 1170 3748 agunt.
1204 3701 1292 3713 -
1329 3667 1634 3745 Attende‚
1669 3667 1893 3746 lector,
1936 3668 2093 3748 quia
2140 3669 2577 3748 quaestionem
2622 3669 3027 3750 propositam
3074 3689 3207 3734 non
3245 3671 3468 3752 solvit,

365 3786 484 3849 sed
539 3784 978 3847 indiscussam
1037 3783 1304 3862 reliquit
1357 3801 1372 3843 ε
1424 3784 1643 3846 utrum
1701 3783 1915 3864 angeli
1975 3784 2090 3864 qui
2149 3784 2601 3864 mittebantur,
2661 3786 2937 3849 servatis
2991 3788 3132 3849 suis
3186 3787 3471 3868 propriis

364 3900 824 3983 spiritualibus
853 3899 1259 3981 corporibuS,
1293 3899 1884 3980 supervestirentur
1912 3899 2134 3981 aliqua
2172 3900 2639 3981 corpulentiori
2674 3902 2913 3982 specie,
2946 3902 3015 3965 in
3045 3921 3175 3983 qua
3203 3906 3473 3984 possent

365 4017 611 4096 videri3
653 4032 736 4079 an
785 4015 1006 4096 ipsum
1054 4033 1292 4096 corpus
1338 4015 1668 4078 mutarent
1704 4016 1768 4077 et
1804 4015 2347 4079 transformarent
2392 4016 2459 4078 in
2507 4033 2991 4098 quamcumque
3036 4017 3280 4081 vellent
3324 4037 3472 4100 spe-

311 4219 318 4226 ·
367 4136 561 4214 ciem,
603 4135 672 4196 in
722 4150 854 4214 qua
889 4134 1159 4214 possent
1196 4132 1395 4195 cerni.
1439 4131 1514 4192 In
1553 4130 1794 4211 quibus
1832 4130 2050 4194 verbis
2099 4131 2360 4194 videtur
2402 4132 2814 4212 Augustinus
2850 4134 3167 4213 attestari,
3200 4135 3469 4218 angelos

368 4271 513 4320 esse
561 4269 933 4332 corporeos,
977 4268 1050 4314 ac
1096 4250 1361 4332 propria
1407 4249 1469 4311 et
1516 4248 1884 4329 spiritualia
1928 4247 2168 4312 habere
2216 4265 2509 4330 corpora.

912 4493 993 4556 D.
1055 4495 1252 4561 Quod
1300 4495 1488 4554 Deus
1535 4496 1612 4554 in
1647 4495 1886 4564 spec-te
1935 4507 2080 4567 qua
2130 4494 2239 4554 est
2282 4494 2495 4568 Deus,
2548 4509 2929 4570 nunquam

1490 4609 1935 4671 mortalibus
1980 4611 2359 4682 apparuit.

503 4831 808 4894 Ceterum
849 4827 987 4888 haec
1024 4822 1206 4886 velut
1241 4822 1442 4884 nimis
1479 4821 1808 4902 profunda
1843 4821 2039 4902 atque
2070 4823 2348 4885 obscura
2384 4823 2847 4904 relinquenteS,
2880 4824 3043 4888 illud
3086 4825 3463 4889 indubitan-

365 4949 466 5011 ter
517 4949 882 5021 teneamuS,
933 4939 1109 5020 quod
1157 4939 1338 5001 Deus
1375 4939 1442 5000 in
1492 4939 1707 5019 specie
1765 4939 2065 5002 essentiae
2123 4957 2261 5002 suae
2312 4957 2651 5019 nunquam
2700 4941 3087 5004 mortalibus
3135 4945 3460 5024 apparuit,

368 5064 542 5127 sicut
589 5059 840 5123 famulo
891 5073 1010 5120 suo
1059 5055 1275 5135 Moysi
1322 5055 1483 5118 dicit
1533 5075 1548 5116 :
1594 5055 1744 5116 Non
1791 5054 2038 5118 videbit
2083 5073 2189 5117 me
2236 5056 2462 5134 homo,
2506 5058 2570 5118 et
2618 5057 2815 5119 vivet.
2868 5057 2952 5118 Et
3000 5059 3066 5120 in
3125 5061 3462 5141 evangelio
3542 5087 3694 5134 Em,

370 5179 646 5244 Joannis
683 5176 922 5256 legitur
955 5193 968 5233 :
1005 5173 1220 5235 Deum
1258 5190 1452 5235 nemo
1485 5173 1649 5234 vidit
1686 5189 2000 5252 unquam.
2027 5171 2305 5234 Visibile
2348 5173 2524 5234 enim
2564 5172 2923 5252 quidquam
2963 5192 3092 5237 non
3130 5177 3251 5256 est,
3287 5177 3462 5256 quod
3491 5153 3745 5266 '‘'Jfflgffl'

375 5313 508 5359 non
544 5294 632 5358 sit
671 5289 984 5356 mutabile
1019 5309 1034 5350 ι
1068 5289 1215 5353 ideo
1255 5289 1620 5352 substantia
1657 5289 1794 5352 sive
1825 5288 2107 5351 essentia
2141 5288 2289 5368 Dei,
2322 5289 2632 5369 quoniam
2676 5288 2854 5351 nullo
2894 5290 3089 5354 modo
3128 5293 3465 5357 mutabilis
3496 5281 3558 5320 ¹⁸·
