4334 6242
795 464 916 535 372

1478 491 1543 539 IN
1583 490 1805 540 Lunum
1847 493 1890 539 11
1933 484 2415 538 SENTENTtARun.
2459 509 2539 519 —
2581 485 2733 538 DIST.
2770 482 2896 554 Vn}
2940 488 3163 547 QUAEST.
3206 491 3229 538 1

795 660 955 723 Hinc
985 660 1314 743 Gregorius
1346 672 1567 746 quarto
1593 665 1914 727 Moralium
1937 664 2303 746 :Nunquam
2330 662 2381 725 A
2412 670 2490 737 at,
2534 670 2817 745 tempore
2864 663 3265 745 promerendi
3310 662 3497 725 finito
3546 679 3673 723 non
3714 658 3915 723 offert

797 760 1016 824 lumen
1049 764 1241 845 primi
1275 773 1473 826 status
1513 765 1781 846 accepit,
1815 764 1966 845 quia
2001 782 2126 825 non
2158 783 2299 845 per-

795 879 1018 923 suasus
1069 862 1228 924 illud
1277 864 1508 926 amisit.
1556 864 1883 937 Similiter,
1927 862 2161 924 cecidit
2208 882 2301 925 se-

795 959 1078 1021 cundum
1113 969 1378 1042 partem,
1415 962 1501 1025 ita
1529 962 1699 1043 quod
1739 970 2072 1044 peccatum
2108 980 2296 1023 suum

793 1056 919 1119 fuit
947 1058 1330 1139 particulare
1361 1067 1424 1122 et
1464 1060 1796 1143 personale
1831 1077 1844 1121 :
1879 1060 2022 1121 ideo
2061 1058 2299 1121 rectifi-

793 1155 924 1217 cari
955 1174 1084 1218 non
1116 1156 1355 1220 debuit.
1392 1159 1567 1221 Unde
1599 1160 1665 1219 in
1698 1158 2066 1220 Euchiridio
2096 1158 2301 1238 Augu-

793 1254 998 1317 stinus
1035 1272 1048 1317 :
1083 1256 1324 1318 Placuit
1373 1258 1806 1319 universitatis
1850 1256 2185 1330 conditori,
2229 1264 2300 1317 ut

792 1352 945 1434 quia
973 1371 1100 1415 non
1134 1361 1264 1417 tota
1302 1355 1673 1436 angelorum
1717 1354 2059 1416 multitudo
2095 1354 2297 1415 Deum

793 1451 1142 1515 deserendo
1199 1453 1495 1534 perierat,
1548 1472 1622 1515 ea
1680 1472 1822 1535 quae
1880 1452 2177 1534 perierat,
2231 1452 2297 1513 in

795 1556 1030 1612 aeterna
1060 1551 1464 1613 damnatione
1506 1559 1808 1613 maneret.
1842 1588 1924 1597 —
1951 1552 2185 1613 Verum
2220 1551 2299 1612 is-

796 1654 874 1709 tae
927 1648 1224 1711 similiter
1272 1657 1422 1711 sunt
1480 1650 1753 1712 rationes
1813 1649 2226 1730 congruitatis
2279 1666 2292 1711 :

794 1746 946 1829 quia
987 1746 1040 1808 si
1083 1748 1272 1809 homo
1315 1756 1641 1830 peccasset
1679 1748 1936 1829 propria
1971 1748 2296 1810 voluntate

2409 762 2675 841 gratiam
2716 782 2859 843 quae
2899 763 3291 824 voluntatem
3332 760 3679 843 praeveniat
3716 767 3914 840 atque

2410 860 2487 921 ad
2533 861 2975 942 poenitentiam
3024 860 3255 923 formet
3297 878 3312 922 ε
3361 860 3582 941 sicque
3624 863 3917 920 remanet

2410 958 2702 1020 voluntas
2756 957 2821 1020 in
2873 958 3339 1040 impoenitentia
3392 976 3509 1019 sua
3556 956 3621 1018 in
3672 954 3915 1037 sempi-

2408 1063 2681 1117 ternum.

2489 1155 2794 1217 Praeterea
2831 1154 2884 1217 si
2922 1154 3213 1236 objiciaS,
3246 1155 3414 1217 Deus
3454 1152 3745 1236 praevidit
3782 1152 3920 1214 dia-

2409 1250 2628 1314 bolum
2680 1260 3095 1334 peccaturum
3130 1270 3143 1314 :
3176 1258 3296 1315 'cur
3336 1270 3486 1333 ergo
3529 1250 3807 1334 prael'ixit
3852 1250 3918 1313 ei

2398 1358 2537 1413 tam
2572 1350 2764 1413 breve
2796 1358 3051 1433 tempus
3082 1351 3391 1425 merendi,
3425 1351 3514 1412 ita
3543 1358 3613 1412 ut
3642 1368 3769 1413 non
3800 1349 3921 1411 ha-

2410 1447 2621 1510 buerit
2650 1450 2927 1531 spatium
2960 1450 3309 1512 redeundiZ
3340 1449 3715 1523 Dicendum,
3738 1448 3921 1530 quod

2409 1546 2473 1609 in
2520 1549 2881 1610 conditione
2925 1568 3138 1610 rerum
3184 1567 3309 1611 non
3355 1548 3703 1610 attenditur
3739 1548 3925 1628 prin-

2408 1646 2699 1728 cipaliter
2748 1647 2907 1709 ratio
2950 1646 3401 1709 misericordiae
3444 1646 3579 1709 sive
3618 1645 3919 1726 justitiae,

2409 1745 2519 1806 sed
2550 1745 2898 1827 sapientiae.
2934 1745 3160 1807 Decuit
3194 1764 3470 1827 namque
3500 1744 3784 1817 divinam
3818 1763 3925 1806 sa-

792 1844 930 1907 sine
978 1845 1239 1908 alterius
1289 1847 1712 1927 suggestione,
1751 1847 1852 1909 vel
1902 1846 2296 1929 particulari·
2332 1846 2380 1909 B
2410 1842 2716 1923 pientiam
2749 1843 2815 1904 in
2856 1842 3157 1905 universo
3194 1843 3546 1925 producere
3584 1841 3921 1924 duplicem

790 1950 908 2017 ter,
942 1961 1068 2005 non
1119 1944 1305 2007 video
1354 1964 1548 2027 quare
1599 1962 1726 2008 non
1776 1953 1989 2027 posset
2037 1963 2297 2026 recupe-

790 2059 927 2103 rare
977 2040 1210 2104 bonam
1259 2042 1673 2117 voluntatem,
1721 2044 1848 2105 Deo
1897 2044 2288 2106 restituente.

869 2138 994 2201 Alii
1044 2140 1353 2201 rationem
1409 2148 1823 2223 sumpserunt
1882 2160 1993 2223 per
2045 2159 2297 2224 compa-

793 2237 1102 2300 rationem
1158 2238 1237 2299 ad
1294 2246 1528 2301 statum
1592 2240 1935 2321 peccantiS,
1987 2240 2291 2321 quoniam

790 2342 1045 2418 tempus
1091 2337 1301 2398 meriti
1347 2346 1411 2399 et
1453 2344 1652 2399 status
1703 2338 1988 2399 merendi
2032 2337 2158 2399 fuit
2200 2338 2293 2399 eis

791 2433 1096 2516 praefixus
1137 2455 1339 2518 usque
1373 2435 1451 2497 ad
1491 2437 1765 2519 primam
1807 2434 2038 2498 bonam
2077 2454 2295 2518 opera-

791 2532 1030 2595 tionem
1063 2534 1163 2595 vel
1198 2533 1428 2596 malam
1455 2552 1468 2596 :
1495 2533 1638 2597 ideo
1677 2534 1843 2596 sicut
1873 2535 2064 2596 homo
2098 2553 2296 2615 quan-

790 2636 1210 2714 tumcumque
1242 2651 1468 2714 parum
1500 2633 2045 2715 peccaverit,dum
2078 2640 2293 2695 tamen

791 2730 1163 2804 mortaliter,
1197 2738 1260 2791 et
1308 2731 1861 2813 qualitercumque
1909 2730 2289 2813 peccaverit,

789 2826 956 2889 ultra
995 2845 1122 2890 non
1163 2836 1371 2911 potest
1410 2827 1642 2892 bonam
1679 2829 2072 2891 voluntatem
2115 2848 2293 2891 recu·

788 2944 1032 3006 perare,
1094 2933 1432 3008 postquam
1490 2935 1746 3010 tempus
1807 2927 2090 2989 merendi
2151 2946 2292 3009 per-

2408 1948 2762 2005 creaturam
2814 1941 3207 2015 rationalem,
3252 1942 3331 2003 ad
3382 1942 3502 2004 hoc
3550 1940 3719 2023 quod
3768 1941 3921 2003 uni-

2405 2058 2663 2102 versum
2712 2048 2880 2103 esset
2930 2041 3321 2122 completum
3361 2058 3375 2101 :
3415 2060 3605 2103 unam
3658 2041 3921 2123 corpori

2406 2139 2674 2213 unitam,
2708 2146 2781 2201 ut
2817 2140 3097 2202 animam
3140 2139 3552 2218 rationalem3
3583 2139 3775 2202 aliam
3812 2160 3919 2203 se-

2406 2244 2688 2318 paratam
2741 2246 2805 2300 et
2866 2237 3288 2319 spiritualem,
3341 2244 3412 2298 ut
3458 2237 3777 2318 angelum.
3836 2239 3921 2301 Et

2403 2335 2555 2416 quia
2585 2335 2939 2397 substantia
2967 2337 3229 2398 omnino
3260 2336 3633 2418 spiritualiS,
3654 2344 3749 2399 est
3778 2354 3921 2399 om-

2403 2433 2557 2496 nino
2606 2433 3114 2516 incorruptibilis
3160 2442 3225 2496 et
3272 2434 3745 2515 ingenerabiliS,
3776 2453 3917 2498 non

2404 2532 2613 2613 potuit
2659 2552 2826 2594 unus
2875 2532 3138 2613 angelus
3194 2533 3459 2615 produci
3508 2552 3586 2595 ex
3637 2532 3836 2596 altero
3894 2551 3911 2595 ε

2403 2630 2547 2692 ideo
2590 2630 2783 2693 simul
2828 2631 3121 2713 producti
3169 2638 3351 2709 sunt3
3383 2639 3446 2693 et
3493 2631 3660 2693 sicut
3710 2631 3913 2694 simul

2404 2736 2553 2790 sunt
2604 2730 2820 2804 creati,
2871 2729 2963 2791 sic
3018 2730 3210 2791 etiam
3260 2730 3451 2792 simul
3499 2729 3913 2811 glorificandi

2402 2845 2513 2887 seu
2559 2827 2637 2888 ad
2680 2826 3172 2907 glorificandum
3222 2827 3534 2909 dispositi.
3569 2827 3915 2910 Quumque

2403 2924 2767 3005 spirituales
2826 2925 3476 3008 incorruptibilesque
3530 2926 3909 3003 consistant,

789 3023 1116 3103 transivit3
1151 3024 1238 3086 ita
1267 3025 1344 3087 de
1372 3026 1615 3106 angelis
1647 3033 1742 3087 est
1779 3026 2286 3106 intelligendum.
2322 3025 2365 3089 C
2402 3040 2807 3105 nequaquam
2840 3024 3328 3086 retardationem
3360 3024 3689 3099 habenteS,
3724 3026 3786 3086 in
3822 3025 3915 3089 lo-

790 3122 1016 3205 Sicque
1047 3123 1322 3204 assignat
1351 3125 1786 3198 Damascenus,
1805 3124 2067 3187 dicendo
2086 3142 2100 3186 ε
2119 3125 2291 3199 Quod

787 3221 1030 3302 angelis
1061 3230 1158 3284 est
1188 3240 1394 3295 casuS,
1415 3222 1536 3285 hoc
1567 3221 1938 3285 hominibus
1968 3230 2065 3285 est
2096 3241 2285 3285 mors,

787 3320 1181 3401 Augustinus
1226 3339 1481 3403 quoque
1525 3320 1690 3383 libro
1740 3322 1818 3383 de
1863 3322 2012 3384 Fide
2060 3322 2138 3383 ad
2186 3323 2293 3385 Pe-

791 3425 962 3480 trum
997 3405 1150 3480 :Sic
1196 3418 1554 3500 (inquiens)
1603 3420 1842 3482 creavit
1890 3419 2055 3481 Deus
2103 3438 2290 3501 ange-

792 3516 906 3589 lOS‚
940 3523 1011 3577 ut
1052 3517 1163 3599 qui
1204 3517 1462 3591 vellent,
1497 3525 1805 3599 perpetuo
1844 3516 1994 3579 boni
2034 3527 2289 3598 essent3

790 3614 899 3696 qui
943 3613 1207 3687 nollent,
1242 3634 1571 3697 nunquam
1611 3633 1718 3677 eos
1763 3615 1979 3678 divino
2026 3634 2290 3678 munere

789 3720 1126 3794 repararet.
1168 3713 1244 3774 Et
1292 3713 1379 3774 ita
1427 3714 1592 3775 Deus
1641 3721 1875 3775 statum
1925 3721 1988 3775 et
2035 3722 2290 3796 tempus

787 3810 1074 3873 merendi
1105 3810 1385 3893 praefixit
1423 3811 1488 3873 in
1529 3812 1772 3892 angelis
1814 3831 2016 3894 usque
2053 3813 2132 3874 ad
2165 3812 2292 3894 pri-

787 3926 965 3969 mum
999 3906 1395 3970 conflictum.
1415 3906 1584 3968 —Et
1614 3909 1776 3970 hanc
1809 3908 2117 3970 rationem
2150 3926 2291 3991 pro-

785 4006 992 4088 priam
1042 4014 1106 4067 et
1154 4006 1576 4068 necessariam
1628 4007 1817 4069 credo
1869 4023 1882 4067 :
1935 4008 2082 4087 quia
2134 4008 2289 4070 dum

783 4105 1000 4188 aliqua
1028 4105 1241 4187 passio
1273 4104 1439 4167 inest
1467 4104 1736 4167 diversis
1767 4105 2098 4185 subjectiS,
2123 4106 2291 4169 inest

2402 3139 2477 3183 co
2520 3121 2759 3203 gloriae,
2804 3130 3023 3203 utpote
3074 3122 3139 3183 in
3189 3122 3351 3185 coelo
3398 3140 3723 3205 empyre0‚
3756 3132 3915 3187 sunt

2402 3220 2611 3282 creati.
2631 3221 2862 3303 Sicque
2894 3222 2971 3283 de
3006 3221 3294 3303 proximo
3322 3222 3399 3283 ad
3429 3220 3696 3302 gloriam
3725 3231 3914 3285 erant

2402 3318 2693 3401 dispositi
2742 3326 2805 3381 et
2854 3319 3095 3381 ratione
3156 3326 3396 3381 naturae
3443 3326 3505 3381 et
3562 3320 3701 3382 loci.
3756 3320 3913 3384 Ideo

2400 3426 2655 3499 tempus
2688 3417 2899 3479 meriti
2928 3424 3024 3479 est
3053 3418 3147 3479 eis
3176 3425 3305 3479 tam
3336 3417 3529 3479 breve
3561 3417 3907 3500 praesixum

2401 3515 2567 3577 sicut
2615 3516 2843 3597 potuit,
2895 3514 3193 3577 videlicet
3241 3534 3445 3596 usque
3492 3516 3570 3577 ad
3628 3515 3909 3598 primam

2402 3612 2882 3675 deliberativam
2942 3613 3421 3676 conversionem
3473 3620 3584 3675 aut
3632 3615 3913 3679 aversio-

2403 3729 2569 3772 nem.
2619 3711 2875 3773 Homini
2926 3729 3096 3784 ver0,
3147 3710 3298 3792 quia
3348 3710 3642 3774 conditus
3690 3719 3787 3774 est
3838 3712 3911 3775 in

2403 3826 2666 3889 corpore
2715 3807 2976 3870 animali
3025 3809 3103 3870 ad
3150 3810 3605 3889 procreandam
3656 3810 3910 3892 prolem

2401 3906 2480 3967 ad
2523 3907 2768 3969 cultum
2819 3908 2953 3980 Dei,
2987 3916 3049 3969 et
3098 3907 3185 3968 ita
3231 3906 3298 3968 in
3346 3906 3761 3990 dispositione
3812 3928 3915 3972 re-

2401 4006 2655 4085 motiori
2686 4026 2723 4068 a
2750 4006 2971 4087 gloria,
3006 4006 3189 4067 datus
3219 4014 3316 4067 est
3347 4006 3524 4068 locus
3555 4007 3793 4069 distans
3826 4008 3912 4071 ad

2401 4105 2917 4186 promerendum,
2970 4103 3268 4167 videlicet
3326 4105 3657 4187 paradisus
3708 4113 3913 4170 terre-

787 4203 881 4266 eis
913 4203 1266 4265 secundum
1305 4202 1549 4284 aliquid
1589 4221 1948 4265 commune.
1985 4203 2288 4267 Diabolus
2315 4211 2366 4273 D
2401 4224 2545 4278 nuS,
2596 4211 2659 4267 et
2706 4205 2985 4287 spatium
3033 4203 3179 4267 vitae
3238 4204 3591 4286 praesentiS,
3644 4214 3913 4287 propter

785 4309 1000 4365 autem
1042 4302 1129 4363 ita
1166 4310 1263 4363 est
1301 4300 1679 4376 obstinatuS,
1713 4302 1884 4383 quod
1923 4302 2153 4365 bonam
2194 4321 2287 4365 re-

787 4418 1092 4482 cuperare
1134 4400 1528 4462 voluntatem
1572 4417 1698 4462 non
1743 4399 1944 4479 valet3
1991 4400 2290 4463 similiter

784 4499 996 4573 sudas,
1053 4506 1118 4560 et
1174 4498 1565 4580 quicumque
1621 4498 1976 4561 damnatus,
2033 4500 2290 4563 Constat

785 4603 1022 4671 autem,
1069 4597 1241 4678 quod
1300 4596 1420 4658 hoc
1479 4596 1574 4658 eis
1632 4614 1759 4658 non
1819 4597 1986 4659 inest
2042 4598 2286 4661 ratione

779 4703 1048 4770 naturae,
1089 4713 1206 4757 nec
1250 4694 1493 4757 ratione
1538 4695 1712 4757 modi
1760 4696 2089 4778 peccandi,
2134 4698 2287 4778 quia

783 4794 1034 4856 nullum
1089 4794 1318 4857 horum
1375 4801 1472 4855 est
1523 4793 1617 4855 eis
1676 4812 2016 4857 commune
2068 4812 2082 4856 :
2134 4814 2285 4875 ergo

783 4910 910 4955 non
961 4893 1286 4955 invenitur
1334 4892 1758 4955 communitas
1808 4893 1933 4954 nisi
1983 4912 2060 4954 ex
2106 4903 2283 4975 parte

781 4998 1004 5066 statuS‚
1034 4990 1188 5072 quia
1228 4998 1497 5072 uterque
1533 4990 1666 5070 jam
1708 4998 1804 5052 est
1843 4999 2020 5053 extra
2068 4992 2282 5054 meriti

781 5097 1037 5152 statum.
1089 5090 1253 5152 Deus
1300 5107 1577 5170 namque
1629 5089 1910 5152 decrevit
1951 5090 2100 5153 dare
2142 5109 2281 5172 gra-

780 5188 936 5251 tiam
968 5188 1274 5271 quamdiu
1306 5195 1405 5251 est
1433 5195 1687 5271 tempus
1721 5189 2025 5250 merendi.
2055 5190 2283 5263 Quum-

783 5306 908 5369 que
947 5294 1167 5351 contra
1210 5307 1392 5350 suam
1431 5286 1918 5370 dispositionem
1960 5306 2088 5350 non
2125 5287 2280 5350 l'aci-

2399 4302 2692 4365 osficium
2726 4302 3102 4384 procreandi
3132 4302 3397 4384 prolem.
3432 4302 3509 4364 Et
3541 4310 3905 4385 propterea,

2399 4420 2599 4482 quum
2641 4402 2929 4483 peccavit
2970 4401 3255 4482 angeluS,
3289 4400 3503 4463 statim
3547 4401 3703 4463 exiit
3742 4408 3907 4465 tem-

2398 4520 2520 4581 pus
2564 4500 2814 4579 meriti3
2857 4500 3049 4563 homo
3086 4517 3239 4563 vero
3280 4518 3407 4563 non
3443 4518 3457 4562 :
3492 4508 3557 4563 et
3592 4500 3735 4563 ideo
3776 4501 3905 4566 iste

2397 4599 2607 4681 potuit
2656 4599 3020 4674 rectificari,
3076 4599 3183 4661 ille
3230 4617 3383 4662 vero
3431 4618 3579 4663 non.
3626 4600 3757 4665 Hoc
3802 4610 3909 4665 est

2396 4698 2567 4779 quod
2609 4698 2892 4779 loquitur
2931 4697 3323 4778 Augustinus
3364 4696 3429 4759 in
3470 4698 3636 4761 libro
3674 4698 3751 4759 de
3788 4699 3905 4761 Mi-

2396 4795 2707 4858 rabilibus
2766 4814 2961 4858 sacrae
3020 4796 3362 4878 Scripturae
3418 4812 3431 4857 :
3482 4794 3762 4877 Angelus
3820 4797 3903 4861 de

2395 4894 2859 4957 sublimissimo
2896 4894 3139 4957 ordinis
3178 4894 3275 4956 sui
3319 4901 3488 4958 statu
3525 4893 3779 4970 cecidit,
3813 4896 3907 4961 id-

2394 5010 2469 5054 eo
2504 5012 2834 5074 resurgere
2874 5011 3003 5055 non
3040 4992 3264 5075 potuit.
3302 4992 3553 5055 Etenim
3591 4994 3901 5075 quoniam

2392 5100 2569 5153 extra
2616 5100 2850 5154 statum
2903 5091 3116 5153 meriti
3174 5090 3319 5166 fuit,
3370 5092 3725 5155 certissime
3774 5092 3903 5155 fuit

2392 5189 2517 5252 sibi
2557 5190 2834 5253 revelata
2862 5209 2978 5253 sua
3017 5189 3339 5253 damnatio
3374 5207 3388 5251 ε
3422 5189 3591 5253 unde
3628 5209 3707 5253 ex
3744 5199 3898 5254 tunc

2392 5307 2647 5369 sperare
2687 5306 2815 5351 non
2854 5288 3084 5371 potuit,
3120 5288 3287 5351 sicut
3325 5307 3443 5351 nec
3482 5288 3745 5371 angelus
3785 5289 3896 5355 bo-
