4334 6242
1242 518 1328 570 ΑΝ
1372 520 1435 570 m
1471 507 1733 570 anci-:us
1777 523 1868 570 sn·
1910 519 2279 569 ransomms
2319 518 2631 570 mscmmo
3379 500 3500 568 209

2104 693 2408 758 Praeterea
2469 695 2640 757 circa
2701 695 2836 758 haec
2899 693 3123 756 scribit
3183 694 3492 756 Hem-icus

1996 791 2372 865 Quodlibeto
2403 793 2682 854 secundo
2708 811 2721 854 :
2747 793 3018 866 Quaestio
3050 793 3168 855 ista
3201 792 3490 870 [scilicet,
3548 813 3699 864 quest.
3719 813 3760 856 a.

382 690 585 753 movit
620 691 777 755 istos
816 693 950 756 haec
990 693 1224 768 dicere,
1260 694 1381 757 suit
1419 696 1587 778 quod
1626 713 1887 776 accepe-
1916 693 1967 756 A

376 797 532 850 runt
580 791 871 853 ordinem
934 792 999 854 in
1058 792 1281 856 formis
1335 813 1474 856 esse
1532 793 1885 855 secundum

376 889 862 967 generationem
892 897 956 952 et
986 900 1299 966 naturam,
1325 893 1678 954 secundum
1709 911 1886 953 eum-

379 987 529 1048 dem
583 988 845 1050 modum
889 1007 1017 1071 quo
1057 990 1433 1052 ordinantur
1481 990 1545 1051 in
1594 1008 1823 1070 genere
1868 1008 1883 1052 τ

378 1083 471 1146 ita
508 1086 681 1166 quod
721 1085 927 1149 forma
962 1089 1213 1167 generis
1256 1086 1719 1169 generalissimi
1760 1087 1887 1168 pri-

382 1201 489 1245 mo
539 1183 798 1246 advenit
848 1186 1149 1258 materiae,
1195 1194 1257 1248 et
1305 1185 1399 1247 sic
1448 1186 1587 1248 aliae
1632 1186 1889 1247 descen-

378 1283 593 1345 dendo
639 1302 843 1364 usque
880 1284 957 1345 ad
1003 1286 1283 1365 speciem
1320 1303 1335 1346 ε
1370 1304 1488 1346 nec
1534 1285 1639 1346 illa
1686 1283 1889 1346 forma

380 1381 721 1442 constituit
770 1381 1195 1455 individuum,
1247 1383 1549 1465 quoniam
1608 1402 1734 1445 non
1794 1391 1891 1444 est

382 1479 651 1541 omnino
702 1480 764 1541 in
823 1487 1006 1559 actu3
1058 1481 1167 1542 sed
1227 1481 1639 1563 subsequitur
1688 1480 1891 1543 forma

384 1576 824 1651 individualiS,
846 1598 987 1659 quae
1016 1587 1112 1641 est
1143 1597 1403 1660 prorsus
1436 1579 1499 1641 in
1531 1587 1698 1652 actu,
1724 1579 1889 1640 sicut

384 1675 655 1737 materia
691 1675 817 1737 fuit
856 1676 1117 1739 omnino
1158 1676 1222 1738 in
1268 1678 1569 1758 potentia.
1602 1713 1682 1722 ——
1712 1677 1893 1740 Deni-

382 1791 511 1856 que
567 1774 873 1854 quaelibet
932 1775 1159 1836 harum
1218 1775 1595 1858 opinionum
1647 1775 1889 1859 aliquid

1998 897 2214 952 utrum
2257 891 2503 971 possint
2531 891 2676 952 fieri
2706 911 2742 953 a
2771 892 2897 954 Deo
2929 892 3054 954 duo
3091 890 3300 972 angeli
3343 890 3494 952 solis

1997 988 2526 1051 substantialibus
2569 989 2875 1067 distincti]
2918 990 3118 1070 ’tangit
3154 989 3500 1051 difficulta-

1997 1092 2126 1147 tem
2158 1087 2236 1148 de
2267 1104 2456 1149 causa
2486 1087 3357 1169 individuationi5,quomodo
3388 1087 3499 1149 sci-

2000 1183 2147 1244 licet
2189 1184 2250 1246 id
2295 1185 2464 1266 quod
2507 1186 2586 1246 de
2629 1204 2696 1247 se
2738 1192 2834 1247 est
2877 1204 3078 1247 unum
3121 1192 3184 1247 et
3225 1185 3498 1266 simplex

1998 1301 2071 1342 ac
2117 1282 2508 1344 indivisibile
2553 1283 2904 1345 secundum
2948 1284 3311 1356 essentiam,
3356 1282 3500 1344 fieri

2000 1387 2190 1461 queat
2231 1379 2414 1461 plura
2453 1381 2806 1442 secundum
2847 1401 3208 1443 numerum.
3246 1382 3332 1444 De
3375 1400 3501 1464 qua

2000 1478 2426 1541 diversimode
2458 1479 2806 1560 loquuntur
2843 1480 3227 1561 philosophi.
3263 1479 3502 1541 Aristo-

2000 1574 2155 1637 teles
2201 1595 2477 1657 namque
2507 1577 2884 1638 duodecimo
2914 1577 3356 1659 Metaphysicae
3391 1594 3500 1658 po-

2001 1674 2096 1734 nit
2126 1693 2381 1736 causam
2412 1674 2606 1754 hujus
2637 1694 2774 1737 esse
2808 1675 3138 1737 materiam
3164 1693 3180 1754 3
3218 1674 3329 1737 ubi
3361 1674 3448 1736 ait
3481 1693 3496 1736 ε

2001 1772 2426 1853 Quaecumque
2458 1780 2606 1835 sunt
2639 1773 2837 1835 multa
2868 1791 3153 1848 numero,
3171 1773 3500 1836 materiam

382 1870 575 1933 habet
624 1873 797 1952 quod
847 1873 1094 1935 homini
1152 1891 1279 1936 non
1330 1874 1605 1935 multum
1658 1874 1890 1936 intelli·
1926 1872 1973 1934 B
2002 1871 2372 1934 sortiuntur.
2407 1871 2476 1933 In
2522 1889 2648 1953 quo
2691 1871 2888 1934 verbo
2932 1872 3120 1945 sistit,
3155 1879 3218 1933 et
3259 1872 3337 1934 de
3379 1873 3500 1934 hoc

379 1968 553 2048 genti
588 1969 1056 2032 rationabiliter
1086 1970 1287 2032 videri
1326 1971 1749 2051 improbabile
1780 1989 1889 2052 po-

382 2066 548 2127 terit.
600 2065 798 2128 Valde
848 2086 1123 2149 namque
1179 2066 1450 2129 difficile
1506 2074 1601 2128 est
1649 2068 1885 2138 videre,

379 2164 705 2245 quomodo
762 2165 1049 2237 materia,
1111 2184 1252 2247 quae
1312 2165 1377 2226 in
1435 2164 1738 2227 omnibus
1795 2172 1892 2227 est

379 2262 771 2334 communiS,
814 2261 897 2323 sit
950 2262 1301 2343 principale
1351 2263 1745 2344 principium
1797 2265 1891 2325 in-

378 2359 861 2421 dividuationiS.
886 2360 1125 2422 Rursus
1155 2360 1337 2422 valde
1369 2360 1641 2422 difficile
1673 2369 1767 2422 est
1799 2380 1894 2423 ca-

384 2476 559 2540 pere,
592 2459 917 2539 quomodo
956 2457 1163 2520 forma
1206 2459 1289 2520 sit
1331 2466 1459 2522 tota
1501 2468 1690 2541 atque
1738 2479 1893 2541 prae-

381 2556 576 2638 cipua
606 2574 799 2617 causa
827 2557 1177 2618 numeralis
1213 2557 1405 2636 hujus
1436 2557 1889 2632 distinctioniS,

381 2673 590 2736 quum
621 2654 833 2717 omnis
863 2654 1070 2717 forma
1099 2663 1328 2730 creata,
1348 2664 1659 2737 quantum
1688 2664 1785 2718 est
1814 2675 1892 2718 ex

382 2753 487 2814 sui
528 2761 777 2826 natura,
810 2760 959 2814 nata
996 2753 1079 2814 sit
1109 2752 1343 2816 habere
1382 2753 1573 2816 aliam
1614 2755 1892 2816 similem

382 2851 512 2912 sibi
542 2871 559 2930 3
622 2851 724 2913 vel
784 2851 1105 2933 quomodo
1164 2851 1437 2914 dicimus
1497 2853 1655 2921 duos
1714 2854 1893 2934 ignes

382 2948 655 3012 differre
688 2948 1059 3024 formaliter,
1076 2969 1187 3012 seu
1217 2950 1410 3012 etiam
1440 2950 1565 3012 alia
1592 2971 1733 3033 quae
1761 2951 1895 3033 plu-

2001 1968 2163 2030 nihil
2209 1970 2354 2050 plus
2398 1971 2571 2032 dicit.
2605 1971 2719 2032 Per
2758 1972 2926 2052 quod
2973 1971 3077 2032 dat
3120 1970 3496 2051 intelligere,

2000 2067 2163 2149 quod
2193 2067 2257 2128 in
2283 2067 2435 2130 solis
2469 2069 2900 2131 materialibus
2933 2068 3234 2150 possibile
3259 2077 3356 2130 est
3381 2069 3501 2131 sub

1999 2166 2218 2226 eadem
2249 2167 2461 2247 specie
2487 2173 2838 2247 naturaque
2865 2166 3138 2247 simplici
3173 2166 3504 2228 individua

2000 2283 2139 2326 esse
2176 2265 2360 2346 plura
2394 2283 2408 2328 ε
2442 2265 2594 2347 quia
2632 2265 2896 2326 materia
2931 2284 3130 2346 quum
3171 2265 3255 2326 sit
3283 2265 3506 2346 (quan-

2001 2371 2138 2424 tum
2170 2370 2266 2424 est
2300 2363 2362 2423 in
2398 2363 2494 2442 se)
2525 2363 2588 2424 in
2629 2363 2911 2444 potentia
2948 2363 3027 2424 ad
3063 2363 3299 2437 omnia,
3333 2371 3396 2424 et
3425 2363 3504 2425 de

2002 2480 2116 2522 sua
2172 2467 2396 2522 natura
2453 2461 2535 2522 sit
2583 2479 2721 2522 esse
2774 2460 2894 2522 sub
2949 2461 3152 2523 forma
3204 2478 3506 2542 corporea

2002 2559 2437 2640 quantitativa‚
2455 2566 2522 2620 ut
2555 2557 2778 2639 probat
2807 2558 3152 2634 Avicenna‚
3166 2559 3371 2620 forma
3399 2577 3506 2620 au-

2004 2665 2132 2718 tem
2179 2674 2480 2738 corporea
2519 2656 2938 2738 quantitativa
2979 2657 3324 2719 divisibilis
3368 2664 3501 2736 est3

2003 2763 2244 2818 naturae
2285 2755 2477 2836 igitur
2519 2755 2795 2818 materiae
2829 2763 2925 2817 est
2956 2763 3023 2817 ut
3056 2775 3170 2837 per
3199 2756 3508 2837 quantita-

2004 2863 2130 2916 tem
2163 2853 2283 2916 sub
2315 2873 2442 2937 qua
2469 2859 2586 2928 est,
2607 2853 2949 2915 divisibilis
2979 2855 3079 2916 sit.
3101 2855 3326 2917 Forma
3355 2873 3506 2935 ergo

2004 2952 2347 3014 materialis
2391 2971 2590 3033 quum
2633 2952 2988 3014 necessario
3031 2953 3320 3034 sequitur
3363 2971 3508 3016 con-

382 3046 727 3109 rificantur
762 3066 837 3109 ac
877 3065 1143 3110 numero
1183 3048 1663 3129 distinguuntur
1699 3049 1889 3110 etiam
1930 3047 1974 3112 G
2004 3051 2276 3113 ditiones
2315 3069 2446 3113 suae
2491 3050 2789 3124 materiae,
2823 3069 2898 3112 ex
2943 3069 3010 3111 se
3052 3050 3506 3132 multiplicabi-

382 3165 464 3207 ex
504 3145 641 3208 sola
680 3146 993 3208 divisione
1030 3146 1339 3220 continui,
1375 3146 1487 3209 ubi
1528 3147 1768 3210 nullius
1799 3155 1897 3210 est

384 3262 569 3308 novae
610 3243 835 3307 formae
878 3244 1182 3307 inductio.

466 3342 715 3406 Idcirco
756 3351 852 3405 est
896 3343 1079 3405 tertia
1128 3342 1361 3424 positio
1410 3342 1680 3424 planior,
1724 3345 1893 3426 quod

386 3441 814 3503 individuatio
863 3441 1188 3521 consurgit
1232 3460 1307 3502 ex
1351 3441 1582 3502 actuali
1633 3441 1895 3522 conjun-

384 3539 601 3602 ctione
652 3538 874 3602 formae
924 3558 1071 3600 cum
1124 3539 1407 3612 materia,
1450 3558 1527 3600 ex
1574 3559 1700 3621 qua
1747 3558 1895 3603 con-

382 3637 725 3718 junctione
765 3656 966 3698 unum
1006 3636 1129 3699 sibi
1165 3637 1534 3719 appropriat
1572 3637 1842 3699 alterum
1876 3657 1891 3702 z

386 3734 936 3816 quemadmodum
996 3742 1167 3816 patet
1215 3734 1369 3796 dum
1426 3734 1503 3796 fit
1558 3735 1897 3816 impressio

390 3833 743 3894 multorum
788 3832 1144 3912 sigillorum
1194 3832 1261 3893 in
1310 3850 1475 3907 cera,
1521 3851 1640 3894 nec
1689 3833 1897 3915 sigilla

390 3931 752 4013 plurificari
785 3938 1051 4012 possunt
1086 3931 1225 3992 sine
1256 3949 1421 4005 cera,
1455 3950 1572 3993 nec
1606 3951 1749 3994 cera
1780 3951 1897 3993 nu-

390 4039 677 4092 meratur
733 4030 857 4091 nisi
917 4029 1111 4092 fuerit
1160 4029 1429 4091 diversis
1490 4029 1556 4091 in
1608 4030 1897 4111 partibus

386 4129 685 4210 sigillata.
723 4127 899 4202 Quod
937 4129 992 4190 si
1035 4147 1303 4210 quaeras‚
1336 4147 1373 4188 a
1414 4146 1542 4210 quo
1582 4129 1900 4211 principa-

2005 3150 2083 3211 lis
2122 3157 2218 3210 est
2261 3167 2374 3230 per
2418 3148 2766 3210 materiam.
2803 3148 3026 3209 Forma
3063 3148 3235 3210 enim
3273 3167 3350 3211 ex
3393 3169 3507 3211 sua

2004 3247 2332 3310 communi
2393 3245 2632 3308 ratione
2682 3245 3235 3309 communicabilis
3295 3247 3508 3309 multi-

2006 3344 2453 3427 plicabilisque
2484 3344 2789 3418 consistit,
2804 3363 3006 3425 quum
3037 3344 3118 3406 sit
3149 3343 3508 3424 subjectum

2005 3442 2515 3504 universalitatis
2527 3442 2732 3505 Potest
2757 3450 2968 3504 tamen
2998 3442 3351 3506 secundum
3375 3443 3508 3506 Phi·

2006 3541 2365 3622 losophum,
2390 3559 2529 3602 esse
2558 3541 2814 3602 aliunde
2846 3541 3400 3621 impedimentum,
3435 3549 3507 3603 ut

2005 3639 2159 3700 dum
2190 3645 2318 3700 tota
2360 3638 2622 3700 materia
2657 3637 2777 3708 sub
2811 3658 2936 3700 una
2969 3637 3176 3701 forma
3207 3639 3505 3701 conclusa

2005 3744 2120 3811 est,
2166 3738 2333 3799 sicut
2382 3737 2447 3798 in
2497 3737 2627 3799 sole
2667 3743 2730 3798 et
2777 3737 2945 3798 luna.
2983 3737 3073 3799 Ex
3122 3757 3248 3819 quo
3297 3739 3505 3820 primo

2007 3835 2161 3898 Coeli
2210 3834 2535 3896 concludit
2575 3835 3016 3916 Philosophus,
3060 3836 3229 3917 quod
3274 3855 3506 3917 neque-

2008 3941 2123 3993 unt
2149 3950 2290 3993 esse
2334 3931 2548 4013 plures
2589 3931 2735 3993 coeli
2775 3949 2886 3992 seu
2925 3932 3168 4006 mundi,
3203 3933 3504 4014 quoniam

2008 4030 2242 4092 coelum
2291 4037 2354 4091 et
2402 4030 2678 4090 mundus
2732 4047 2808 4090 ex
2858 4036 2988 4092 tota
3044 4049 3159 4091 sua
3217 4038 3507 4092 constant

2009 4128 2291 4190 materia.
2327 4127 2486 4189 Hinc
2522 4127 2587 4188 in
2629 4124 2852 4189 formis
2890 4127 3323 4190 materialibus
3363 4146 3508 4190 con-

388 4228 539 4290 liter
587 4226 803 4289 veniat
853 4226 1275 4289 individuatio
1324 4226 1481 4305 ista3
1528 4227 1893 4302 dicendum,
1929 4232 1978 4294 D
2010 4226 2362 4288 tinentibus
2423 4225 2488 4286 in
2551 4243 2618 4286 36
2677 4232 2873 4286 totam
2933 4225 3261 4287 materiam
3321 4245 3504 4288 suam

387 4325 565 4406 quod
598 4324 1003 4386 individuum
1032 4331 1128 4386 est
1158 4325 1277 4386 hoc
1308 4324 1550 4405 aliquid
1587 4345 1602 4388 ε
1635 4333 1698 4387 et
1728 4327 1897 4407 quod

388 4423 474 4485 sit
524 4423 674 4496 hoc,
719 4422 1139 4504 principalius
1198 4422 1390 4484 habet
1438 4442 1475 4484 a
1525 4423 1809 4497 materia,
1863 4443 1900 4485 a

391 4539 523 4602 qua
578 4519 772 4582 habet
819 4520 1026 4582 forma
1080 4519 1463 4602 positionem
1524 4521 1589 4582 in
1650 4521 1790 4583 loco
1836 4529 1899 4606 et

390 4629 724 4702 tempore3
755 4618 926 4700 quod
957 4637 1109 4681 vero
1138 4619 1221 4680 sit
1249 4618 1515 4700 aliquid,
1549 4619 1740 4681 habet
1770 4639 1899 4682 ma-

388 4718 493 4799 gis
536 4735 575 4778 a
617 4715 842 4778 forma.
886 4715 1310 4779 Individuatio
1352 4735 1502 4797 ergo
1547 4718 1612 4778 in
1658 4725 1899 4779 creatu-

392 4817 483 4878 ris
521 4834 599 4876 cx
638 4814 881 4896 duplici
924 4814 1248 4895 consurgit
1287 4814 1624 4896 principio
1648 4851 1729 4860 —
1757 4817 1900 4878 Haec

390 4916 857 4978 Bonaventura.
881 4912 1076 4993 Cujus
1108 4913 1337 4994 positio
1369 4914 1653 4995 procedit
1682 4933 1903 4977 secun-

392 5014 553 5075 dum
596 5013 811 5093 ipsum
842 5018 906 5073 et
935 5029 1041 5074 eos
1088 5011 1198 5093 qui
1241 5012 1570 5074 materiam
1610 5013 1902 5094 spiritua-

394 5112 527 5173 lem
570 5116 820 5193 ponunt
852 5109 917 5170 in
954 5109 1197 5190 angelis
1227 5118 1290 5172 et
1319 5129 1657 5171 numerum
1690 5111 1767 5172 de
1797 5130 1901 5192 ge·

394 5227 552 5272 nere
600 5207 979 5290 quantitatis
1033 5227 1047 5272 :
1099 5225 1373 5288 quorum
1421 5209 1671 5271 nullum
1723 5209 1903 5290 ponit

394 5307 636 5391 positio
676 5305 823 5368 alia.

653 5439 720 5504 τ.
758 5440 839 5490 21.

2010 4323 2382 4406 possibilem
2412 4324 2490 4385 ad
2521 4322 2815 4395 formam,
2839 4330 2901 4384 et
2933 4323 2997 4385 in
3028 4323 3250 4386 formis
3283 4324 3505 4386 imma-

2008 4422 2361 4497 terialibus,
2411 4440 2538 4484 non
2596 4421 2808 4503 posuit
2856 4421 3273 4504 Philosophus
3323 4422 3507 4504 plura

2011 4520 2341 4582 individua
2383 4519 2503 4581 sub
2546 4519 2758 4601 specie
2803 4538 2947 4581 una.
3455 4539 3462 4544 ·

2088 4619 2538 4680 Verumtamen
2587 4617 2898 4699 quidquid
2949 4617 3117 4679 circa
3165 4617 3286 4680 hoc
3333 4618 3504 4680 dicat

2010 4724 2073 4778 et
2102 4715 2354 4789 sentiat,
2386 4714 2604 4796 opinio
2633 4734 2748 4776 sua
2785 4715 3022 4776 nullam
3064 4715 3258 4777 habet
3287 4734 3504 4778 neces-

2010 4815 2283 4888 sitatem,
2322 4831 2440 4874 nec
2484 4813 2548 4873 in
2598 4811 2820 4874 formis
2869 4812 3324 4888 materialibuS,
3358 4833 3502 4895 quae

2011 4913 2256 4976 scilicet
2297 4911 2362 4972 in
2403 4910 2665 4972 materia
2702 4919 2851 4972 sunt
2887 4919 2995 4973 aut
3031 4930 3169 4974 esse
3208 4921 3497 4995 possunt,

2012 5029 2218 5093 neque
2259 5010 2322 5072 in
2365 5008 2588 5072 formis
2632 5009 3174 5072 immaterialibus.
3208 5010 3382 5085 Quod
3422 5013 3500 5076 de

2011 5110 2234 5172 formis
2265 5106 2700 5170 materialibus
2731 5106 3094 5168 declaratur.
3111 5108 3268 5171 Nam
3295 5129 3505 5191 quam-

2010 5208 2108 5271 vis
2138 5207 2428 5288 quaedam
2457 5224 2678 5267 earum
2717 5212 2885 5266 stent
2915 5204 3034 5266 sub
3069 5213 3195 5268 tota
3228 5226 3341 5268 sua
3371 5227 3501 5270 ma-

2011 5306 2169 5368 teria
2199 5324 2336 5386 quae
2360 5302 2684 5386 possibilis
2715 5310 2810 5364 est
2837 5302 2914 5363 ad
2945 5321 3049 5364 eas
3081 5304 3502 5384 possibilitate

3191 5439 3251 5488 14
