4334 6242
645 522 732 567 AN
774 522 1074 569 DAEMONES
1117 522 1255 569 SINT
1296 522 1476 569 AcUTt
1521 522 1835 580 SCIENTHS,
1879 523 1982 568 rrA
2023 523 2188 579 01:01)
2230 524 2293 569 IN
2338 525 2489 571 lPSIS
2534 525 2625 571 sl'r
2666 525 2919 572 'rmPLEx
2962 525 3239 574 scu-:NTIA

384 712 508 774 que
547 693 817 755 intentio
849 694 1191 757 voluntatis
1230 714 1358 757 non
1397 703 1495 757 est
1535 714 1634 757 res
1672 695 1887 775 aliqua
1915 694 1972 757 A

384 792 446 854 in
491 812 558 855 se
598 793 900 855 distincta
942 812 978 854 a
1023 792 1368 855 voluntate.
1404 794 1480 855 Et
1523 794 1674 874 quia
1723 793 1885 855 nihil

380 898 473 952 est
525 892 590 952 in
639 910 708 953 se
755 891 1128 953 naturaliter
1177 891 1580 971 intelligibile
1630 891 1753 952 nisi
1804 891 1884 952 sit

379 991 534 1072 quid
565 989 1060 1051 determinatum
1104 991 1168 1051 in
1209 1010 1299 1064 se,
1335 990 1477 1052 ideo
1507 999 1569 1053 et
1600 991 1650 1052 si
1689 998 1879 1052 totam

377 1088 802 1151 substantiam
865 1097 928 1150 et
993 1108 1414 1171 quaecumque
1476 1088 1718 1171 aliquid
1789 1089 1882 1150 rei

379 1196 526 1250 sunt
557 1188 622 1249 in
653 1205 748 1259 ea,
774 1187 1066 1249 diabolus
1097 1188 1472 1250 naturaliter
1503 1194 1710 1270 potest
1741 1207 1885 1252 con-

377 1286 788 1367 spicere,non
822 1273 1034 1346 famen
1065 1285 1410 1347 voluntatis
1442 1285 1876 1347 intentionem.

377 1383 519 1446 Haec
549 1402 830 1464 namque
861 1392 958 1445 est-
987 1391 1213 1445 natura
1247 1390 1677 1465 respectuum,
1711 1385 1880 1464 quod

376 1501 452 1543 ex
485 1479 768 1563 perfecta
802 1482 1028 1544 notitia
1068 1481 1506 1563 subjectorum
1547 1481 1614 1544 in
1646 1483 1882 1562 quibus

375 1599 500 1642 non
552 1580 630 1641 de
681 1580 1058 1642 necessitate
1108 1580 1346 1653 insunt,
1398 1582 1694 1659 cognosci
1753 1599 1880 1642 non

376 1686 662 1760 possunt.
704 1679 781 1740 Et
824 1679 878 1741 si
923 1680 1172 1742 daemon
1218 1698 1332 1759 per
1377 1678 1684 1740 indicium
1729 1679 1883 1741 affe-

377 1777 606 1840 ctionis
655 1777 930 1857 alicujus
981 1778 1046 1839 in
1096 1777 1422 1840 voluntate
1484 1778 1687 1859 possit
1735 1796 1882 1839 con-

3382 506 3500 575 407

2161 646 2181 671 Ι

2082 697 2536 759 Instantiarum
2576 698 2809 761 solutio
2839 718 2915 761 ex
2947 700 3360 781 praeinductis
3398 702 3503 765 ha-

1999 794 2207 857 betur.
2243 795 2525 858 Breviter
2558 804 2768 859 tamen
2801 800 3136 878 tangendo,
3160 798 3501 861 dicendum

1997 893 2076 954 ad
2125 893 2424 975 primum,
2460 896 2627 976 quod
2675 897 2741 957 in
2787 897 3111 960 voluntate
3155 917 3283 961 non
3336 906 3503 961 stant

1998 990 2191 1053 simul
2234 992 2599 1075 depravatio
2636 995 2938 1058 vitiorum
2982 996 3357 1079 bonitasque
3388 998 3506 1059 vir-

1997 1097 2225 1165 tutum,
2240 1092 2465 1154 saltem
2497 1092 2959 1157 infusarum.ln
2992 1094 3320 1158 intellectu
3352 1116 3503 1160 vero

1996 1197 2147 1252 sunt
2187 1191 2378 1252 simul
2418 1192 2729 1255 vitiositas
2774 1201 2837 1255 et
2875 1193 3149 1265 claritas,
3184 1194 3503 1258 subtilitas

1994 1298 2189 1370 atque
2232 1308 2503 1353 acumen
2546 1290 2831 1353 scientiae
2874 1292 3167 1355 informis
3209 1311 3283 1354 ac
3325 1301 3503 1355 natu-

1997 1387 2168 1449 ralis.
2222 1424 2303 1432 —
2349 1388 2443 1449 Ad
2494 1390 2871 1464 secundum,
2926 1392 3093 1472 quod
3153 1391 3375 1473 utique
3435 1392 3500 1454 in

1998 1486 2397 1549 daemonibus
2436 1486 2703 1549 scientia
2746 1490 3112 1551 eorumdem
3154 1509 3269 1573 per
3308 1490 3501 1572 inqui·

1997 1584 2290 1646 etudines
2330 1592 2395 1645 et
2436 1593 2693 1666 peccata
2732 1604 2857 1649 non
2914 1588 3161 1650 modice
3201 1587 3497 1651 obscura-

1997 1690 2121 1755 tur,
2178 1683 2307 1745 imo
2355 1701 2392 1743 a
2441 1690 2613 1745 recto
2664 1703 2735 1746 ac
2784 1684 3001 1748 debito
3058 1706 3181 1749 usu
3241 1687 3498 1769 penitus

1997 1780 2364 1862 impeditur.
2400 1781 2535 1843 Non
2583 1790 2793 1844 tamen
2839 1784 3125 1846 naturale
3170 1784 3387 1847 lumen
3432 1784 3498 1848 in

370 1876 569 1958 jicere
614 1875 958 1938 voluntatis
1003 1875 1446 1947 intentionem,
1487 1876 1688 1937 multo
1732 1876 1879 1957 plus
1917 1880 1964 1941 B
1995 1879 2088 1940 eis
2133 1897 2393 1960 prorsus
2436 1881 2863 1961 exstinguitur
2908 1899 2921 1943 τ
2967 1882 3121 1964 quin
3173 1884 3385 1964 potius
3430 1884 3496 1945 in

372 1974 493 2037 hoc
525 1981 735 2056 potest
764 1992 880 2055 per
911 1973 1222 2035 indicium
1253 1973 1616 2035 affectionis
1649 1974 1714 2035 in
1745 1994 1882 2035 sen-

372 2072 666 2134 sualitate
711 2079 776 2133 et
819 2072 884 2133 in
929 2089 1194 2153 corpore
1229 2092 1242 2135 :
1279 2072 1630 2153 praesertim
1675 2092 1877 2153 quum

370 2180 429 2233 et
473 2171 770 2233 homines
813 2170 1074 2251 quidam
1119 2169 1387 2232 subtiles
1429 2178 1618 2252 atque
1662 2172 1873 2252 periti,

368 2288 484 2352 per
523 2269 760 2331 indicia
789 2269 928 2331 visa
967 2268 1034 2329 in
1074 2286 1336 2349 corpore
1377 2276 1744 2331 scrutentur
1780 2288 1880 2331 co-

367 2368 728 2449 gitationeS,
762 2366 1138 2430 affectiones
1181 2368 1692 2449 intentionesque
1724 2368 1876 2430 alio-

370 2486 532 2528 rum.
577 2502 660 2511 —
698 2466 842 2529 Haec
884 2465 1213 2528 Henricus.

448 2566 518 2626 In
552 2564 740 2644 cujus
771 2564 984 2625 verbis
1026 2564 1196 2645 quod
1228 2564 1384 2626 dicit
1413 2564 1492 2625 de
1526 2565 1878 2628 intentione

372 2661 740 2735 voluntatis,
774 2681 900 2724 non
933 2662 1194 2724 differre
1227 2663 1430 2744 ipsam
1462 2682 1498 2724 a
1528 2664 1874 2737 voluntate,

378 2760 664 2842 procedit
691 2778 769 2821 ex
799 2759 920 2822 hoc
953 2760 1121 2841 quod
1157 2760 1314 2822 dicit
1345 2760 1712 2823 relationem
1751 2782 1877 2824 non

378 2858 682 2939 distingui
714 2877 750 2919 a
778 2858 1196 2919 fundamento
1231 2875 1246 2919 ε
1283 2859 1468 2939 cujus
1511 2860 1878 2941 oppositum

162 2975 349 3083 ‘'s-311.
379 2975 570 3038 supra
617 2956 900 3038 primum
948 2962 1276 3017 ostensum
1326 2962 1439 3016 est.
1487 2956 1614 3017 Nec
1667 2956 1880 3019 minus

135 3043 226 3091 pano
259 3042 351 3085 'ets

1994 1983 2170 2038 tanto
2222 1986 2435 2039 manet
2484 1978 2721 2059 vigore,
2766 1987 2835 2040 ut
2886 1982 3357 2063 comparatione
3407 1982 3497 2043 lu-

1993 2075 2188 2137 minis
2228 2077 2535 2138 naturalis
2573 2076 2836 2140 humani
2873 2098 2909 2140 a
2938 2079 3157 2142 divino
3197 2079 3496 2163 Dionysio

1991 2174 2589 2255 splendidissimum
2624 2184 3049 2258 nuncupetur.
3076 2178 3249 2250 Quod
3283 2187 3495 2242 tamen

1991 2272 2260 2335 Sanctus
2306 2273 2413 2335 ille
2454 2280 2579 2335 tam
2627 2273 2875 2337 fortiter
2913 2282 2975 2337 et
3014 2277 3195 2357 quasi
3238 2296 3353 2359 per
3394 2296 3497 2339 ex·

1991 2390 2245 2433 cessum
2276 2372 2590 2453 expressit
2618 2373 2696 2434 ad
2722 2372 3170 2436 confutandam
3202 2376 3495 2438 haeresim

1990 2468 2505 2539 Manichaeorum,
2539 2489 2681 2551 quae
2722 2478 3009 2552 tempore
3049 2472 3493 2553 Apostolorum

1992 2586 2107 2648 per
2137 2566 2519 2629 Marcionem
2554 2568 2817 2649 incepit,
2842 2568 2953 2649 qui
2987 2569 3146 2631 dixit
3178 2570 3497 2633 daemones

1992 2665 2367 2727 naturaliter
2412 2666 2633 2739 maloS,
2678 2674 2742 2728 et
2778 2686 2815 2729 a
2855 2667 3175 2749 principio
3214 2668 3499 2731 tenebra-

1991 2782 2134 2824 rum
2167 2763 2672 2826 substantialiter
2703 2765 2869 2827 malo
2901 2767 3261 2846 productos
3295 2802 3376 2813 —-
3404 2768 3499 2829 Ad

1991 2860 2254 2923 tertium
2324 2861 2745 2942 respondetur
2812 2864 3167 2925 secundum
3226 2864 3497 2927 'Guillel-

1993 2974 2173 3021 mum
2234 2959 2676 3033 parisiensem,
2734 2961 2901 3042 quod
2967 2963 3269 3024 naturalis
3328 2963 3498 3044 vigo-

378 3062 472 3115 est
517 3054 706 3117 realis
767 3053 904 3134 ipsa
962 3053 1232 3115 intentio
1281 3053 1626 3116 voluntatis
1685 3074 1877 3136 quam
1914 3060 1958 3123 C
1991 3056 2219 3118 rositas
2278 3057 2639 3120 daemonum
2696 3057 2826 3139 agit
2885 3059 3026 3132 hoc,
3096 3061 3264 3140 quod
3323 3068 3497 3123 tanta

377 3151 652 3214 affectio.
693 3152 840 3226 Quae
884 3152 1177 3225 intentio,
1220 3152 1574 3213 secundum
1618 3152 1881 3216 Ambro-

377 3251 568 3325 sium,
602 3249 920 3332 imprimit
949 3250 1231 3331 speciem
1263 3250 1496 3312 actioni
1533 3250 1776 3312 morali.
1803 3252 1880 3314 Et

377 3349 512 3430 ipsa
559 3349 830 3410 intentio
873 3356 970 3410 est
1017 3349 1240 3410 oculus
1292 3347 1524 3410 mentis
1567 3366 1581 3410 ε
1625 3350 1702 3410 de
1753 3368 1880 3431 qua

139 3460 348 3553 fuum,
376 3447 662 3510 Christus
717 3446 1040 3520 disseruit,
1093 3446 1156 3507 Si
1206 3446 1430 3508 oculus
1478 3454 1628 3508 tuus
1684 3447 1882 3528 fuerit

374 3546 670 3626 simplex,
715 3544 776 3605 id
826 3550 922 3605 est
971 3542 1241 3604 intentio
1289 3550 1478 3604 recta.
1525 3543 1767 3606 Idcirco
1815 3552 1878 3605 et

373 3645 510 3726 ipsa
549 3643 718 3705 reale
749 3642 904 3723 quid
942 3641 1312 3723 superaddit
1341 3642 1675 3715 voluntati,
1710 3643 1877 3705 sicut

371 3742 647 3804 affectio.
682 3777 763 3785 —
790 3741 1116 3813 Praeterea,
1151 3758 1228 3800 ex
1267 3739 1387 3802 hoc
1431 3740 1600 3821 quod
1646 3742 1877 3821 cogita-

371 3842 574 3903 tiones
623 3846 775 3901 sunt
815 3856 915 3899 res
966 3845 1192 3899 creatae
1244 3838 1703 3918 intelligibileS‚
1746 3858 1873 3902 non

368 3939 659 4022 sequitur
701 3937 872 4018 quod
915 3937 1235 3998 daemones
1289 3936 1353 3997 in
1399 3936 1766 4017 particulari
1811 3946 1874 3999 et

367 4038 668 4100 distincte
716 4034 1077 4115 intelligant
1119 4033 1532 4114 cogitationes
1582 4035 1869 4096 cordium

368 4138 818 4207 humanorum,
853 4134 962 4195 sed
1008 4133 1178 4215 quod
1229 4132 1436 4195 sciant
1480 4132 1542 4195 in
1591 4134 1868 4213 generali

1991 3174 2325 3237 poenarum
2370 3155 2714 3219 acerbitate
2753 3157 2833 3219 ab
2872 3158 3167 3221 acumine
3213 3160 3496 3223 conside-

1991 3254 2311 3316 rationum
2352 3273 2611 3316 suarum
2646 3256 2711 3317 in
2744 3256 2928 3319 malis
2969 3275 3094 3319 non
3133 3258 3491 3339 impediun-

1990 3353 2299 3425 tur,sicut
2326 3360 2390 3414 et
2418 3353 2735 3416 obstinata
2772 3373 2993 3417 eorum
3028 3356 3269 3418 malitia
3304 3376 3493 3419 causa

1988 3458 2086 3512 est
2133 3451 2302 3531 quod
2352 3451 2545 3514 tantis
2602 3452 2936 3514 tormentis
2983 3461 3046 3515 et
3096 3455 3495 3535 praescientia

1986 3566 2061 3609 ac
2109 3548 2339 3610 timore
2387 3548 2764 3610 incrementi
2824 3568 3069 3625 eorum,
3120 3570 3158 3613 a
3202 3553 3492 3616 tentatio-

1987 3644 2181 3708 nibus
2229 3645 2557 3707 hominum
2619 3663 2744 3709 non
2804 3648 3232 3723 retrahuntur,
3285 3670 3493 3733 neque

1987 3762 2023 3805 a
2061 3743 2173 3805 Dei
2216 3744 2697 3825 impugnatione
2734 3744 3068 3808 desistunt.
3103 3748 3237 3809 Imo
3275 3755 3345 3809 ut
3382 3748 3493 3810 ali-

1987 3841 2094 3923 qui
2129 3842 2373 3914 dicunt‚
2408 3842 2702 3923 quamvis
2741 3842 2946 3904 sciant
2976 3845 3330 3907 certissime
3365 3846 3487 3909 sibi

1984 3958 2060 4001 ex
2091 3940 2191 4001 his
2224 3958 2478 4020 semper
2511 3939 2674 4001 mala
2713 3942 3072 4021 provenire,
3107 3950 3316 4007 tamen
3360 3964 3489 4006 ma-

1986 4036 2124 4097 lunt
2183 4036 2247 4097 in
2307 4036 2499 4097 tantis
2558 4037 3027 4101 calamitatibus
3084 4058 3243 4112 esse,
3293 4060 3486 4123 quam

1981 4153 2109 4198 non
2141 4153 2303 4207 esse,
2338 4141 2407 4195 ut
2439 4143 2657 4196 contra
2689 4136 2888 4198 Deum
2924 4147 3228 4219 pugnent,
3254 4148 3313 4202 et
3343 4141 3485 4222 ejus

370 4235 523 4316 quid
572 4234 652 4295 sit
698 4232 996 4313 cogitatio
1046 4232 1201 4313 ipsa.
1248 4232 1574 4313 Scriptura
1617 4250 1869 4313 quoque
1901 4237 1950 4299 D
1982 4232 2541 4295 honorificentiam
2573 4252 2647 4295 ac
2679 4233 2924 4297 cultum
2956 4237 3333 4301 diminuant.
3359 4240 3485 4302 Ali-

371 4333 648 4395 ubertim
695 4339 978 4405 testatur,
1022 4332 1192 4412 quod
1241 4331 1370 4392 Deo
1413 4330 1495 4391 sit
1538 4331 1868 4412 proprium

371 4454 446 4495 ex
493 4451 609 4494 sua
665 4429 1060 4513 perspicacia
1119 4430 1285 4491 clare
1344 4437 1405 4490 ct
1455 4428 1752 4489 distincte
1803 4429 1869 4490 in

371 4531 738 4616 particulari
780 4547 1160 4612 cognoscere
1201 4529 1488 4589 cordium
1521 4528 1613 4608 (id
1643 4536 1735 4589 est
1779 4527 1871 4590 in-

373 4632 739 4694 tellectuum
781 4648 854 4690 ac
887 4628 1317 4705 voluntatum)
1347 4634 1604 4687 secreta.
1643 4627 1762 4689 Sed
1792 4628 1870 4688 de

373 4733 469 4794 his
500 4730 668 4792 infra
695 4729 960 4790 dicetur.
987 4763 1067 4771 —
1097 4726 1256 4788 Hinc
1289 4725 1616 4788 Udalricus
1647 4735 1870 4807 quarto

375 4850 501 4891 suae
557 4830 837 4891 Summae
897 4826 1063 4887 libro
1121 4831 1388 4887 testatur
1439 4841 1452 4885 ε
1506 4824 1870 4885 Intellectus

377 4936 586 4991 noster
626 4927 692 4988 in
732 4946 800 4987 se
840 4924 1201 5004 incognitus
1243 4930 1336 4985 est
1371 4922 1667 4996 daemoni,
1701 4922 1874 4983 simi-

379 5026 518 5087 liter
550 5024 820 5087 liberum
855 5022 1229 5094 arbitrium3
1262 5042 1378 5083 nec
1411 5040 1516 5083 eos
1549 5021 1873 5101 cognoscit

380 5124 611 5186 effectu
654 5124 936 5204 ipsorum
981 5122 1043 5182 in
1087 5121 1242 5201 ipsis
1285 5120 1536 5193 latente,
1571 5120 1679 5181 sed
1721 5129 1872 5180 tunc

384 5224 631 5305 quando
677 5240 792 5303 per
839 5220 1019 5302 signa
1069 5219 1368 5281 interiora
1415 5226 1524 5280 aut
1565 5216 1874 5281 exterIOra

389 5322 756 5403 produntur.
803 5320 944 5381 Haec
988 5317 1335 5381 Udalricus.

1981 4332 2091 4413 qui
2143 4350 2311 4405 vero,
2368 4339 2435 4394 ut
2484 4334 2688 4414 patuit
2744 4355 2957 4417 supra,
3010 4336 3309 4400 dixerunt
3364 4340 3483 4403 dae-

1984 4449 2245 4492 monum
2280 4429 2648 4492 sensibilem
2682 4450 2937 4513 poenam
2971 4453 3172 4515 usque
3202 4437 3278 4498 ad
3310 4437 3480 4500 diem

1982 4529 2227 4591 differri
2258 4529 2508 4609 judicii,
2533 4530 2919 4593 {estimantes
2950 4535 3117 4615 quod
3150 4554 3482 4616 poenarum

1981 4627 2293 4689 acerbitas
2333 4646 2461 4689 non
2502 4629 2737 4692 sineret.
2768 4649 2875 4692 eos
2916 4639 3007 4693 tot
3036 4640 3099 4695 et
3128 4635 3316 4695 tantis
3356 4656 3482 4697 ma-

1983 4725 2456 4787 chinationibus
2505 4727 2913 4791 dolositatum
2957 4738 3020 4791 et
3062 4733 3481 4797 tentationum

1985 4823 2309 4901 insistere3
2338 4824 2447 4886 sed
2480 4826 2689 4906 prima
2718 4828 3049 4908 responsio
3079 4828 3333 4893 videtur
3362 4853 3487 4895 ma-

1982 4922 2078 5002 gis
2127 4922 2370 4983 idonea.
2406 4959 2487 4967 —
2528 4924 2620 4985 Ad
2673 4932 2991 5006 quartum,
3046 4930 3216 5011 quod
3262 4932 3483 5014 utique

1986 5020 2048 5081 in
2097 5019 2345 5082 inferno
2389 5040 2516 5083 nou
2561 5031 2711 5083 sunt
2751 5025 3083 5105 sapientia,
3117 5028 3383 5093 scientia
3421 5038 3483 5094 et

1988 5118 2367 5192 intellectus,
2405 5128 2590 5200 prout
2632 5130 2779 5183 sunt
2819 5124 2981 5186 dona
3022 5125 3295 5207 Spiritus
3335 5130 3489 5195 San-.

1987 5215 2070 5277 cti
2109 5234 2122 5279 ε
2157 5216 2250 5278 sic
2290 5218 2461 5279 enim
2504 5218 2747 5280 caritati
2794 5222 3300 5304 inseparabiliter
3333 5236 3481 5290 sunt

1987 5332 2252 5377 annexa.
2282 5316 2408 5379 Nec
2450 5324 2547 5379 est
2582 5316 2668 5378 ibi
2706 5336 2867 5399 opus
2908 5322 3327 5401 meritorium,
3360 5344 3477 5391 nec

3566 2098 3627 2143 Dc
3645 2099 3787 2144 Divin-

3524 2176 3641 2207 nom.
3657 2176 3694 2206 c.
3715 2178 3772 2207 iv.
