4334 6242
592 1705 755 1751 Ιοαηη.
776 1721 804 1760 1,
818 1710 856 1750 t.

880 515 1000 583 246

1550 535 1617 584 m
1656 537 1877 584 LIBRUM
1919 537 1962 582 11
2005 535 2486 584 SENTENUARUM.
2530 553 2612 565 --
2650 535 2804 582 msr.
2851 535 2960 598 1113
3003 535 3226 592 QUAEST.
3265 533 3306 580 V

882 707 1163 770 cundum
1192 727 1348 789 quas
1381 707 1447 770 in
1476 717 1699 771 natura
1728 726 1857 771 non
1887 715 1979 769 est
2011 715 2080 769 ut
2109 726 2193 784 ex
2219 705 2375 788 ipsis
2405 703 2457 768 A
2491 705 2632 768 tius.
2677 707 2747 768 In
2797 705 3022 788 primis
3071 705 3310 788 quippe
3353 703 3795 786 intelligentiis
3844 721 3978 786 pro-

878 805 1017 880 fiat,
1068 807 1177 868 sed
1228 813 1297 867 ut
1346 825 1423 868 ex
1485 807 1639 888 ipsis
1687 807 2011 869 voluntate
2062 806 2172 868 Dei
2231 804 2374 866 fieri

879 904 1101 985 possit,
1155 911 1224 965 ut
1279 905 1680 967 miraculum.
1731 905 1902 967 Nihil
1960 905 2131 966 enim
2191 903 2376 965 ratio-

880 1002 1157 1064 nabilius
1205 1010 1301 1064 est
1344 1023 1535 1085 quam
1581 1004 1748 1085 quod
1795 1010 2081 1064 creatura
2124 1001 2378 1064 obediat

882 1101 1180 1174 Creatori,
1216 1109 1285 1163 ut
1330 1103 1611 1183 loquitur
1652 1103 2061 1182 Augustinus,
2098 1101 2273 1164 Unde
2317 1108 2378 1162 et

881 1209 1106 1281 quarto
1136 1221 1329 1282 super
1359 1201 1653 1264 Genesim
1689 1201 1911 1264 asserit
1941 1201 2332 1282 Augustinus
2358 1217 2373 1262 :

880 1297 1017 1360 Non
1048 1307 1183 1360 erat
1214 1299 1279 1361 in
1312 1307 1483 1362 costa
1512 1299 1661 1362 Adae
1696 1307 1765 1360 ut
1794 1318 1869 1361 ex
1898 1318 1972 1361 ca
2008 1299 2194 1361 fieret
2225 1299 2374 1372 Eva,

881 1397 993 1458 sed
1033 1404 1103 1458 ut
1132 1416 1209 1458 ex
1241 1416 1313 1460 ea
1354 1397 1496 1459 fieri
1538 1407 1749 1479 posset
1783 1398 2107 1459 voluntate
2138 1396 2373 1459 diviua.

882 1495 1073 1557 Porro
1116 1495 1271 1558 ordo
1316 1495 1434 1557 iste
1484 1515 1819 1558 causarum
1868 1496 2274 1558 seminalium
2317 1503 2380 1556 et

887 1594 1289 1656 rationalium
1323 1613 1514 1676 quem
1546 1594 1777 1656 indidit
1805 1596 1969 1656 Deus
2004 1601 2265 1666 naturae,
2299 1591 2379 1654 ab

888 1698 1125 1754 aeterno
1164 1691 1477 1774 praefulsit
1518 1693 1582 1752 in
1621 1693 1827 1754 Verbo
1868 1699 1937 1753 ut
1975 1693 2103 1754 vita
2143 1699 2207 1754 et
2247 1692 2377 1764 lux,

890 1797 959 1850 ut
1004 1791 1091 1850 ait
1132 1791 1435 1868 Joannes;
1477 1798 1666 1872 atque
1715 1791 2065 1852 secundum
2119 1790 2378 1851 modum

2486 812 2627 887 pter
2667 824 2885 867 earum
2931 805 3406 888 simplicitatem
3451 813 3514 866 et
3555 803 3868 866 unitatem
3907 821 3978 864 ac

2486 903 3028 985 propinquitatem
3057 903 3134 964 ad
3167 903 3574 985 primum‚est
3603 902 3806 964 virtus
3836 921 3981 983 prze-

2487 1002 2711 1082 cipua3
2753 1003 2818 1064 in
2864 1001 3276 1065 inferioribus
3317 1019 3467 1064 vero
3507 1009 3602 1063 est
3640 1001 3844 1062 virtus
3883 1001 3979 1062 de-

2488 1100 2698 1172 bilior,
2724 1101 2961 1163 ideirco
2993 1100 3257 1163 minoris
3289 1108 3385 1163 est
3414 1099 3695 1162 ambitus
3725 1107 3784 1161 et
3819 1118 3981 1161 com-

2489 1198 2929 1279 prehensionis
2966 1199 3251 1262 minoriS.
3286 1235 3368 1244 —
3395 1199 3539 1261 Haec
3573 1197 3660 1259 ibi
3696 1217 3709 1258 :
3746 1218 3888 1279 quae
3920 1205 3976 1259 et

2489 1295 2554 1358 in
2604 1296 2770 1360 libro
2817 1297 2894 1359 de
2945 1297 3163 1360 Causis
3213 1304 3276 1358 et
3318 1297 3384 1358 in
3433 1305 3796 1359 commento
3843 1297 3977 1377 ejus

2489 1395 2741 1476 plenius
2786 1396 3210 1458 continentur.

2568 1493 2871 1556 Praeterea
2920 1513 2956 1555 a
3005 1495 3191 1556 dict-is
3251 1495 3388 1556 istis
3437 1494 3678 1556 Alberti
3733 1493 3981 1555 videtur

2490 1591 2826 1654 dissentire
2892 1592 3247 1674 discipulus
3315 1593 3454 1673 ejus
3523 1592 3852 1655 Udalricus
3918 1593 3978 1653 in

2491 1691 2753 1752 Summa
2799 1710 2933 1764 sua,
2979 1690 3141 1753 libro
3185 1698 3457 1771 quarto:
3493 1691 3738 1771 Angeli,
3783 1691 3984 1772 inqui-

2491 1807 2627 1863 ens,
2669 1789 2941 1850 naturali
2987 1789 3366 1870 cognitione,
3409 1788 3761 1850 secundum
3805 1807 3984 1869 quos-

887 1906 961 1948 ac
1004 1888 1293 1950 ordinem
1333 1905 1460 1969 quo
1500 1889 1807 1969 processit
1845 1907 1881 1949 a
1918 1889 2124 1950 Verbo
2165 1888 2230 1948 in
2271 1907 2380 1948 na-
2417 1886 2464 1949 B
2494 1887 2660 1961 dam,
2697 1895 3082 1968 cognoscunt
3115 1905 3229 1970 per
3267 1887 3512 1968 species
3551 1905 3764 1948 rerum
3797 1887 3983 1948 totius

887 1993 1116 2058 turam,
1158 1985 1250 2048 sic
1299 2005 1413 2067 per
1462 1986 1947 2048 similitudinem
1992 1993 2055 2048 et
2097 1987 2378 2066 speciem

885 2085 1335 2165 exemplariter
1382 2085 1447 2145 in
1497 2084 1928 2146 intellectibus
1979 2085 2231 2146 refulsit
2272 2103 2381 2144 an-

883 2182 1125 2263 geliciS.
1147 2182 1379 2263 Sicque
1412 2183 1476 2243 in
1508 2183 1720 2264 specie
1752 2182 1943 2262 hujus
1976 2182 2216 2243 ordinis
2249 2181 2382 2243 uni-

882 2281 1167 2352 versalis,
1202 2281 1409 2360 angeli
1449 2280 1663 2342 omnia
1706 2280 2015 2341 naturalia
2059 2280 2123 2340 in
2169 2281 2381 2359 singu-

883 2378 997 2441 lari
1038 2398 1110 2440 ac
1150 2378 1409 2460 proprio
1452 2397 1589 2440 esse
1632 2379 1917 2460 ipsorum
1963 2386 2375 2458 cognoscunt,

880 2477 1072 2538 etiam
1132 2478 1277 2540 dato
1334 2478 1499 2558 quod
1561 2496 1635 2538 ea
1692 2495 1820 2538 non
1878 2483 2240 2557 operentur.
2295 2476 2380 2537 Ea

881 2593 1032 2637 vero
1077 2594 1217 2657 quae
1262 2582 1409 2636 sunt
1457 2575 1639 2636 liberi
1682 2574 1952 2648 arbitrii,
1995 2581 2266 2636 noscunt
2313 2573 2378 2635 in

882 2679 1191 2754 quantum
1238 2673 1505 2754 vestigia
1552 2673 1651 2734 sui
1708 2672 2079 2753 relinquunt
2127 2672 2194 2733 in
2245 2690 2379 2734 cor-

882 2789 1036 2852 pore
1090 2791 1103 2834 :
1154 2777 1217 2832 et
1274 2771 1328 2832 si
1388 2771 1534 2832 talia
1596 2771 1774 2832 nulla
1830 2771 2224 2852 relinquunt,
2278 2788 2378 2832 co-

878 2886 1183 2950 gnoscere
1225 2871 1307 2930 ea‘
1338 2887 1465 2930 non
1510 2876 1774 2950 queunt,
1808 2869 1931 2930 nisi
1974 2868 2181 2948 angeli
2227 2867 2378 2930 boni

882 2974 1264 3046 cognoscant
1302 2985 1375 3028 ea
1417 2966 1480 3027 in
1512 2967 1754 3046 Verb03
1799 2966 1945 3028 mali
1978 2984 2129 3028 vero
2166 2985 2240 3028 ea
2282 2984 2380 3029 co-

2491 1985 2734 2047 ordinis
2776 1985 3054 2047 universi
3094 2004 3107 2048 :
3142 2005 3283 2066 quae
3319 1992 3666 2048 concreata)
3703 1991 3850 2046 sunt
3880 2005 3982 2046 an·

2489 2083 2671 2164 geliS,
2707 2090 2980 2165 suntque
3013 2083 3467 2145 similitudines
3502 2083 3656 2145 idea}
3686 2102 3796 2144 seu
3831 2083 3988 2145 idea-

2494 2182 2649 2244 lium
2681 2182 2998 2243 rationum
3030 2181 3217 2243 Verbi
3252 2181 3750 2243 aeterni.ldcirco
3779 2181 3985 2262 ange-li

2491 2299 2605 2360 per
2635 2298 2740 2342 eas
2781 2287 3170 2360 cognoscunt
3209 2298 3308 2341 res
3350 2297 3474 2341 non
3517 2279 3726 2342 solum
3769 2297 3987 2341 secun-

2492 2379 2644 2439 dum
2689 2396 2920 2458 genera
2961 2384 3024 2439 ct
3068 2377 3336 2460 species,
3369 2377 3478 2438 sed
3525 2378 3716 2439 etiam
3765 2397 3986 2439 secun-

2491 2476 2644 2538 dum
2690 2475 3040 2550 individua‚
3085 2475 3623 2557 quemadmodum
3667 2476 3832 2538 Deus
3874 2494 3988 2557 per

2491 2575 2590 2636 sui
2654 2575 3014 2636 intellectus
3079 2573 3284 2635 ideam
3350 2573 3697 2654 singularia
3760 2575 3982 2636 noscit.

2490 2673 2665 2746 Quod
2715 2673 2956 2734 dictum
3003 2672 3152 2753 quia
3202 2691 3318 2734 nec
3369 2672 3610 2734 ratione
3659 2673 3984 2754 probatur,

2492 2791 2608 2832 nec
2649 2770 2840 2833 alicui
2881 2770 3239 2833 auctoritati
3279 2770 3598 2844 innititur,
3635 2770 3860 2832 fictum
3901 2770 3990 2833 vi-

2492 2870 2696 2944 detur,
2738 2869 2918 2949 juxta
2967 2886 3246 2931 errorem
3296 2868 3591 2942 PlatoniS‚
3636 2869 3745 2950 qui
3795 2869 3986 2932 etiam

2492 2975 2779 3029 nostrum
2829 2967 3226 3028 intellectum
3277 2965 3511 3028 talibus
3561 2966 3784 3029 formis
3832 2969 3990 3030 adeo

880 3082 1184 3145 gnoscere
1233 3070 1577 3145 nequeunt.
1630 3063 1789 3124 Hinc
1837 3064 2042 3143 angeli
2101 3063 2249 3126 boni
2301 3065 2377 3126 ad
2418 3067 2461 3130 C
2493 3065 2651 3127 dixit
2691 3065 3070 3147 perfectum,
3101 3065 3269 3146 quod
3309 3065 3561 3145 negavit
3595 3084 3708 3128 nos
3747 3066 3990 3148 aliquid

881 3163 1391 3243 cognoscendum
1432 3161 1777 3242 singularia
1806 3178 1933 3222 non
1969 3162 2257 3241 indigent
2289 3162 2380 3223 in-

881 3259 1248 3342 quisitione,
1282 3260 1390 3322 sed
1436 3259 1715 3340 simplici
1759 3258 1995 3320 intuitu
2040 3277 2113 3320 ea
2155 3277 2380 3339 cogno-

881 3366 1068 3421 scunt
1112 3377 1227 3440 per
1269 3359 1594 3438 exemplar
1632 3357 1785 3419 artis
1834 3357 2083 3420 divinae.
2118 3393 2200 3403 ——
2235 3358 2378 3420 Haec

880 3456 1197 3520 Albertus.
1234 3457 1323 3517 Ex
1355 3456 1590 3537 quibus
1634 3456 1921 3537 patescit,
1957 3456 2124 3537 quod
2168 3457 2376 3536 angeli

882 3561 1273 3634 cognoscunt
1322 3572 1436 3635 per
1485 3553 1753 3633 spe-cieS,
1799 3553 1927 3614 imo
1975 3572 2089 3634 per
2131 3555 2376 3635 species

882 3652 1270 3713 universales
1303 3651 1427 3712 sibi
1462 3670 1498 3711 a
1529 3670 1643 3712 sua
1676 3651 1990 3712 creatione
2027 3651 2282 3725 inditas,
2315 3661 2378 3714 et

882 3749 1155 3831 qualiter
1203 3769 1316 3831 per
1363 3750 1617 3811 easdem
1667 3748 2074 3830 particularia
2124 3769 2377 3832 quoque

882 3855 1164 3910 noscant.

962 3949 1041 4011 At
1071 3966 1221 4011 vero
1254 3947 1318 4010 in
1351 3957 1711 4010 commento
1752 3967 1867 4010 suo
1908 3967 2101 4030 super
2140 3948 2378 4010 librum

882 4047 959 4108 de
992 4047 1231 4120 CausiS,
1265 4047 1589 4108 declarans
1629 4047 1903 4128 qualiter
1944 4046 2381 4126 intelligentia}

882 4144 1242 4226 superiores
1289 4144 1653 4224 intelligunt
1695 4164 1809 4225 per
1848 4144 2083 4206 formas
2127 4144 2379 4206 univcr-

2491 3164 2757 3237 discere,
2802 3163 2912 3225 sed
2957 3164 3362 3226 immemores
3407 3165 3742 3226 recordari.
3775 3201 3856 3210 —
3893 3167 3989 3227 ln-

2491 3281 2704 3343 super‚
2739 3263 3028 3342 sequitur
3065 3281 3142 3323 ex
3181 3263 3302 3324 hoc
3343 3262 3533 3336 dicto,
3569 3264 3737 3344 quod
3782 3264 3986 3344 angeli

2489 3361 2714 3422 eodem
2775 3361 2962 3423 modo
3019 3361 3229 3422 sciunt
3287 3360 3503 3422 omnia
3561 3362 3992 3442 contingentia

2490 3459 2705 3520 futura
2739 3478 2852 3540 per
2882 3478 3103 3520 causas
3136 3459 3548 3532 universaleS,
3583 3459 3748 3522 sicut
3779 3460 3989 3521 sciunt

2490 3576 2562 3619 ea
2609 3565 2942 3638 postquam
2989 3565 3138 3618 sunt
3185 3556 3367 3618 facta.
3415 3558 3589 3630 Quod
3635 3566 3730 3620 est
3773 3567 3992 3621 contra

2491 3654 2940 3735 Augustinum,
2987 3655 3304 3717 dicentem
3359 3673 3372 3717 :
3425 3656 3543 3718 Res
3593 3656 3840 3718 futuras
3889 3675 3990 3719 co-

2491 3761 2848 3833 gnoverunt
2892 3753 2957 3814 in
3001 3753 3244 3831 Verb03
3285 3753 3482 3816 factas
3523 3772 3697 3829 vern,
3744 3754 3808 3815 in
3854 3774 3992 3836 pro-

2492 3851 2630 3932 pria
2662 3857 2904 3912 natura.
2928 3886 3010 3895 —
3039 3850 3299 3925 RursuS,
3334 3851 3552 3933 quales
3583 3851 3712 3912 sint
3743 3853 3990 3934 species

2493 3967 2607 4030 per
2639 3967 2795 4029 quas
2837 3968 3004 4009 unus
3042 3949 3304 4028 angelus
3335 3949 3658 4030 cognoscit
3688 3950 3847 4012 alios
3888 3971 3992 4012 an-

2492 4047 2688 4127 gelOS,
2731 4045 3001 4107 difficile
3052 4055 3147 4108 est
3193 4045 3458 4127 fingere,
3503 4061 3702 4128 quum
3755 4066 3872 4110 nos
3915 4069 3989 4110 ex

2492 4152 2708 4206 nostro
2744 4151 2806 4205 ct
2839 4162 2964 4206 non
3004 4163 3082 4206 ex
3121 4144 3337 4226 aliquo
3373 4145 3582 4208 alieno
3622 4145 3989 4226 hujusmodi

882 4243 1142 4304 saliores
1197 4263 1209 4305 :
1261 4242 1549 4304 influxus
1592 4243 1857 4323 (inquit)
1900 4242 2248 4304 formarum
2301 4243 2380 4303 ab
2415 4249 2464 4310 D
2496 4243 2850 4323 spiritualia
2893 4260 3367 4323 cognoscamus

884 4340 1321 4420 intelligentiis
1354 4341 1791 4421 superioribus
1823 4341 2150 4402 descendit
2180 4341 2256 4402 ad
2293 4341 2381 4402 in-

885 4437 1166 4500 feriores,
1220 4439 1377 4499 llinc
1437 4446 1683 4519 oportet
1733 4439 1900 4519 quod
1960 4437 2180 4500 formae
2241 4459 2381 4520 quie

882 4545 1030 4598 sunt
1062 4537 1127 4598 in
1159 4534 1594 4617 intelligentiis
1626 4535 2226 4616 superioribus,sint
2259 4557 2383 4598 ma-

880 4635 978 4716 gis
1024 4634 1436 4708 universale8‚
1471 4652 1546 4696 eo
1590 4635 1758 4715 quod
1804 4634 1932 4696 sint
1978 4635 2040 4695 in
2086 4635 2380 4715 pluribus

882 4741 1073 4815 atque
1116 4733 1193 4794 de
1240 4732 1551 4812 pluribus.
1596 4733 1663 4793 In
1713 4731 2121 4794 inferioribus
2164 4740 2379 4795 autem

886 4831 1322 4912 intelligentiis
1362 4839 1511 4893 sunt
1542 4831 1741 4911 magis
1781 4838 2117 4892 contractae
2147 4839 2211 4892 et
2242 4851 2380 4912 par-

883 4932 1203 5007 ticulares,
1238 4931 1389 5012 quia
1432 4930 1498 4991 in
1548 4928 1954 5011 paucioribus
1999 4937 2061 4990 et
2104 4931 2182 4991 de
2229 4949 2380 5011 pau-

885 5031 1164 5094 cioribus
1222 5037 1389 5092 sunt.
1452 5029 1690 5092 Formae
1748 5029 1919 5089 enim
1979 5029 2379 5110 superiorum

887 5130 1456 5212 comprehendunt,
1500 5134 1716 5189 tenent
1759 5146 1831 5188 ac
1875 5134 2101 5207 regunt
2146 5125 2381 5188 formas

887 5230 1285 5304 inferiorum,
1337 5248 1464 5292 non
1513 5227 1904 5305 econtrari03
1956 5235 2019 5288 et
2068 5226 2381 5308 quidquid

887 5336 1090 5411 potest
1150 5328 1430 5401 inferior,
1484 5333 1691 5412 potest
1749 5325 2038 5410 superior
2095 5325 2380 5388 eminen-

2574 4341 2698 4403 Nos
2747 4360 2896 4403 vero
2952 4341 3015 4401 in
3071 4341 3187 4402 hac
3247 4342 3510 4403 materia
3567 4341 3992 4405 indubitatam

2495 4440 2804 4501 rationem
2859 4447 3218 4520 scqucntcS,
3270 4447 3459 4520 atque
3511 4440 3772 4501 incertis
3823 4450 3992 4526 certa

2495 4538 2924 4618 1›1·aeferenteS‚
2957 4536 3231 4599 dicimus
3267 4538 3434 4618 quod
3476 4557 3674 4619 quum
3718 4539 3886 4602 Dcus
3929 4539 3989 4602 in

2493 4637 2714 4698 ordine
2764 4644 2827 4697 et
2881 4634 3272 4697 connexione
3325 4635 3680 4698 condiderit
3737 4637 3988 4699 univcr-

2495 4754 2659 4807 sum,
2684 4735 2837 4796 ordo
2867 4742 2962 4795 est
2991 4733 3156 4806 talis,
3190 4734 3358 4815 quod
3393 4735 3705 4815 posterius
3735 4755 3989 4817 semper

2495 4833 2874 4914 productum
2909 4840 3001 4894 est
3037 4832 3352 4894 mediante
3382 4833 3612 4914 priore.
3641 4834 3806 4895 Talis
3837 4853 3986 4916 quo-

2492 4950 2639 5013 qne,
2684 4932 3034 4992 secundum
3079 4931 3138 4993 S.
3185 4931 3578 5013 Dionysium,
3621 4940 3717 4995 est
3759 4949 3986 4996 conne-
4045 4959 4224 5006 Dema...

2493 5031 2598 5091 xio
2651 5029 2984 5109 graduum,
3047 5029 3216 5110 quod
3279 5047 3534 5110 semper
3590 5030 3816 5092 ultima
3875 5049 3982 5093 seu
4009 5033 4224 5069 ’ΝΜ-ω·

2495 5128 2719 5189 infima
2758 5127 3067 5208 priorum,
3101 5127 3442 5208 conjuncta
3483 5135 3630 5190 sunt
3667 5131 3984 5210 supremis

2493 5226 2936 5307 posteriorum.
2985 5225 3143 5286 Hinc
3192 5225 3357 5287 sicut
3404 5227 3616 5288 anima
3662 5227 3984 5290 rationalis

2493 5323 2851 5387 virtualiter
2878 5324 2940 5384 in
2973 5343 3039 5386 se
3071 5323 3254 5387 habet
3290 5325 3576 5388 omnium
3610 5333 3980 5402 rerum,tam
