4334 6242
830 511 948 578 178
1498 529 1562 577 m
1603 529 1825 577 unnim
1866 530 1910 575 11
1952 525 2435 575 scuram-maim.
2480 543 2560 554 —
2601 526 2752 571 ms‘r.
2801 523 2885 587 ¹13
2929 525 3152 581 QuAEs‘r.
3197 525 3258 571 vt

828 701 1395 783 Peripateticorum
1458 701 1810 764 dicentium
1876 696 2327 778 intelligentias
2357 694 2410 757 A
2443 714 2642 757 unum
2687 700 2830 776 post
2869 693 3042 755 aliud
3087 693 3491 776 pertransire.
3525 691 3784 753 Infinita
3827 709 3950 752 au-

835 800 976 862 loco
1006 808 1069 862 et
1098 800 1462 882 operatione
1495 797 1879 872 immobileS,
1916 795 2330 858 immoderate
2441 800 2569 854 tem
2609 792 2979 874 pertransiri
3020 799 3344 873 nequeunt
3382 791 3505 853 nisi
3550 791 3614 852 in
3649 797 3951 872 tempore

837 905 899 960 et
929 892 1153 961 forsan*
1176 899 1531 980 periculose
1562 903 2003 966 consentanea,
2039 894 2169 955 imo
2201 911 2331 953 ma·
2443 891 2717 954 infinito.
2755 890 2832 952 Et
2869 909 3234 972 quanquam
3272 908 3400 952 non
3439 896 3738 970 appareat
3777 888 3952 950 mihi

837 996 1067 1060 nifeste
1128 997 1443 1059 contraria
1506 993 2017 1057 determinationi
2088 988 2333 1052 domini
2444 991 2508 1052 in
2540 990 2662 1052 isto
2692 990 2956 1051 rationis
2995 989 3249 1062 solutio,
3284 1008 3410 1052 non
3451 996 3661 1050 tamen
3703 1005 3804 1049 me
3837 1005 3956 1050 co-

596 1119 640 1159 r·
676 1104 807 1147 ¹6⁰⁸·
839 1095 1139 1177 Stephani
1182 1095 1258 1156 de
1302 1095 1440 1156 loco
1479 1100 1782 1175 motuque
1822 1091 2028 1172 angeli
2072 1090 2135 1151 in
2178 1107 2336 1169 prae-
2441 1096 2544 1168 get
2578 1088 2710 1150 haec
2739 1088 3201 1168 argumentatio
3240 1088 3662 1168 dogmatizare
3699 1095 3808 1148 aut
3841 1087 3959 1147 de-

540 1173 644 1212 ‘²⁸'
838 1193 1087 1255 cedenti
1136 1192 1486 1275 quaestione
1531 1191 1821 1253 inductae.
1860 1190 2033 1252 Unde
2082 1195 2146 1248 et
2196 1187 2334 1268 ipse
2445 1185 2702 1247 fendere
2743 1187 2912 1267 quod
2954 1186 3202 1260 docere,
3235 1186 3550 1248 sustinere
3581 1204 3692 1247 seu
3729 1183 3960 1246 defen-

837 1292 1166 1364 Henricus,
1201 1310 1280 1354 ne
1311 1290 1634 1353 videretur
1665 1286 2022 1371 periculum
2056 1286 2216 1348 illud
2247 1284 2338 1345 in·
2445 1284 2593 1345 dere
2625 1283 2916 1365 prohibet
2961 1283 3350 1366 pontificalis
3383 1283 3762 1345 interdictio
3797 1283 3958 1344 Haec

838 1390 1070 1464 cidere,
1110 1407 1253 1451 mox
1284 1387 1518 1469 adjecit
1553 1406 1566 1448 :
1600 1386 1727 1449 Nec
1758 1394 1970 1448 tamen
2001 1383 2338 1464 negabitur
2446 1381 2774 1443 HenricuS.

836 1487 1097 1568 angelus
1147 1506 1286 1549 esse
1336 1486 1687 1548 secundum
1732 1483 2151 1546 substantiam
2197 1480 2336 1542 abs·
2529 1480 2675 1553 Quae
2724 1479 3046 1542 excusatio
3089 1479 3412 1542 videretur
3452 1479 3773 1554 sufficere,
3817 1479 3962 1542 nisi

836 1605 961 1668 que
993 1586 1169 1648 omni
1202 1583 1727 1648 determinatione
1768 1582 2159 1663 ubicumque
2191 1597 2337 1660 ope·
2449 1579 2780 1660 responsio
2809 1598 2924 1640 sua
2964 1579 3316 1642 includeret
3347 1579 3408 1640 id
3441 1599 3520 1641 ex
3551 1597 3680 1661 quo
3706 1579 3962 1641 directe

836 1691 1029 1746 retur.
2451 1684 2513 1739 et
2543 1676 2971 1739 insolubiliter
3001 1677 3290 1759 sequitur
3321 1677 3384 1739 id
3416 1678 3586 1759 quod
3617 1677 3968 1759 pontifica-

921 1781 1096 1856 Quod
1130 1782 1361 1843 iterum
1392 1780 1557 1842 male
1589 1797 1811 1842 sonare
1845 1778 2117 1851 videtur,
2136 1797 2337 1859 quum
2454 1775 2531 1838 lis
2562 1775 2672 1837 illa
2701 1775 2956 1837 traditio
2997 1775 3309 1856 reprobat.
3344 1811 3424 1820 —
3455 1776 3740 1858 Denique
3765 1793 3970 1856 argu-

550 1897 811 1956 cfipsrm.
838 1880 1021 1962 juxta
1068 1879 1437 1962 praehabita,
1486 1887 1550 1940 et
1596 1878 1778 1958 juxta
1823 1877 2178 1939 doctrinam
2229 1876 2341 1938 Da·
2377 1873 2424 1935 B
2455 1881 2740 1935 mentum
2782 1873 2950 1934 istud
2990 1890 3118 1935 non
3159 1874 3411 1935 videtur
3452 1874 3527 1935 ad
3573 1874 3964 1936 solvendum

844 1978 1123 2041 masceni
1173 1997 1245 2040 ac
1290 1977 1532 2039 domini
1586 1975 1911 2057 Stephani,
1944 1974 2206 2055 angelus
2258 1975 2343 2035 ita
2453 1971 2724 2033 difficile
2789 1989 2802 2032 :
2865 1971 3184 2053 siquidem
3243 1990 3320 2032 ex
3379 1989 3644 2034 erronea
3697 1972 3971 2033 videtur

843 2077 927 2138 sit
957 2076 1066 2138 ubi
1100 2075 1465 2138 immediate
1505 2081 1825 2155 operatur,
1860 2073 2028 2154 quod
2070 2089 2200 2133 non
2235 2072 2344 2133 ali·
2454 2071 2904 2150 imaginatione
2946 2070 3304 2152 procedere.
3339 2069 3494 2132 Nam
3541 2071 3627 2132 ita
3665 2070 3968 2152 procedit

846 2175 933 2249 bi,
958 2175 1079 2237 hoc
1107 2181 1225 2247 est,
1249 2193 1396 2235 cum
1426 2171 1971 2234 determinatione.
1993 2170 2153 2231 Hinc
2184 2170 2345 2231 Hen-
2454 2169 2636 2251 quasi
2675 2168 2899 2249 angelo
2941 2167 3197 2250 proprie
3238 2176 3558 2250 competat
3594 2187 3733 2230 esse
3764 2168 3832 2230 in
3867 2169 3970 2230 Ιο-

846 2273 1017 2335 ricus
1056 2272 1347 2354 protinus
1385 2270 1563 2332 addit
1597 2288 1610 2331 :
1646 2269 1767 2332 Sed
1808 2276 1959 2330 tunc
1991 2267 2146 2350 quid
2179 2275 2344 2329 esset
2455 2285 2530 2329 co
2570 2266 2852 2348 punctali
2892 2285 3004 2328 seu
3045 2274 3285 2348 puncto
3318 2284 3332 2328 ε
3366 2267 3552 2348 cujus
3585 2266 3966 2348 oppositum

846 2372 1213 2444 dicendum,
1248 2371 1299 2432 si
1331 2369 1593 2449 angelus
1626 2375 1899 2450 ponatur
1928 2385 2065 2428 esse
2103 2365 2344 2448 absque
2456 2364 2662 2446 patuit
2691 2383 2904 2446 supra,
2939 2370 3000 2426 et
3031 2383 3224 2445 super
3263 2364 3568 2444 primum,
3601 2364 3970 2428 distinctio-
4059 2393 4150 2447 cf,
4169 2397 4206 2434 ι,
4223 2391 4308 2436 11,

848 2468 1025 2531 omni
1066 2468 1491 2550 applicatione
1532 2473 1595 2528 et
1632 2465 1880 2528 actione
1920 2463 2176 2526 virtutis
2217 2481 2348 2525 suae
2457 2482 2537 2525 ne
2589 2463 2914 2524 tricesima
2961 2461 3254 2544 septima,
3307 2481 3383 2524 ex
3436 2461 3624 2524 dictis
3671 2463 3965 2536 Thomna,
4007 2471 4064 2510 Ρ·
4095 2461 4296 2499 ‘⁵⁰⁶²'

850 2567 1020 2629 circa
1083 2565 1533 2648 quodcumque
1596 2563 1965 2646 corporale?
2024 2560 2345 2643 Numquid
2457 2561 2912 2623 Bonaventurae
2959 2578 3032 2621 ac
3080 2560 3372 2622 aliorum.
3411 2561 3671 2635 RursuS,
3704 2561 3976 2624 videtur

849 2665 1160 2727 dicendus
1207 2672 1302 2726 est
1350 2681 1667 2744 nusquam
1716 2680 1876 2734 esse,
1926 2667 1989 2722 et
2039 2660 2125 2721 ita
2172 2657 2351 2720 nullo
2461 2658 2802 2740 procedere
2833 2676 2906 2718 ac
2938 2657 2992 2718 si
3033 2658 3099 2718 in
3130 2658 3435 2720 continuo
3471 2666 3682 2720 essent
3717 2666 3976 2740 puncta

854 2764 1043 2826 modo
1084 2763 1323 2825 moveri
1368 2762 1445 2822 de
1486 2761 1623 2823 loco
1656 2760 1733 2822 ad
1775 2760 2031 2822 locum?
2061 2759 2191 2821 Hoc
2223 2775 2349 2819 non
2460 2757 2792 2819 actualiter
2823 2755 3096 2818 infinita.
3133 2757 3448 2839 Supponit
3479 2775 3753 2839 quoque,
3785 2760 3972 2839 quod

854 2862 998 2924 dico
1026 2878 1046 2924 -:
1080 2868 1176 2922 est
1205 2859 1378 2922 enim
1418 2866 1637 2920 contra
1676 2856 2017 2919 articulum
2055 2855 2351 2918 condem·
2461 2854 2838 2936 simplicitas
2881 2855 3088 2935 angeli
3134 2855 3396 2936 aequalis
3439 2856 3521 2917 sit
3565 2856 3976 2938 simplicitati

856 2967 1098 3032 natum,
1136 2958 1199 3021 id
1234 2965 1350 3030 est,
1385 2957 1505 3018 hoc
1544 2955 1777 3029 dicere,
1812 2962 1908 3016 est
1952 2955 2232 3016 incidere
2266 2960 2351 3014 ta-
2467 2954 2710 3035 puncti,
2747 2973 2784 3014 a
2825 2973 2952 3035 qua
3000 2960 3210 3016 tamen
3262 2954 3566 3036 specifice
3612 2953 3867 3034 differt;
3901 2964 3982 3017 et

858 3060 983 3121 lem
1031 3055 1395 3127 articulum,
1448 3055 1547 3117 vel
1597 3062 1693 3116 est
1742 3061 1960 3116 contra
2007 3053 2350 3114 articulum
2391 3057 2434 3121 C
2465 3052 2646 3134 quasi
2698 3051 3076 3133 simplicitas
3119 3052 3328 3132 ange-li
3373 3052 3454 3114 sit
3499 3054 3804 3115 sumenda
3851 3072 3982 3135 per

857 3157 1385 3220 condemnantem
1427 3153 1549 3215 tale
1586 3154 1850 3216 dictum.
1885 3152 2002 3225 Qui
2044 3151 2354 3212 articulus
2465 3150 2897 3212 exclusionem
2942 3149 3137 3212 totius
3181 3151 3592 3224 extensionis,
3627 3171 3824 3233 quum
3879 3161 3982 3215 ta-

858 3262 952 3316 est
1000 3271 1014 3316 :
1060 3252 1236 3326 Quod
1285 3251 1654 3314 substantiae
1702 3257 2003 3331 separata}
2052 3256 2202 3310 sunt
2247 3247 2358 3310 ali·
2468 3268 2614 3310 men
2655 3248 2720 3311 in
2761 3249 2984 3329 angelo
3023 3249 3101 3310 sit
3155 3249 3524 3329 magnitudo
3564 3251 3980 3331 quantitasve

860 3352 1010 3413 cubi
1058 3369 1174 3433 per
1222 3349 1678 3432 operationem,
1712 3355 1775 3409 et
1823 3348 1993 3428 quod
2042 3365 2167 3408 non
2220 3365 2359 3428 pos·
2467 3348 2743 3420 virtutis,
2774 3348 2954 3428 juxta
2986 3347 3170 3428 cujus
3211 3367 3574 3410 mensuram
3615 3357 3676 3412 et
3707 3367 3984 3431 propor-

861 3457 1010 3511 sunt
1040 3448 1278 3510 moveri
1311 3446 1392 3508 ab
1421 3454 1707 3508 extremo
1739 3445 1801 3506 in
1842 3452 2198 3506 extremum
2239 3463 2356 3504 nec
2469 3447 2706 3508 tionem
2736 3453 2826 3508 est
2865 3445 2929 3506 in
2969 3445 3194 3526 angelo
3232 3447 3518 3510 extensio
3552 3448 3838 3529 quaedam
3873 3467 3984 3510 es·

865 3565 977 3628 per
1028 3545 1311 3608 medium
1370 3562 1484 3606 seu
1544 3543 1607 3605 in
1667 3543 1974 3616 medium,
2025 3541 2149 3602 nisi
2208 3541 2360 3622 quia
2469 3545 2687 3607 sentim
2722 3562 2735 3606 :
2769 3561 2895 3606 non
2947 3543 3168 3625 utique
3216 3546 3500 3608 extensio
3547 3546 3983 3628 quantitativa

866 3652 1130 3726 possunt
1172 3642 1333 3704 velle
1380 3641 1626 3724 operari
1675 3641 1739 3702 in
1784 3641 1899 3712 eis,
1932 3658 2129 3714 error,
2167 3639 2222 3702 si
2269 3639 2360 3700 in·
2471 3643 2838 3725 corporaliS,
2875 3641 3241 3717 materialiS,
3279 3644 3618 3724 partibilis,
3661 3645 3769 3706 sed
3811 3665 3982 3726 qua-

865 3741 1186 3822 telligatur
1214 3739 1635 3802 substantiam
1667 3746 2017 3821 separatam
2050 3738 2187 3800 sine
2217 3756 2363 3820 ope·
2473 3742 2550 3804 lis
2595 3741 2894 3804 convenit
2934 3739 3163 3803 animae
3207 3741 3517 3815 rationali,
3552 3761 3692 3823 quae
3731 3743 3831 3823 (ut
3876 3744 3984 3807 sie

866 3840 1109 3904 ratione
1158 3857 1285 3901 non
1328 3857 1467 3900 esse
1514 3838 1578 3899 in
1625 3837 1761 3900 loco
1804 3855 1922 3898 nec
1966 3836 2233 3898 transire
2283 3837 2360 3897 de
2475 3840 2723 3922 loquar)
2753 3840 2891 3901 sine
2929 3839 3298 3902 extensione
3337 3847 3596 3902 extensa
3633 3849 3729 3902 est
3756 3849 3992 3905 exten-

867 3940 1005 4001 loco
1043 3938 1120 4000 ad
1162 3937 1393 3999 locum.
1430 3935 1543 3999 Cui
1585 3935 1913 3998 sententiae
1951 3952 2077 3997 non
2118 3941 2363 3997 contra·
2475 3940 2652 4001 sione
2702 3937 2984 4019 corporis
3029 3937 3150 4010 sui,
3189 3938 3316 3999 imo
3358 3946 3419 3999 et
3467 3938 3777 4001 imitativa
3819 3960 3992 4021 qua-

824 4038 1010 4100 ·dico
1045 4055 1059 4098 ε
1095 4036 1225 4098 imo
1272 4036 1364 4098 sic
1414 4035 1624 4107 cred0,
1667 4033 1959 4115 quamvis
2008 4033 2363 4113 intelligere
2475 4037 2620 4098 dam
2675 4036 3102 4118 proportione,
3156 4035 3322 4097 sicut
3379 4037 3991 4119 supersimplicissi-

869 4136 988 4198 hoc
1019 4135 1103 4197 sit
1134 4133 1291 4196 mihi
1323 4133 1506 4195 valde
1538 4131 1828 4194 difficile.
1859 4132 1928 4193 In
1959 4149 2088 4212 quo
2118 4149 2221 4192 me
2254 4131 2367 4192 im·
2477 4155 2620 4197 mus
2651 4135 2816 4197 Deus
2847 4135 2913 4196 in
2945 4133 3198 4196 deitatis
3237 4153 3368 4198 suae
3406 4142 3632 4196 natura
3673 4144 3988 4200 extensus

872 4234 1067 4316 pedit,
1101 4232 1269 4314 quod
1311 4250 1436 4294 non
1467 4238 1564 4293 est
1592 4248 1740 4292 vere
1780 4237 1988 4292 motus
2020 4249 2056 4291 a
2094 4230 2369 4292 termino
2397 4239 2446 4300 D
2476 4241 2592 4306 est,
2647 4233 2732 4294 ita
2781 4233 2950 4313 quod
3000 4251 3147 4293 vere
3199 4232 3576 4306 immensus,
3631 4233 3990 4296 incircum-

873 4333 937 4394 in
967 4331 1313 4393 terminum
1354 4329 1476 4391 nisi
1520 4328 2020 4410 pertranseundo
2058 4328 2364 4402 medium,
2477 4332 2774 4413 scriptus.
2806 4330 3022 4392 omnia
3064 4337 3372 4411 penetrat,
3407 4331 3828 4413 universaque
3883 4353 3990 4396 re-

872 4429 960 4491 ita
988 4428 1154 4510 quod
1186 4427 1399 4489 omnia
1436 4426 1703 4508 aequalia
1738 4425 1862 4486 sibi
1902 4425 2273 4488 exsistentia
2303 4427 2368 4488 in
2480 4430 2631 4511 plet,
2664 4436 2727 4490 et
2772 4429 2938 4490 sicut
2989 4447 3101 4509 per
3146 4427 3485 4490 Jeremiam
3530 4436 3814 4504 testatur,
3851 4449 3990 4495 coe-
4071 4463 4323 4509 ,ιι-,ΛΜ

876 4526 1085 4588 medio
1127 4531 1517 4607 pertranseat
1560 4524 1938 4586 successive.
1973 4523 2180 4596 Quum
2219 4542 2369 4606 ergo
2481 4530 2612 4591 lum
2643 4535 2707 4590 et
2737 4535 2967 4589 terram
2999 4527 3242 4609 implet.
3268 4527 3356 4589 De
3385 4545 3514 4609 quo
3545 4529 3610 4590 in
3645 4528 3984 4594 infinitum
4025 4528 4112 4573 ²⁴·

872 4624 1135 4707 angelus
1184 4625 1249 4686 in
1293 4642 1405 4685 sua
1448 4630 1672 4685 natura
1715 4623 1797 4685 sit
1845 4623 2254 4686 indivisibilis
2296 4643 2368 4686 ac
2479 4625 2958 4706 simplicissimo
2988 4625 3115 4687 Deo
3147 4623 3210 4686 in
3245 4624 3408 4687 libro
3434 4625 3548 4688 Job
3578 4625 3781 4688 fertur
3813 4644 3826 4689 :
3863 4629 3990 4690 Ex·
4023 4661 4124 4704 103
4157 4667 4318 4710 „aa

873 4733 1113 4810 puncto
1154 4722 1531 4804 simplicior,
1563 4730 1811 4804 oportet
1854 4741 2003 4784 eum
2050 4723 2150 4803 (ut
2197 4723 2370 4785 vide·
2481 4724 2708 4786 celsior
2755 4723 2916 4786 coelo
2964 4732 3080 4797 est,
3123 4729 3186 4784 et
3235 4723 3390 4805 quid
3439 4723 3674 4786 facies?
3711 4724 3988 4789 Profun-

873 4826 1004 4906 tur)
1033 4823 1249 4887 omnia
1286 4821 1409 4884 sibi
1450 4821 1719 4903 aequalia
1757 4821 2015 4883 inventa
2052 4821 2119 4882 in
2163 4821 2371 4884 medio
2480 4822 2618 4884 dior
2662 4821 2932 4894 inferne,
2965 4829 3026 4882 et
3071 4822 3240 4883 unde
3285 4826 3672 4901 cognosces?
3703 4823 3990 4904 Longior

873 4923 1230 4987 successive
1271 4919 1658 5002 pertransire
1696 4927 2034 5001 antequam
2077 4919 2374 4981 deveniat
2479 4929 2647 4982 terra
2694 4938 2990 4982 mensura
3037 4919 3200 5001 ejus,
3244 4927 3304 4981 et
3356 4919 3540 4982 latior
3586 4921 3764 4983 mari.
3799 4923 3987 4986 Unde

871 5021 950 5084 ab
983 5039 1111 5083 uno
1148 5027 1433 5082 extremo
1465 5019 1528 5080 in
1572 5017 1763 5080 aliud.
1800 5018 2135 5099 Quumque
2168 5037 2374 5099 aequa-
2481 5028 2543 5082 et
2592 5037 2783 5100 supra
2837 5018 2900 5079 in
2950 5017 3162 5080 verbis
3213 5017 3536 5080 Guillelmi
3587 5026 3683 5080 est
3735 5027 3984 5085 tactum
4059 5063 4112 5104 p,
4155 5055 4321 5096 ηις,

872 5121 957 5184 lia
989 5121 1095 5182 illa
1128 5119 1193 5180 in
1232 5117 1441 5180 medio
1482 5116 1921 5186 indivisibilia,
1956 5123 2176 5197 utpote
2217 5136 2374 5198 pun-
2481 5117 3018 5200 quemadmodum
3071 5114 3400 5197 probabile
3449 5116 3552 5189 sit,
3587 5117 3840 5198 angelos
3892 5121 3990 5182 al-

872 5227 991 5292 cta,
1026 5218 1153 5280 sint
1187 5217 1251 5277 in
1284 5215 1574 5298 quolibet
1604 5215 1927 5286 continuO,
1961 5215 2153 5276 etiam
2191 5215 2374 5277 mini·
2483 5215 2661 5277 tioris
2712 5213 3122 5295 perfectionis
3164 5219 3354 5294 atque
3399 5213 3658 5294 majoris
3699 5215 3988 5292 virtutiS,

874 5335 999 5392 mc,
1060 5315 1337 5388 infinita,
1398 5320 1719 5395 oporteret
1776 5330 1923 5376 eum
1983 5313 2203 5375 omnia
2263 5313 2371 5375 illa
2485 5312 2628 5394 plus
2669 5311 2854 5392 spatii
2895 5328 3208 5392 occupare
3253 5329 3364 5372 seu
3403 5310 3648 5392 replere
3685 5312 3880 5375 etiam
3917 5315 3994 5378 iu
