4334 6242
653 483 855 533 tmum
897 465 1098 533 οιιΝέε
1140 483 1422 533 Attanum
1467 485 1734 534 srlmrus
1777 487 2143 533 marsi-nam·
2185 489 2297 535 sau
2339 490 2403 535 m
2444 490 2841 536 mmsrannm
2882 491 3230 538 ιιιΤΤΑΝι-υιι
3378 469 3497 538 527

389 691 474 701 -
523 655 808 738 Denique
865 655 1206 739 Apostolus
1264 657 1342 718 ad
1399 656 1716 730 HebraeOS,
1778 676 1892 739 per
1925 659 1975 722 A
2005 659 2380 720 nuntiantur
2410 679 2523 742 per
2553 660 2813 724 infimos
2841 661 3118 743 angelOS,
3142 661 3235 723 sic
3264 660 3505 742 majora

393 755 764 816 missionem
792 756 1158 836 angelorum
1190 753 1409 836 probat
1437 754 1750 817 Christum
1783 755 1894 817 Dei
2005 755 2380 819 nuntientur
2411 777 2525 839 per
2556 759 2819 833 mediOS,
2844 767 2905 820 et
2936 778 3235 839 suprema
3264 777 3377 840 per
3405 777 3505 820 su-

124 871 242 913 mar.
265 885 294 920 ι,
316 874 359 912 ⁴„
395 852 1097 926 Filium‚introduetum
1130 872 1244 934 per
1275 851 1644 915 missionem
1675 855 1740 915 in
1773 873 1898 915 car·
2007 872 2280 935 premes
2316 856 2491 929 Quod
2520 865 2585 918 et
2627 858 2782 920 utile
2814 865 2932 929 est,
2966 865 3280 938 quatenus
3322 855 3507 917 mini-

111 939 160 976 ¹³·
395 969 546 1012 nem
578 950 644 1012 in
673 951 894 1013 orbem
926 958 1260 1024 terrarum,
1284 969 1422 1012 esse
1452 951 1756 1032 maiorem
1789 971 1898 1015 an-
2007 951 2201 1013 steria
2230 952 2337 1014 illa
2366 955 2651 1034 angelica
2682 955 3134 1035 congruentius
3164 961 3227 1016 et
3263 953 3513 1016 ordina-

391 1049 576 1128 geliS,
629 1049 796 1110 sicut
849 1048 1025 1110 filius
1075 1055 1172 1110 est
1224 1049 1426 1128 major
1473 1049 1788 1123 ministro,
1838 1059 1900 1112 et
2008 1049 2134 1109 tius
2165 1047 2588 1131 fiantzneque
2621 1052 2793 1113 enim
2825 1051 3004 1114 decet.
3037 1069 3251 1133 regem
3284 1069 3513 1132 magna

391 1145 562 1207 sicut
589 1147 948 1209 adorandus
977 1155 1072 1208 est
1103 1146 1302 1227 major
1331 1146 1432 1208 his
1462 1148 1573 1229 qui
1605 1154 1902 1210 tenentur
2011 1165 2124 1228 ρει·
2167 1146 2427 1209 infimos
2470 1149 2784 1212 nuntiare.
2830 1151 3009 1224 Item,
3044 1169 3245 1231 quum
3290 1167 3512 1212 omnes

391 1244 452 1305 ei
486 1244 685 1307 latriae
725 1227 971 1306 cultum
1015 1244 1408 1326 impendere,
1443 1253 1505 1306 et
1545 1245 1711 1306 sicut
1746 1265 1901 1327 prae-
2011 1243 2266 1306 ordines
2305 1245 2415 1326 qui
2456 1245 2574 1308 sub
2616 1246 3169 1310 Dominationibus
3213 1256 3383 1320 sunt,
3418 1265 3513 1308 se·

393 1343 612 1403 sidens
681 1342 746 1403 in
812 1341 1036 1404 throno
1104 1342 1293 1422 regiS‚
1353 1342 1902 1424 dispensatoribus
2013 1343 2295 1404 cundum
2328 1342 2502 1405 illam
2534 1345 2926 1427 opinionem,
2952 1345 3306 1419 mittantur,
3330 1353 3392 1407 et
3422 1345 3515 1408 in-

392 1439 560 1518 ejuS,
602 1448 668 1501 et
715 1439 882 1501 sicut
927 1440 1156 1502 sedens
1203 1440 1282 1501 ad
1331 1439 1652 1502 dexteram
1703 1442 1902 1522 patris
2014 1446 2110 1501 ter
2139 1459 2255 1502 nos
2285 1447 2349 1503 et
2375 1441 2653 1504 'Virtutes
2692 1442 2820 1504 sint
2850 1451 3121 1524 quatuor
3152 1443 3515 1506 intermedii

395 1537 604 1618 major
632 1545 729 1599 est
769 1537 1080 1599 ministris
1112 1537 1179 1598 in
1217 1537 1378 1599 solio
1417 1537 1848 1600 residentibus
1883 1556 1897 1600 :
2013 1537 2289 1610 ordineS,
2310 1546 2554 1601 constat
2584 1541 2753 1621 quod
2784 1541 3038 1622 quando
3065 1541 3342 1604 Virtutes
3374 1541 3517 1602 mit·

393 1634 700 1717 quoniam
752 1636 919 1697 sicut
967 1634 1254 1697 Christus
1304 1642 1565 1716 propter
1610 1643 1900 1698 naturam
2013 1642 2237 1696 tuntur
2264 1643 2327 1697 et
2357 1637 2526 1699 circa
2556 1655 2670 1701 nos
2701 1639 2943 1720 aliquid
2973 1648 3337 1720 operantur,
3364 1657 3514 1721 qua-

103 1757 170 1798 r...
199 1769 286 1803 vm.
315 1759 362 1798 a.
393 1741 792 1814 assumptam
841 1741 938 1794 est
981 1733 1334 1795 minoratus
1382 1733 1462 1795 ab
1513 1733 1776 1815 angelis,
1810 1735 1902 1796 sic
2015 1742 2160 1796 tuor
2188 1735 2443 1797 ordines
2476 1737 2671 1798 medii
2704 1737 3214 1800 intermittuntur
3248 1755 3262 1800 :
3296 1739 3515 1819 sicque

395 1839 661 1913 propter
692 1849 1029 1912 personam
1072 1832 1334 1894 missam
1373 1850 1488 1913 per
1527 1832 1902 1895 incarnatio·
1940 1839 1988 1902 B
2019 1831 2082 1892 in
2115 1832 2234 1894 hoc
2264 1833 2418 1895 ordo
2455 1835 2672 1914 gratiae
2710 1852 2839 1897 non
2881 1843 3187 1898 servatur.
3223 1836 3366 1899 Haec
3396 1836 3516 1897 Du-

395 1931 500 1991 nis
541 1930 918 2012 mysterium
961 1929 1164 2010 maj0r
1205 1937 1302 1992 est
1341 1930 1604 2010 angeliS,
1637 1936 1701 1992 et
1739 1930 1902 1993 Patri
2018 1931 2271 1992 randus.

397 2028 680 2090 mittenti
717 2029 1001 2111 aequalis.
1035 2028 1277 2091 Idcirco
1317 2047 1446 2092 non
1485 2029 1768 2111 approbo
1808 2047 1904 2091 so·
2097 2028 2173 2089 Et
2215 2028 2377 2090 bene
2420 2039 2703 2113 apparet,
2740 2032 2907 2114 quod
2950 2032 3170 2114 opinio
3218 2031 3328 2094 illa
3368 2050 3512 2114 pro-

397 2126 710 2188 lutionem
755 2126 1204 2208 quorumdam,
1251 2126 1600 2189 dicentium
1642 2128 1906 2209 Aposto-
2016 2126 2315 2188 habiliter
2364 2137 2577 2208 posset
2624 2128 2903 2204 defendi,
2952 2130 3074 2192 nisi
3125 2131 3183 2193 S.
3230 2130 3515 2212 Dionysii

397 2224 532 2285 lum
567 2231 814 2285 tantum
857 2223 1033 2306 loqui
1075 2224 1152 2286 de
1193 2223 1606 2287 inferioribus
1637 2225 1902 2306 angeliS,
2015 2226 2355 2288 auctoritas
2385 2226 2689 2290 obviaret.
2710 2228 2847 2290 Non
2879 2236 3091 2290 tamen
3124 2229 3515 2290 convincunt

397 2339 514 2402 per
557 2338 719 2402 quos
763 2321 908 2382 data
948 2328 1045 2382 est
1093 2321 1194 2382 lex
1230 2338 1244 2382 z
1279 2322 1580 2402 quoniam
1629 2323 1904 2385 rationes
2016 2323 2457 2405 persuasiones
2504 2326 2783 2388 Durandi
2818 2343 2832 2388 :
2866 2326 3017 2409 quia
3054 2333 3117 2388 et
3160 2327 3515 2388 secundum

393 2419 684 2500 Apostoli
727 2419 1119 2481 concludunt
1162 2419 1239 2480 de
1285 2419 1600 2481 universis
1637 2421 1898 2502 angelis,
2014 2420 2079 2481 B.
2115 2421 2398 2503 Dionysii
2430 2421 2831 2496 documenta,
2865 2423 3107 2504 majora
3141 2424 3518 2486 nuntiantur

395 2518 732 2580 Psalmista
761 2536 1016 2600 quoque
1059 2517 1125 2579 in
1158 2535 1344 2579 versu
1387 2519 1786 2600 praeallegato
1819 2521 1904 2583 lo-
2017 2536 2131 2599 per
2188 2518 2482 2599 majoreS,
2546 2528 2615 2581 ut
2671 2539 2785 2602 per
2840 2521 3264 2602 Archangelos
3321 2521 3519 2603 (inter

395 2615 620 2697 quitur
650 2616 728 2678 de
757 2615 1001 2697 angelis
1032 2615 1372 2697 supremiS,
1406 2616 1702 2678 videlicet
1733 2619 1908 2680 Sera·
2016 2634 2176 2696 quos
2215 2617 2406 2678 etiam
2448 2625 2597 2680 sunt
2636 2618 2929 2699 majoreS‚
2964 2619 3242 2682 minores
3284 2627 3346 2682 et
3390 2638 3519 2681 me·

395 2713 607 2794 phim‚
632 2722 701 2775 ut
731 2714 952 2777 Glossa
980 2713 1259 2795 exponit.
1279 2714 1522 2776 —Haec
1553 2715 1900 2779 Udalricus.
2016 2714 2235 2794 dii),et
2266 2715 2544 2776 maxima
2572 2735 2685 2798 per
2714 2735 3044 2798 supremos
3068 2717 3515 2798 ArchangeIOS,

484 2811 680 2893 Cujus
725 2813 846 2875 hoc
891 2812 1189 2873 ultimum
1233 2812 1503 2874 verbum
1546 2822 1642 2875 est
1689 2822 1906 2877 contra
2016 2819 2126 2875 aut
2170 2831 2285 2894 per
2331 2812 2729 2895 Principatus
2780 2815 3134 2877 secundum
3181 2816 3512 2898 quosdam.

151 2935 351 2988 assu.
399 2911 468 2973 id
511 2913 680 2992 quod
727 2909 996 2973 Thomas
1033 2911 1229 2990 (sicut
1264 2911 1394 2991 jam
1436 2910 1667 2993 patuit)
1705 2914 1907 2994 tangit
2095 2911 2235 2973 Alia
2263 2911 2541 2972 Durandi
2574 2911 2851 2992 objectio
2882 2913 3171 2988 solvitur,
3204 2914 3354 2995 quia
3382 2914 3519 2976 Vir·

401 3009 472 3070 in
503 3008 775 3090 Scripto,
809 3008 1027 3070 dicens
1055 3007 1430 3090 Apostolum
1472 3009 1644 3091 loqui
1685 3010 1762 3072 de
1801 3031 1908 3073 an·
1941 3011 1984 3074 C
2017 3016 2227 3071 tutum
2258 3026 2384 3071 non
2413 3018 2509 3072 est
2538 3011 2856 3085 nuntiare,
2891 3012 3001 3074 sed
3034 3012 3343 3077 miracula
3370 3031 3519 3094 ope-

399 3105 564 3188 gelis
595 3125 710 3188 per
740 3124 898 3187 quos
929 3107 1071 3168 data
1101 3114 1196 3168 est
1226 3106 1348 3180 lex,
1374 3125 1533 3188 quos
1565 3107 1720 3169 dicit
1749 3107 1904 3170 fuis·
2015 3107 2139 3170 rari
2178 3125 2191 3168 :
2226 3108 2397 3188 quod
2437 3108 2676 3171 directe
2718 3127 2791 3170 ac
2836 3110 3089 3191 proprie
3138 3111 3215 3172 ad
3266 3110 3516 3173 nullum

400 3223 472 3266 se
516 3205 594 3267 de
640 3203 867 3267 ultimo
915 3203 1157 3266 ordine.
1193 3204 1367 3277 Quod
1415 3205 1608 3266 etiam
1655 3205 1906 3268 videtur
2017 3205 2393 3268 inferiorum
2424 3207 2720 3268 ordinum
2752 3207 2988 3269 dicitur
3017 3208 3355 3290 pertinere.
3372 3209 3518 3272 Ideo

401 3301 534 3384 pati
576 3301 968 3376 instantiam,
1003 3321 1204 3383 quum
1247 3301 1348 3363 lex
1380 3302 1488 3364 illa
1527 3304 1906 3384 pertinuerit
2016 3303 2271 3385 quando
2298 3303 2575 3365 Virtutes
2616 3305 2958 3365 mittuntur
2985 3305 3063 3366 ad
3102 3322 3218 3367 nos
3260 3315 3519 3387 propter

400 3402 479 3463 ad
513 3419 855 3463 commune
885 3420 958 3461 ac
989 3400 1341 3462 maximum
1374 3400 1636 3474 bonum,
1662 3421 1776 3464 seu
1804 3421 1906 3464 ve·
2017 3400 2258 3480 agenda
2287 3400 2615 3472 miracula,
2637 3408 2703 3463 et
2728 3401 2951 3483 Angeli
2982 3403 3060 3464 ad
3092 3403 3516 3465 nuntiandum

400 3517 540 3561 ram
571 3498 842 3560 salutem
875 3497 1067 3560 totius
1095 3497 1455 3561 Israelitieae
1486 3498 1707 3580 plebis.
1731 3501 1904 3562 Unde
2017 3497 2285 3570 minora,
2314 3515 2443 3559 non
2473 3498 2917 3561 intermittitur
2944 3499 3177 3581 aliquis
3207 3501 3361 3562 ordo
3392 3519 3518 3562 me-

400 3596 612 3676 angeli
655 3614 770 3677 per
811 3614 970 3678 quos
1021 3596 1165 3656 data
1207 3602 1322 3669 est,
1357 3597 1568 3677 potius
1609 3597 1906 3660 videntur
2016 3594 2158 3656 dius
2204 3595 2371 3657 inter
2412 3595 2575 3670 illos,
2615 3597 2695 3658 ad
2744 3615 2935 3678 quem
2986 3597 3223 3660 directe
3274 3605 3519 3680 spectet

402 3693 606 3756 fuisse
649 3694 726 3755 de
769 3693 992 3756 ordine
1038 3693 1539 3775 principatuum,
1573 3695 1685 3776 qui
1735 3712 1904 3757 com·
2015 3693 2274 3774 aliquod
2331 3693 2698 3758 officiorum
2758 3694 3033 3757 illorum.
3088 3731 3169 3740 —
3224 3696 3514 3779 Insuper,

405 3792 829 3855 munitatibus
861 3800 1164 3874 praesunt,
1193 3794 1546 3855 secundum
1578 3813 1768 3856 unam
1800 3813 1904 3856 ex·
2019 3791 2393 3873 mysterium
2465 3792 2916 3856 incarnationis
2976 3794 3117 3856 Filii
3181 3795 3291 3857 Dei
3352 3795 3519 3858 inter

404 3892 836 3974 positionem3
897 3891 999 3952 vel
1058 3892 1282 3953 saltem
1340 3892 1902 3972 Archangelorum,
2017 3889 2233 3952 omnia
2271 3890 2622 3953 nuntianda
2659 3891 2782 3953 fuit
2821 3892 3293 3973 dignissimum,
3325 3902 3389 3955 et
3426 3901 3517 3955 ta-

405 4008 683 4072 quorum
731 3997 828 4052 est
877 3990 1170 4052 nuntiare
1219 3991 1482 4070 majora,
1533 4000 1596 4053 et
1642 4010 1716 4052 ea
1766 4010 1907 4072 quae
2017 4008 2166 4051 men
2197 3988 2472 4062 Gabriel,
2505 3989 2615 4070 qui
2647 3989 2807 4052 illud
2840 3990 3242 4054 electissimae
3271 3991 3515 4073 Virgini
3583 4025 3807 4078 hah„

407 4097 802 4150 concernunt
845 4087 1084 4150 bonum
1130 4105 1468 4150 commune
1504 4105 1518 4150 :
1553 4089 1678 4150 nisi
1724 4089 1907 4151 forsi-
2018 4087 2357 4161 nuntiavit,
2387 4105 2465 4148 ex
2496 4086 2821 4168 Scriptura
2863 4088 3170 4169 probatur
3198 4108 3324 4152 non
3360 4090 3515 4153 fuis·
3543 4092 3697 4144 ⁰²⁶⁸!-

405 4194 513 4248 tan
545 4186 816 4248 Thomas
849 4204 962 4267 per
991 4186 1291 4248 ultimum
1332 4187 1620 4248 ordinem
1663 4187 1907 4250 intelle·
1939 4195 1988 4256 D
2018 4204 2084 4248 se
2115 4185 2194 4247 de
2224 4184 2581 4246 hierarchia
2616 4205 2912 4267 suprema
2949 4194 3059 4249 aut
3096 4187 3317 4250 ordine
3347 4208 3517 4251 sum·

407 4285 573 4346 xerit
603 4284 893 4372 ultimam
925 4284 1365 4347 hierarchiam.
1403 4286 1624 4348 Fateor
1655 4304 1908 4368 quoque
2019 4302 2146 4358 mo,
2182 4284 2310 4346 imo
2355 4283 2620 4346 inferior
2667 4284 2908 4346 exstitit
2954 4285 3279 4360 Michaele,
3313 4306 3514 4368 quum

407 4384 782 4465 Apostolum
842 4384 921 4445 ad
969 4382 1261 4446 Hebraeos
1311 4383 1485 4464 loqui
1534 4385 1612 4446 de
1668 4385 1909 4465 angelis
2022 4383 2156 4465 ipse
2189 4391 2445 4445 sanctus
2486 4383 2703 4445 Daniel
2744 4382 2912 4444 dicat
2946 4400 2960 4444 :
2994 4385 3254 4446 Factum
3284 4392 3381 4448 est
3410 4407 3516 4448 au·
3585 4417 3807 4472 Damvm.

407 4483 750 4556 universiS,
783 4488 972 4564 prout
1018 4483 1441 4544 consideranti
1495 4483 1910 4545 circumstan-
2018 4489 2149 4544 tem
2196 4501 2394 4563 quum
2433 4481 2715 4542 viderem
2760 4499 2874 4561 ego
2915 4481 3133 4544 Daniel
3174 4483 3511 4560 visionem,
3545 4483 3610 4531 ¹5,
3634 4484 3700 4524 ¹⁶·

409 4583 566 4644 tiam
597 4579 1185 4663 connexionemque
1225 4581 1450 4644 litterae
1487 4581 1576 4644 ibi
1620 4583 1904 4663 patescit.
2021 4590 2082 4644 et
2111 4599 2460 4662 quaererem
2503 4578 2988 4660 intelligentiam
3019 4581 3182 4661 ejuS‚
3216 4601 3364 4645 ecce
3394 4592 3516 4647 ste-

491 4683 570 4743 At
599 4697 750 4744 vero
778 4680 1110 4742 Durandus
1141 4680 1312 4741 circa
1339 4680 1474 4742 haec
1504 4681 1726 4742 recitat
1755 4682 1910 4744 duas
2019 4680 2096 4742 tit
2144 4681 2212 4741 in
2262 4685 2607 4760 conspectu
2666 4695 2808 4740 meo
2856 4679 3039 4761 quasi
3098 4681 3342 4761 species
3391 4682 3514 4745 viri

409 4787 742 4863 praetactas
781 4777 1114 4859 opiniones
1144 4778 1222 4840 de
1263 4777 1406 4852 isto,
1438 4786 1654 4840 utrum
1690 4796 1910 4842 omnes
2017 4779 2109 4860 (id
2142 4785 2239 4840 est
2265 4777 2527 4858 angelus
2558 4777 2625 4838 in
2660 4777 3081 4839 similitudine
3110 4778 3282 4858 viri),
3315 4786 3379 4841 et
3406 4799 3516 4842 au-

409 4877 619 4960 angeli
683 4876 1024 4938 mittuntur
1069 4876 1136 4936 in
1189 4875 1671 4956 ministerium3
1721 4886 1784 4940 et
1839 4897 1914 4941 ea
2020 4877 2152 4940 divi
2202 4894 2424 4939 vocem
2474 4876 2813 4949 dicentem,
2857 4875 3130 4950 Gabriel,
3171 4875 3271 4938 fae
3320 4878 3515 4942 istum

411 4997 556 5060 quae
623 4976 882 5058 quidam
945 4973 1263 5055 objiciunt
1333 4983 1552 5037 contra
1613 4975 1909 5056 primam,
2022 4974 2377 5055 intelligere
2408 4974 2722 5036 visionem
2750 4973 2841 5055 (id
2882 4982 2998 5046 est,
3036 4991 3074 5036 o
3113 4982 3203 5048 tu,
3238 4975 3512 5052 Gabriel,

409 5075 616 5156 tangit
668 5075 836 5136 sicut
886 5091 964 5134 ex
1017 5072 1227 5134 verbis
1277 5073 1531 5135 Thomae
1587 5072 1912 5153 objectum
2022 5091 2267 5154 expone
2325 5071 2475 5134 huic
2524 5071 2770 5133 Danieli
2821 5071 2985 5133 hanc
3036 5071 3393 5153 visionem).
3445 5076 3515 5137 In

411 5183 512 5237 est
556 5173 636 5235 ei.
673 5172 904 5235 Contra
950 5190 1092 5254 quae
1140 5171 1348 5251 arguit
1392 5171 1484 5233 sic
1527 5172 1859 5233 Durandus
1895 5189 1910 5233 z
2022 5171 2122 5233 his
2163 5169 2398 5244 verbiS,
2430 5170 2785 5231 secundum
2825 5170 3215 5251 expositores
3259 5172 3517 5235 catholi-

415 5271 720 5354 Gongruit
776 5269 985 5333 ordini
1041 5269 1278 5350 gratiae,
1342 5277 1412 5331 ut
1467 5268 1632 5332 sicut
1691 5269 1916 5333 infima
2025 5287 2133 5331 cos
2163 5276 2227 5330 et
2254 5266 2571 5341 HebraeoS,
2604 5285 2719 5349 per
2746 5267 3043 5353 angelum
3080 5267 3263 5331 illum
3295 5271 3406 5353 qui
3436 5270 3516 5336 is-
