4334 6242
1378 462 1465 507 AN
1506 462 1687 507 AEvtm
1728 460 2015 507 MENSURA
2056 462 2147 509 sn·
2188 461 2554 509 ANGBLORUM

3396 441 3514 505 135

496 629 765 713 Insuper
816 631 894 693 de
948 630 1317 704 aeternitate,
1368 648 1502 693 aevo
1557 639 1620 693 et
1674 637 1916 711 tempo-
1943 630 1994 693 Α
2024 629 2274 705 tinctas»,
2325 631 2476 694 satis
2535 632 2858 694 insinuare
2913 630 3182 693 videtur.
3233 630 3322 692 De
3380 644 3514 693 aevo

413 747 507 801 re,
561 728 785 791 scribit
831 729 1071 792 diffuse
1116 728 1495 792 Guillelmus
1544 728 1913 792 parisiensis

413 826 627 907 primo
684 828 759 889 de
818 828 1141 890 Universo.
1198 828 1283 889 De
1340 827 1578 909 quibus
1636 827 1914 890 breviter

409 932 669 1007 tangam
729 946 744 990 :
806 926 1058 1008 Opinati
1113 925 1392 1007 (inquit)
1446 935 1593 988 sunt
1651 926 1909 1007 quidam

413 1023 832 1087 aeternitatem
895 1042 1021 1087 non
1080 1024 1252 1086 aliud
1312 1043 1451 1087 esse
1509 1025 1575 1085 in
1636 1024 1912 1086 essentia

413 1142 609 1204 quam
637 1130 911 1205 tempus.
942 1123 1117 1185 Unde
1147 1130 1210 1184 et
1240 1123 1627 1185 definierunt
1658 1129 1910 1203 tempus

413 1239 555 1283 esse
614 1229 858 1303 partem
915 1222 1303 1285 aeternitatis.
1357 1222 1434 1282 Et
1482 1222 1586 1282 isti
1648 1220 1909 1283 fuerunt

410 1319 617 1381 Italici
660 1339 673 1383 :
716 1320 1067 1382 secundum
1114 1338 1273 1401 quos
1320 1337 1447 1382 non
1495 1318 1713 1381 differt
1757 1326 1911 1381 tem-

412 1438 539 1500 pus
569 1418 648 1480 ab
676 1418 1026 1481 aeternitate
1055 1417 1181 1479 nisi
1220 1418 1386 1480 sicut
1419 1424 1621 1479 'totum
1656 1436 1693 1477 a
1730 1425 1907 1498 parte

412 1535 553 1590 sua,
594 1523 657 1577 et
696 1515 864 1577 sicut
906 1516 1113 1595 majus
1158 1521 1409 1597 tempus
1452 1534 1489 1577 a
1530 1514 1802 1593 minori;
1844 1521 1907 1576 et

410 1614 579 1675 sicut
627 1622 773 1676 ante
826 1614 1246 1676 aeternitatem
1300 1613 1461 1676 nihil
1516 1612 1640 1675 fuit
1687 1632 1905 1675 esseve

411 1712 641 1793 potuit,
693 1712 781 1773 ita
833 1730 953 1773 nec
1002 1719 1147 1773 ante
1201 1719 1403 1773 totum
1456 1720 1729 1793 tempus,
1784 1711 1903 1773 Sed

2022 738 2236 793 tamen
2279 749 2406 794 non
2449 732 2734 813 loquitur
2773 729 3078 793 absolute.

2100 926 2282 987 Nunc
2323 926 2794 1001 elucidandum,
2828 926 2924 988 An
2964 945 3164 988 unum
3199 925 3280 987 sit
3310 944 3518 988 aevum

2019 1024 2309 1087 omnium
2355 1026 2823 1087 aeviternorum.

2100 1124 2178 1185 Et
2207 1123 2376 1186 circa
2406 1124 2526 1187 hoc
2558 1124 2838 1205 loquitur
2870 1125 3139 1187 Thomas
3176 1143 3190 1187 :
3225 1122 3520 1186 Ponendo

2021 1222 2328 1283 unitatem
2370 1222 2512 1295 oevi,
2544 1230 2793 1303 oportet
2831 1241 2970 1285 eam
3018 1222 3398 1302 investigare
3439 1222 3517 1283 ad

2018 1319 2509 1382 similitudinem
2558 1320 2886 1402 temporiS,
2941 1320 3125 1400 cujus
3173 1338 3363 1381 causa
3411 1318 3518 1380 tri-

2016 1418 2272 1501 pliciter
2300 1419 2675 1500 assignatur.
2702 1419 2970 1493 Quidam
2999 1419 3238 1481 etenim
3268 1418 3511 1491 dicunt,

2017 1516 2186 1597 quod
2235 1536 2434 1598 quum
2485 1526 2739 1599 tempus
2785 1516 2866 1579 sit
2917 1536 3220 1579 numerus
3278 1522 3512 1590 motus,

2016 1615 2168 1677 hinc
2207 1615 2372 1677 sicut
2399 1615 2622 1677 eodem
2663 1615 2922 1678 denario
2960 1622 3376 1678 numerantur
3409 1615 3512 1677 de-

2018 1731 2157 1775 cem
2220 1732 2408 1776 canes
2456 1721 2520 1775 et
2567 1714 2790 1775 decem
2840 1714 3012 1796 equi,
3065 1714 3152 1775 ita
3199 1714 3367 1776 idem
3417 1721 3513 1776 est

408 1810 533 1872 hoc
590 1816 755 1871 stare
811 1826 941 1871 non
990 1809 1175 1872 valet.
1232 1810 1570 1872 AEternitas
1628 1828 1904 1891 namque
1939 1813 1989 1876 B
2018 1819 2270 1893 tempus
2331 1830 2460 1894 quo
2521 1818 2940 1873 numerantur
2995 1829 3216 1875 omnes
3279 1820 3506 1875 motus.

410 1907 825 1989 impartibilis
878 1916 974 1971 est
1025 1908 1378 1970 secundum
1438 1908 1617 1989 prius
1674 1917 1737 1971 et
1794 1925 1903 1989 po-

408 2006 665 2079 steriuS,
708 2026 911 2088 quum
954 2025 1091 2068 esse
1134 2006 1501 2069 aeternitatis
1541 2007 1623 2069 sit
1664 2026 1907 2088 perma-

410 2124 571 2167 nens
619 2126 631 2168 :
681 2106 812 2168 imo
862 2104 1001 2187 ipsa
1042 2106 1359 2169 {eternitas
1411 2105 1905 2167 interminabilis

410 2204 852 2285 permanentia
907 2212 1021 2265 est.
1074 2204 1514 2267 permanentia
1571 2212 1786 2265 autem
1844 2211 1907 2265 ct

410 2300 793 2363 fluxibilitas
824 2301 1137 2364 contraria
1174 2309 1341 2364 sunt.
1377 2302 1541 2383 Ergo
1570 2301 1660 2364 nil
1691 2302 1907 2364 fluxus

408 2400 703 2482 nihilque
743 2399 955 2461 fluens
993 2407 1090 2461 est
1130 2400 1197 2461 in
1236 2400 1584 2463 aeternitate
1620 2418 1633 2461 ε
1670 2400 1909 2462 idcirco

408 2517 529 2561 nec
558 2498 741 2579 prius
770 2515 979 2579 neque
1010 2498 1324 2579 posterius
1356 2506 1503 2559 sunt
1533 2498 1599 2559 in
1630 2516 1721 2559 ea.
1748 2498 1908 2571 Quid

405 2596 581 2657 enim
611 2604 711 2658 est
742 2603 1017 2677 tempuS,
1052 2596 1174 2657 nisi
1206 2595 1417 2658 fluens
1448 2615 1589 2659 esse
1618 2604 1681 2658 et
1710 2596 1908 2658 nulla-

408 2704 593 2757 tenus
640 2698 1067 2775 permanens?
1108 2694 1247 2756 Non
1291 2712 1441 2775 ergo
1489 2703 1637 2756 sunt
1682 2713 1903 2767 unum,

402 2812 523 2856 nec
575 2812 779 2854 unum
829 2811 975 2873 pars
1024 2800 1119 2854 est
1166 2792 1447 2854 alteriuS.
1485 2829 1566 2837 —
1606 2793 1908 2855 Praeterea

402 2890 646 2953 mirum
704 2890 977 2964 videtur,
1029 2891 1198 2972 quod
1260 2890 1425 2953 inter
1483 2890 1905 2954 fortissimum

2017 1909 2137 1971 Sed
2200 1910 2321 1972 hoc
2384 1909 2701 1991 improbat
2759 1910 3228 1973 commentator
3289 1916 3515 1992 quarto

2018 2008 2429 2091 physicorum
2472 2026 2486 2070 ε
2531 2008 2836 2089 quoniam
2881 2007 3089 2070 unitas
3132 2008 3383 2069 numeri
3426 2007 3516 2070 di·

2017 2125 2347 2170 versorum
2387 2114 2866 2169 numeratorum
2909 2124 3037 2169 non
3075 2113 3169 2167 est
3210 2105 3334 2168 nisi
3377 2106 3516 2168 uni-

2018 2212 2113 2266 tas
2158 2204 2409 2265 numeri
2453 2204 2898 2266 mathematice
2943 2204 3220 2285 sumpti3
3261 2210 3515 2285 tempus

2018 2311 2232 2365 autem
2282 2320 2408 2365 non
2457 2310 2554 2364 est
2601 2303 2755 2384 quid
2811 2300 3356 2376 mathematicum,
3405 2302 3515 2364 sed

2021 2401 2323 2463 naturale.
2395 2401 2718 2473 Praeterea,
2789 2399 3004 2463 omnia
3072 2399 3518 2461 mathematica

2019 2498 2530 2579 multiplicantur
2585 2499 2936 2560 secundum
2995 2516 3133 2559 esse
3180 2498 3348 2579 quod
3407 2497 3516 2559 ha-

2019 2597 2172 2659 bent
2217 2598 2281 2658 in
2327 2597 2516 2659 rebus
2552 2613 2565 2659 :
2609 2598 2776 2660 sicut
2817 2614 2942 2658 non
2987 2603 3082 2658 est
3124 2595 3376 2658 realiter
3417 2614 3514 2658 ea-

2018 2697 2163 2758 dem
2216 2696 2382 2758 linea
2425 2696 2490 2757 in
2537 2713 2734 2777 cupro
2778 2703 2840 2757 et
2883 2693 3073 2776 ligno.
3109 2695 3254 2758 Ideo
3294 2713 3514 2777 seque-

2016 2801 2212 2866 retur,
2265 2793 2433 2874 quod
2492 2802 2746 2874 tempus
2804 2792 3155 2855 secundum
3209 2810 3346 2855 esse
3399 2812 3512 2855 seu

2016 2891 2272 2954 realiter
2314 2900 2756 2953 numeraretur
2797 2891 2875 2952 ad
2921 2908 3262 2952 numerum
3312 2898 3514 2953 motu-

402 3008 544 3051 esse
573 2988 947 3051 aeternitatis
977 2994 1040 3050 et
1070 2987 1541 3051 debilissimum
1582 3008 1719 3051 esse
1750 2996 1907 3051 tem·
1942 2991 1985 3054 C
2018 3009 2149 3063 um,
2185 2996 2522 3071 essentque
2562 2988 2942 3071 simpliciter
2980 2997 3266 3070 tempora
3304 2988 3510 3069 plura,

410 3087 603 3169 poriS,
648 3087 933 3149 medium
977 3104 1105 3149 non
1148 3095 1266 3160 est,
1312 3094 1379 3148 ut
1421 3096 1701 3169 apparet.
1746 3086 1908 3149 lllud

408 3202 687 3266 namque
748 3192 858 3246 aut
915 3192 1081 3246 esset
1136 3184 1348 3247 fluens
1407 3184 1682 3247 totaliter
1744 3185 1909 3247 sicut

407 3291 686 3364 ternpuS,
720 3288 832 3343 aut
872 3281 1151 3344 totaliter
1199 3301 1579 3363 permanens
1623 3290 1695 3344 ut
1736 3292 1909 3345 aeter-

409 3380 595 3453 nitas»,
656 3388 722 3442 et
780 3388 1007 3442 neutro
1065 3380 1293 3442 horum
1354 3380 1686 3443 modorum
1743 3386 1910 3442 esset

410 3479 728 3557 medium3
750 3485 861 3540 aut
888 3478 1119 3559 partim
1150 3478 1359 3540 fluens
1389 3478 1747 3560 partimque
1778 3496 1911 3560 per-

411 3596 696 3651 manens,
729 3584 792 3637 et
824 3576 943 3638 hoc
983 3594 1110 3638 non
1150 3584 1318 3638 esset
1349 3595 1571 3647 unum,
1606 3577 1715 3639 sed
1755 3577 1908 3657 quid

404 3694 483 3737 ex
512 3674 865 3737 aeternitate
894 3682 959 3735 et
988 3683 1271 3755 tempore
1300 3675 1909 3755 aggregatquuod

406 3774 458 3835 si
508 3772 651 3854 quis
710 3772 966 3846 dixerit,
1019 3772 1170 3854 quia
1226 3772 1483 3835 horizon
1541 3773 1909 3836 aeternitatis

406 3890 481 3933 ac
521 3872 829 3953 temporis
873 3890 1065 3953 quem
1110 3879 1357 3953 ponunt
1396 3871 1781 3953 philosophi,
1815 3879 1911 3933 est

412 3970 715 4041 medium,
768 3969 920 4051 quia
977 3968 1231 4051 utrique
1290 3970 1739 4042 communicat,
1791 3988 1909 4031 nec

410 4068 580 4130 aliud
630 4074 963 4148 est-quam
1014 4066 1425 4149 perpetuitaS‚
1468 4086 1609 4148 quae
1659 4086 1771 4149 per
1818 4067 1909 4129 in-

2017 3106 2218 3149 unum
2254 3094 2496 3149 tantum
2538 3086 2602 3148 in
2643 3085 3094 3167 imaginatione
3125 3105 3238 3148 seu
3274 3085 3513 3148 abstra-

2015 3184 2465 3247 ctione—Alii
2497 3184 3000 3265 dixerunt,quod
3033 3202 3229 3266 quum
3261 3190 3512 3265 tempus

2014 3283 2098 3344 sit
2138 3301 2438 3345 mensura
2476 3282 2866 3355 variationis,
2899 3288 2962 3344 et
2999 3281 3209 3343 omnis
3246 3280 3512 3343 variatio

2014 3389 2109 3442 est
2140 3399 2219 3442 ex
2249 3380 2712 3462 potentialitate
2743 3380 3043 3453 materiae,
3077 3379 3219 3441 ideo
3256 3386 3512 3460 tempus

2016 3487 2112 3541 est
2142 3498 2342 3541 unum
2373 3478 2453 3539 ab
2486 3478 2726 3541 unitate
2759 3478 3057 3541 materiae.
3082 3477 3201 3540 Sed
3233 3478 3354 3540 hoc
3383 3494 3510 3539 non

2016 3586 2111 3639 est
2140 3596 2384 3639 verum.
2419 3577 2696 3658 Tempus
2725 3594 3000 3658 namque
3031 3594 3158 3638 non
3189 3582 3515 3637 mensurat

2014 3675 2432 3739 variationem
2481 3674 2547 3736 in
2597 3674 2901 3756 potentia,
2944 3676 3055 3737 sed
3098 3674 3512 3736 variationem

2018 3774 2083 3837 in
2127 3782 2272 3835 actu
2319 3792 2332 3835 ε
2375 3782 2554 3835 actus
2602 3780 2814 3835 autem
2861 3772 3228 3835 variationis
3272 3772 3338 3834 in
3383 3790 3511 3833 ma-

2016 3874 2176 3935 teria
2223 3891 2350 3935 non
2398 3880 2494 3934 est
2548 3892 2714 3934 unus
2763 3878 3032 3944 tantum,
3083 3871 3193 3933 sed
3251 3871 3508 3952 plures3

2016 3972 2126 4035 sed
2158 3970 2364 4053 prima
2392 3978 2638 4032 tantum
2678 3970 2959 4051 potentia
2986 3969 3065 4031 ad
3096 3968 3508 4031 variationem

2015 4078 2112 4132 est
2156 4088 2299 4131 una.
2334 4069 2782 4131 Verumtamen
2829 4068 3018 4130 etiam
3071 4068 3190 4129 hoc
3240 4084 3366 4130 non
3414 4073 3510 4129 est

414 4166 771 4247 ceptionem
804 4164 1055 4227 videtur
1085 4164 1558 4227 communicare
1589 4184 1734 4227 cum
1764 4173 1910 4228 tem·
1938 4175 1987 4237 D
2018 4186 2131 4251 per
2173 4186 2240 4229 se
2285 4174 2530 4240 notum,
2567 4166 2695 4229 imo
2739 4165 2950 4246 potius
2994 4164 3205 4228 forsan
3248 4164 3506 4238 falsum,

414 4282 583 4345 pore,
616 4271 681 4325 et
711 4282 827 4345 per
862 4262 1455 4325 indesinibilitatem
1488 4282 1633 4325 cum
1665 4265 1909 4327 aeterni-

418 4369 533 4425 tate
568 4379 583 4423 :
629 4369 889 4443 propter
930 4380 1073 4442 quae
1113 4361 1240 4423 duo
1282 4361 1442 4423 dixit
1489 4360 1907 4443 Philosophus

416 4462 621 4543 ipsum
656 4478 796 4522 esse
826 4458 1219 4521 horizontem
1254 4460 1621 4522 aeternitatis
1652 4479 1724 4521 ac
1754 4467 1909 4522 tem-

416 4558 603 4640 poris,
636 4566 700 4620 et
743 4566 889 4639 post
930 4556 1347 4620 aeternitatem
1397 4576 1470 4619 ac
1521 4577 1712 4639 supra
1757 4566 1909 4621 tem-

414 4676 551 4739 puS,
585 4664 706 4718 etc.

490 4756 659 4817 Hanc
704 4753 1037 4815 materiam
1082 4754 1489 4835 prosequitur
1531 4754 1907 4818 Guillelmus

416 4851 667 4924 diffuse,
704 4860 767 4913 et
811 4851 1083 4933 qualiter
1132 4860 1439 4914 aeternum
1482 4861 1545 4914 et
1585 4872 1793 4915 aevurn
1835 4872 1908 4917 ac

416 4958 683 5032 tempuS,
730 4949 1035 5013 saeculum
1085 4967 1341 5032 quoque
1390 4960 1452 5013 et
1496 4953 1907 5033 perpetuitaS,

418 5048 602 5109 variis
648 5046 855 5110 modis
904 5048 1321 5129 accipiantur,
1355 5050 1648 5111 ostendit.
1682 5051 1910 5113 AEvum

420 5164 665 5228 quoque
716 5164 831 5208 seu
879 5154 1260 5229 perpetuum
1309 5148 1601 5210 attribuit
1645 5150 1909 5229 angelis,

426 5244 713 5327 ipsasque
754 5262 1085 5307 mensuras
1124 5264 1161 5307 a
1200 5246 1581 5308 mensuratis
1620 5266 1759 5310 esse
1792 5250 1915 5312 dis·

2016 4266 2184 4347 quod
2226 4264 2515 4327 omnium
2561 4263 2896 4325 mobilium
2942 4262 3024 4325 sit
3059 4281 3187 4325 una
3223 4262 3504 4325 materia.

2016 4365 2304 4445 Insuper,
2358 4372 2612 4444 tempus
2661 4381 2861 4443 quum
2921 4361 3002 4423 sit
3055 4380 3382 4435 numerus,
3433 4362 3511 4424 de

2016 4462 2393 4524 necessitate
2424 4460 2684 4542 respicit
2712 4460 2991 4540 aliquam
3033 4459 3511 4523 multitudinem

2018 4567 2436 4624 numeratam.
2471 4560 2541 4621 In
2577 4559 2782 4641 prima
2813 4575 2962 4620 vero
2992 4558 3256 4621 materia
3291 4577 3513 4620 secun-

2016 4661 2169 4722 dum
2211 4658 2552 4721 essentiam
2591 4674 2719 4719 non
2756 4663 2852 4719 est
2888 4656 3104 4737 aliqua
3146 4656 3508 4729 multitudo,

2018 4760 2127 4821 sed
2177 4757 2383 4819 solum
2433 4756 2786 4818 secundum
2829 4750 2988 4826 esse,
3028 4754 3091 4816 id
3133 4760 3250 4825 est,
3291 4772 3512 4815 secun-

2019 4857 2173 4918 dum
2203 4854 2515 4917 actualem
2548 4862 2610 4915 et
2639 4853 2869 4914 realem
2898 4850 3323 4914 exsistentiam
3351 4850 3508 4930 ejuS,

2019 4973 2131 5017 seu
2174 4973 2288 5036 per
2327 4960 2686 5034 respectum
2725 4952 2803 5012 ad
2844 4950 3241 5012 durationem
3272 4956 3336 5012 et
3365 4966 3511 5031 ope-

2020 5053 2365 5129 rationem3
2405 5058 2594 5132 atque
2637 5048 2989 5111 secundum
3036 5047 3156 5110 hoc
3197 5066 3336 5110 esse
3385 5064 3512 5109 non

2020 5159 2115 5214 est
2146 5170 2274 5213 una
2303 5149 2366 5210 in
2399 5147 2712 5231 pluribus.
2746 5147 2919 5209 Unde
2951 5165 3068 5207 nec
3099 5154 3350 5228 tempus
3382 5163 3513 5207 cor-

2022 5248 2361 5331 respondet
2403 5245 2679 5309 materiae
2723 5244 3074 5307 secundum
3116 5242 3259 5325 ejus
3301 5261 3511 5306 essen-
