4334 6242
139 1787 212 1826 art.
241 1789 282 1828 3.

732 505 957 561 ouAEsr.
1004 505 1072 552 111
1111 506 1125 552 ε
1168 507 1256 552 AN
1296 503 1533 554 cuum-A
1575 500 1836 559 canam,
1879 502 2015 548 snu-
2055 504 2096 548 A
2138 501 2259 548 nno
2302 501 2641 548 innume
2679 499 2938 557 aaran,
2978 497 3106 545 arc.
3388 475 3469 542 59

449 677 642 739 Porro
705 677 1023 750 AlbertuS‚
1082 677 1364 758 AEgidius
1423 685 1486 738 et
1542 674 1870 738 Udalricus
1902 673 1948 736 Α
1983 673 2127 736 liter
2184 673 2472 756 sequitur
2528 673 2852 736 Thomam.
2905 670 3182 744 Quorum
3241 667 3474 751 positio

370 783 812 836 contestantur
841 775 1224 837 creationem
1257 776 1572 857 passivam
1604 792 1743 835 6336
1777 791 1869 834 re-

367 875 538 936 alem
583 873 978 936 relationem.
1022 874 1236 936 Nihilo
1283 874 1496 935 minus
1541 872 1869 935 Udalricus

371 980 514 1053 post
555 973 690 1034 haec
736 972 926 1053 paulo
968 979 1110 1053 post
1149 971 1394 1042 asserit,
1437 971 1605 1052 qnod
1649 970 1733 1032 sit
1775 988 1870 1031 re-

373 1070 526 1132 latio
583 1072 938 1133 secundum
999 1071 1148 1142 dici,
1208 1077 1270 1131 et
1329 1088 1454 1132 non
1515 1069 1868 1132 secundum

369 1187 530 1230 esse.
567 1169 716 1242 Quae
753 1187 882 1230 non
913 1169 1212 1231 videntur
1248 1177 1557 1240 constare,
1590 1169 1740 1249 quia
1780 1187 1870 1229 re-

375 1267 526 1328 latio
570 1267 924 1328 secundum
967 1267 1092 1329 dici
1139 1285 1264 1329 non
1307 1273 1570 1328 vocatur
1613 1267 1818 1328 realiS.

454 1365 728 1427 Thomas
759 1383 1014 1447 quoque
1048 1366 1111 1427 in
1143 1365 1392 1447 Scripto
1423 1365 1676 1438 fatetur,
1700 1365 1868 1446 quod

372 1463 612 1525 creatio
662 1463 914 1545 passiva
961 1464 1044 1524 sit
1083 1463 1379 1526 accidens
1427 1472 1636 1526 creato
1679 1463 1870 1526 inhae-

373 1579 556 1640 rens3
591 1570 654 1623 et
683 1561 916 1642 saepius
951 1561 1059 1633 ait,
1094 1563 1263 1643 quod
1295 1562 1378 1624 sit
1407 1563 1594 1624 realis
1625 1561 1864 1623 relatio.

371 1695 456 1705 —
483 1659 700 1723 Nihilo
739 1660 952 1721 minus
1000 1661 1062 1721 in
1107 1660 1312 1741 prima
1355 1667 1529 1740 parte
1569 1659 1867 1732 Summm,

373 1759 728 1840 quaestione
771 1758 1254 1840 quadragesima
1294 1759 1538 1840 quinta,
1572 1757 1867 1819 disseruit

374 1857 546 1938 quod
587 1857 825 1919 creatio
863 1875 988 1919 non
1030 1857 1210 1939 ponit
1247 1856 1487 1938 aliquid
1531 1856 1594 1917 in
1636 1864 1863 1918 creato.
1907 1856 1953 1918 B

373 1956 552 2028 Quod
595 1955 1082 2035 intelligendum
1114 1955 1364 2016 videtur
1398 1954 1474 2016 de
1513 1954 1728 2035 aliquo
1765 1953 1870 2015 ab-

373 2053 605 2126 solute,
671 2072 798 2115 non
861 2053 938 2114 de
998 2052 1215 2134 aliquo
1277 2051 1650 2134 respectivo.
1713 2052 1869 2114 Nam

373 2151 592 2213 subdit
646 2169 662 2212 :
713 2152 824 2213 sed
883 2150 1253 2213 relationem
1312 2158 1580 2212 tantum.
1633 2149 1749 2212 Ubi
1807 2158 1867 2211 et

371 2249 547 2311 addit
581 2269 596 2314 ε
632 2249 877 2313 Creatio
907 2248 1308 2330 significatur
1338 2257 1406 2310 ut
1439 2249 1722 2310 mutatio.
1747 2249 1872 2310 Mu-

373 2347 527 2410 tatio
565 2356 782 2410 autem
825 2347 1035 2410 media
1071 2355 1168 2409 est
1201 2347 1666 2428 quodammodo
1707 2346 1872 2410 inter

373 2464 640 2508 movens
691 2453 754 2508 et
797 2453 1062 2508 motum.
1105 2445 1348 2508 Idcirco
1396 2444 1630 2506 cre-atio
1678 2444 1870 2526 signi-

373 2543 610 2606 ficatur
641 2551 710 2606 ut
745 2543 1027 2606 medium
1063 2544 1231 2606 inter
1260 2543 1616 2606 Creatorem
1649 2550 1710 2604 et
1743 2561 1872 2604 cre-

371 2651 641 2705 aturam.
707 2643 953 2706 Creatio
1011 2651 1222 2705 tamen
1283 2642 1533 2724 passive
1591 2649 1866 2724 sumpta,

371 2749 468 2803 est
511 2740 576 2803 in
617 2750 928 2814 creatura,
959 2749 1182 2822 estque
1225 2741 1440 2822 aliquo
1480 2741 1666 2802 modo
1703 2759 1872 2802 crea-

375 2848 536 2901 tura.
593 2839 944 2902 Creationis
991 2839 1182 2902 etiam
1231 2846 1421 2920 prout
1467 2838 1871 2919 significatur

375 2946 446 2999 ut
486 2937 776 3010 mutati0,
810 2945 1098 2999 creatura
1133 2945 1230 3000 est
1270 2937 1616 3015 terminus3
1649 2937 1756 2998 sed
1801 2944 1869 2999 ut

1982 773 2192 835 verior
2234 779 2563 854 reputatur
2608 790 2800 853 quam
2844 769 2986 832 alia.

2061 871 2387 944 Praeterea,
2422 870 2589 952 quod
2630 869 3069 932 Bonaventura
3099 866 3355 940 effatur,
3389 883 3481 927 re-

1985 969 2285 1032 lationem
2337 969 2663 1031 fundatam
2718 987 2912 1048 super
2958 965 3310 1029 naturalem
3360 965 3483 1027 ori·

1981 1068 2197 1148 ginem
2251 1087 2377 1130 non
2427 1068 2655 1130 addere
2698 1066 2964 1147 aliquid,
3000 1083 3222 1128 verum
3266 1071 3362 1126 est
3412 1063 3479 1124 in

1981 1165 2259 1242 divinis:
2310 1165 2418 1226 sed
2470 1164 2534 1225 in
2583 1163 2987 1245 generatione
3045 1168 3475 1222 creaturarum

1983 1265 2327 1346 paternitas
2358 1283 2550 1346 super
2578 1263 3049 1344 generationem
3082 1259 3363 1332 fundata,
3381 1266 3477 1321 est

1984 1363 2169 1426 realis
2203 1363 2422 1425 relatio
2452 1361 2743 1442 subjecto
2773 1360 3013 1442 aliquid
3046 1357 3477 1440 superaddens

1982 1462 2169 1524 reale.

2394 1776 2864 1851 QUAESTIO
2936 1776 3060 1839 III

2109 2049 2284 2111 Ertio
2316 2049 2752 2131 principaliter
2782 2049 3109 2131 quaeritur‚
3132 2047 3262 2114 An
3292 2064 3477 2114 Gun-

2136 2149 2266 2213 cta
2303 2151 2598 2228 creata,
2630 2148 2798 2212 sint
2836 2162 2883 2213 a
2915 2147 3077 2212 Deo
3114 2147 3479 2214 immedi-

1980 2247 2108 2311 ate
2160 2248 2453 2324 creata,
2496 2247 2611 2311 ita
2653 2245 2861 2326 quod
2904 2260 3065 2311 una
3110 2248 3481 2312 creatura

1979 2358 2137 2409 non
2167 2346 2293 2409 eat
2320 2344 2685 2410 effective
2715 2343 3478 2410 instrumentaliter-

1979 2456 2080 2507 ve
2123 2444 2393 2508 creata
2435 2442 2535 2508 ab
2574 2441 2759 2510 alla.

2061 2540 2238 2614 Quod
2272 2541 2567 2602 universa
2597 2548 2825 2613 creata,
2858 2558 2986 2602 non
3028 2539 3155 2602 sint
3186 2540 3477 2604 immedi-

1980 2647 2078 2702 ate
2128 2660 2165 2701 a
2213 2640 2341 2701 Deo
2392 2639 2719 2720 producta,
2763 2639 2971 2720 primo
3011 2639 3284 2714 videtur,
3327 2640 3479 2720 quia

1979 2737 2060 2800 ab
2105 2755 2234 2799 uno
2280 2737 2556 2819 simplici
2605 2755 2729 2800 non
2780 2737 3067 2818 procedit
3112 2738 3477 2802 immediate

1980 2837 2103 2899 nisi
2152 2856 2377 2910 unum,
2422 2843 2492 2897 ut
2535 2835 2935 2916 Peripatetici
2983 2837 3225 2898 dicunt.
3259 2873 3340 2883 —
3377 2839 3481 2900 Se—

1981 2935 2212 3009 cunde,
2247 2935 2415 2996 idem
2446 2935 2669 2996 eodem
2711 2935 2900 2997 modo
2930 2954 2997 2996 se
3032 2935 3292 3009 habenS,
3327 2935 3479 2998 facit

375 3043 470 3097 est
513 3054 664 3098 vere
707 3035 950 3109 relatio,
993 3043 1280 3098 creatura
1326 3043 1422 3097 est
1469 3035 1610 3115 ejus
1660 3034 1869 3114 subje-
1906 3033 2173 3105 cidem,
2218 3050 2342 3094 non
2394 3031 2568 3093 varia
2616 3039 2679 3093 et
2729 3032 2997 3094 diversa.
3050 3033 3215 3095 Deus
3262 3042 3476 3096 autem

379 3141 578 3206 ctum,
631 3142 695 3194 et
747 3133 926 3216 prius
980 3153 1054 3196 ea
1106 3133 1172 3195 in
1227 3153 1387 3208 esse,
1439 3133 1605 3195 sicut
1657 3133 1867 3213 subJe-

380 3240 552 3293 ctum
614 3233 793 3314 prius
851 3240 948 3294 est
1003 3231 1346 3293 accidente.
1400 3231 1599 3293 Habet
1657 3239 1868 3292 tamen

381 3328 613 3391 creatio
645 3329 766 3390 ista
794 3329 1136 3410 quamdam
1177 3327 1487 3390 rationem
1524 3327 1868 3409 prioritatis

377 3447 450 3488 ex
511 3435 688 3509 parte
741 3426 1000 3506 objecti,
1049 3427 1126 3488 ad
1176 3427 1347 3507 quod
1394 3425 1648 3500 dieitur,
1701 3426 1870 3507 quod

376 3535 468 3588 est
507 3523 904 3607 principium
948 3531 1268 3586 creaturae.
1312 3523 1454 3586 Haec
1495 3524 1764 3587 Thomas
1805 3524 1870 3585 in

378 3624 658 3686 Summa.

455 3720 809 3785 Concordat
851 3721 1090 3793 PetruS,
1122 3718 1392 3782 dicendo
1425 3738 1438 3782 :
1475 3720 1869 3783 Creationem

375 3821 696 3902 passivam
746 3818 968 3880 dicunt
1017 3818 1279 3900 quidam
1336 3836 1464 3880 non
1511 3837 1650 3880 esse
1697 3819 1870 3881 aliud

374 3920 629 3982 realiter
667 3936 859 3999 quam
906 3917 1109 3999 ipsam
1159 3925 1512 3979 creaturam
1553 3937 1693 3999 quae
1743 3937 1872 3980 cre-

373 4025 535 4091 atur,
587 4025 652 4079 et
701 4023 912 4078 tamen
961 4014 1223 4078 differre
1268 4016 1350 4078 ab
1397 4036 1471 4077 ea
1517 4017 1870 4078 secundum

375 4116 711 4188 rationem,
753 4113 1054 4196 quoniam
1103 4113 1256 4175 dicit
1303 4123 1656 4176 creaturam
1705 4133 1872 4177 com-

1978 3138 2075 3192 est
2124 3128 2585 3191 invariabiliter
2633 3128 2825 3202 idem,
2869 3137 2931 3191 et
2980 3129 3361 3192 aeternaliter
3407 3150 3475 3193 se

1981 3227 2386 3290 uniformiter
2423 3225 2663 3288 habe-ns
2701 3244 2715 3288 ε
2749 3244 2899 3308 ergo
2929 3244 3055 3289 non
3088 3227 3240 3290 facit
3268 3228 3472 3290 diver-

1978 3345 2048 3387 sa
2105 3324 2471 3386 immediate
2528 3343 2601 3386 ac
2661 3324 2861 3406 plura.
2912 3362 2993 3370 —
3042 3325 3271 3398 Tertio,
3333 3346 3767 3408 quaeaom.m.1.

1979 3443 2015 3486 a
2058 3425 2187 3486 Deo
2230 3430 2399 3494 sunt,
2438 3423 2725 3485 ordinata
2769 3431 2939 3498 sunt,
2977 3432 3131 3486 teste
3173 3423 3473 3506 Apostolo

1979 3523 2055 3585 ad
2094 3522 2407 3584 Romanos
2443 3541 2457 3585 :
2491 3540 2640 3603 ergo
2674 3529 2881 3584 creata
2920 3533 3365 3604 processerunt
3393 3524 3474 3586 ab

1980 3639 2076 3694 ec,
2127 3621 2350 3683 ordine
2398 3621 2695 3703 quodam,
2749 3639 2877 3682 non
2928 3621 3313 3695 immediate,
3364 3623 3475 3684 sed

1982 3739 2182 3782 unum
2214 3718 2340 3781 alio
2371 3719 2570 3800 priuS,
2606 3727 2675 3781 ut
2705 3720 2859 3781 ordo
2890 3720 3479 3801 requirit.—Quar-

1982 3827 2066 3890 to,
2101 3837 2435 3900 processus
2476 3837 2688 3880 rerum
2728 3838 2765 3881 a
2803 3819 2931 3881 Deo
2971 3827 3067 3880 est
3097 3839 3211 3901 per
3249 3819 3477 3882 simili-

1981 3917 2269 3979 tudinem
2312 3918 2675 3999 quamdam,
2711 3925 2781 3978 ut
2824 3918 3080 3980 Proclus
3119 3919 3476 3983 Platonicus

1983 4016 2046 4078 in
2099 4016 2600 4078 Elementatione
2660 4035 2772 4077 sua
2824 4016 3172 4096 theologica
3228 4017 3469 4100 probat.

1979 4116 2134 4178 Nam
2188 4123 2251 4176 et
2296 4120 2453 4176 teste
2496 4113 2897 4196 PhilosophO,
2939 4133 3131 4195 age-ns
3182 4117 3476 4197 producit

377 4221 658 4296 paratam
716 4214 794 4274 ad
855 4212 1232 4276 Creatorem.
1287 4211 1410 4274 Alii
1474 4212 1868 4294 probabilius
1902 4218 1950 4279 D
1981 4213 2193 4276 simile
2238 4212 2383 4274 sibi.
2420 4213 2624 4285 Quum
2668 4231 2817 4293 ergo
2854 4214 3020 4276 Deus
3061 4213 3371 4294 gloriosus
3412 4223 3475 4277 et

372 4312 616 4384 dicunt,
652 4311 821 4392 quod
863 4309 1084 4372 differt
1132 4310 1482 4373 secundum
1528 4329 1685 4383 rem,
1719 4310 1870 4392 quia

371 4417 462 4472 est
507 4409 810 4471 accidens
857 4408 1174 4490 quoddam
1228 4408 1293 4470 in
1336 4416 1642 4480 creatura,
1685 4418 1746 4471 et
1791 4409 1870 4472 si-

372 4507 638 4589 gnificat
670 4525 802 4568 rem
835 4526 976 4588 quae
1017 4525 1143 4568 non
1187 4515 1282 4569 est
1322 4507 1578 4588 proprie
1613 4507 1674 4568 in
1716 4527 1869 4589 prze-

373 4607 734 4668 dicamento
793 4605 1127 4686 passioniS‚
1187 4605 1296 4666 sed
1355 4605 1695 4668 relationis.
1759 4606 1869 4668 Est

375 4704 544 4765 enim
576 4702 887 4765 habitudo
914 4709 974 4764 et
1005 4701 1430 4783 dependentia
1463 4701 1753 4764 habentis
1787 4711 1870 4765 to-

377 4809 508 4863 tum
567 4819 710 4863 esse
771 4818 958 4862 suum
1015 4819 1054 4861 a
1104 4799 1416 4874 Creatore,
1468 4818 1866 4882 consequens

377 4899 650 4963 creantis
691 4899 1031 4972 actionem,
1065 4905 1126 4960 et
1167 4899 1256 4960 rei
1301 4906 1524 4961 creatae
1562 4900 1868 4962 exsisten-

380 4999 526 5060 tiam
577 5017 694 5060 seu
741 5005 953 5059 actum
1001 4995 1368 5071 exsistendi,
1411 5014 1536 5059 non
1585 4998 1866 5080 aliquam

379 5097 762 5178 passionem,
796 5094 961 5156 sicut
989 5093 1218 5156 filiatio
1256 5094 1319 5156 in
1362 5094 1500 5157 filio
1535 5097 1868 5179 consequi-

383 5203 478 5256 tur
521 5193 844 5256 actionem
905 5191 1100 5272 patris
1150 5197 1212 5253 et
1259 5193 1692 5256 exsistentiam
1745 5194 1866 5257 filii

379 5312 414 5354 a
441 5300 637 5375 patre.
673 5291 816 5352 Haec
844 5289 1083 5352 Petrus.
1108 5323 1189 5335 -
1217 5289 1330 5363 Qui
1366 5290 1431 5351 in
1462 5291 1579 5353 hac
1615 5310 1682 5354 re
1715 5299 1866 5355 tota-

1981 4310 2360 4382 adoranduS,
2404 4309 2486 4371 sit
2536 4327 2733 4390 purus
2776 4317 2839 4370 et
2882 4310 3474 4392 supersimplicissi-

1984 4429 2126 4472 mus
2176 4416 2375 4482 actuS,
2425 4425 2552 4470 non
2603 4407 2853 4470 videtur
2898 4409 3067 4490 quod
3127 4411 3478 4492 corporalia

1979 4507 2197 4589 aliqua
2252 4505 2332 4568 ab
2383 4506 2523 4588 ipso
2582 4505 2948 4568 immediate
3007 4507 3471 4589 profluxerunt.

1983 4606 2113 4668 imo
2150 4624 2269 4666 nec
2309 4604 2573 4687 aliquid,
2607 4604 2729 4666 nisi
2771 4623 2897 4666 una
2935 4607 3224 4687 quae-dam
3265 4615 3476 4671 actua·

1981 4703 2226 4766 lissima
2265 4721 2464 4764 mens,
2496 4737 2577 4747 —
2606 4701 2857 4774 Quinto,
2892 4704 2950 4765 S.
2987 4703 3322 4786 Dionysius
3358 4705 3477 4768 fre·

1981 4809 2251 4884 quenter
2298 4800 2549 4873 fatetur,
2583 4800 2751 4881 quod
2797 4801 2962 4862 Deus
3004 4820 3072 4862 se
3114 4801 3305 4864 habet
3346 4817 3473 4866 uno

1983 4901 2168 4962 modo
2209 4900 2287 4961 ad
2325 4898 2563 4972 omnia,
2597 4898 2889 4978 quamvis
2934 4917 3059 4962 non
3104 4901 3319 4962 omnia
3367 4901 3475 4962 ha-

1981 4997 2172 5060 beant
2230 5016 2298 5059 se
2357 5014 2486 5058 uno
2544 4996 2731 5058 modo
2788 4997 2866 5058 ad
2928 4997 3159 5078 ipsum.
3213 4997 3472 5078 Propter

1979 5095 2149 5178 quod
2181 5094 2372 5156 etiam
2406 5095 2471 5156 in
2504 5093 2667 5156 libro
2697 5093 2899 5155 fertur
2928 5095 3467 5178 Causarum‚quod

1980 5212 2168 5257 causa
2209 5193 2416 5275 prima
2448 5200 2543 5254 est
2578 5193 2642 5254 in
2681 5192 2980 5254 omnibus
3021 5191 3209 5255 rebus
3249 5213 3471 5256 secun-

1979 5293 2132 5354 dum
2185 5310 2377 5352 unam
2430 5289 2937 5372 dispositionem,
2990 5291 3282 5371 quamvis
3341 5310 3467 5355 non
