4334 6242
166 3667 233 3705 m.
254 3669 289 3706 3.

622 521 821 568 tmwu
864 520 1084 568 ANGEm
1128 521 1461 568 PoTtJERmT
1504 519 1793 576 PEGCARE,
1834 519 1908 564 ET
1950 518 2071 574 QUA
2114 517 2322 565 sPEclss
2365 518 2613 566 PECCATI
2654 520 2852 576 ATQUE
2893 520 3190 576 QUALITER

3334 499 3455 566 3⁰9

361 709 487 774 quo
516 692 832 774 praesidet.
868 693 1026 756 Hinc
1058 693 1337 774 primum
1372 699 1705 774 peccatum
1738 690 1862 752 dia·
1889 688 1941 752 A
1970 693 2172 773 possit
2213 701 2508 776 appetere
2550 691 2839 755 altiorem
2883 694 3149 774 gradum
3200 699 3459 764 naturai,

360 790 489 854 boli
532 809 659 853 non
699 793 905 873 potuit
942 811 1081 854 esse
1122 791 1245 853 nisi
1282 790 1599 873 superbia.
1636 791 1861 852 Conse-

360 899 633 971 quenter
674 909 825 953 vero
875 891 1083 973 potuit
1136 891 1201 952 in
1253 889 1347 951 eis
1401 889 1641 951 invidia
1696 907 1855 950 esse.

358 989 663 1070 Ejusdem
692 989 931 1051 etenim
965 989 1225 1050 rationis
1256 988 1557 1069 est‚quod
1588 985 1860 1048 affectus

356 1088 573 1149 tendat
604 1087 669 1149 in
700 1086 943 1168 aliquid
984 1086 1436 1168 appetendum,
1470 1094 1533 1146 et
1567 1084 1734 1166 quod
1769 1102 1859 1144 re-

354 1186 597 1248 nitatur
625 1186 935 1268 opposito.
953 1185 1207 1247 Invidus
1237 1192 1448 1245 autem
1481 1184 1559 1245 de
1589 1183 1752 1245 bono
1781 1183 1863 1244 al·

354 1283 555 1345 terius
586 1283 777 1356 dolet,
809 1285 959 1364 quia
997 1281 1237 1344 bonum
1272 1281 1443 1343 illius
1478 1287 1727 1363 reputat
1758 1279 1857 1342 sui

354 1381 602 1462 proprii
644 1381 797 1442 boni
842 1380 1397 1463 impedimentum.
1441 1379 1569 1440 Nec
1614 1386 1859 1460 poterat

356 1479 599 1541 bonum
660 1479 921 1541 alterius
982 1478 1261 1561 reputari
1324 1477 1856 1558 impedimentum

356 1577 509 1639 boni
540 1577 821 1640 affectati
864 1597 977 1659 per
1004 1577 1300 1659 angelum
1336 1575 1598 1648 malum,
1632 1574 1757 1636 nisi
1791 1573 1853 1635 in

356 1683 669 1757 quantum
719 1675 1045 1738 affectavit
1092 1673 1532 1738 excellentiam
1586 1671 1859 1752 singula-

356 1793 491 1836 rem
530 1791 545 1835 :
580 1793 723 1856 quae
771 1793 884 1856 per
925 1774 1185 1836 alterius
1235 1772 1675 1835 excellentiam
1723 1771 1854 1851 jam

1971 793 2035 854 in
2086 813 2276 875 quem
2331 793 2664 875 pervenire
2713 811 2839 855 non
2887 799 3120 873 posset,
3155 791 3278 853 nisi
3324 809 3464 852 esse

1968 894 2303 955 desineret.
2354 929 2436 938 —
2479 891 2787 973 Denique,
2846 898 3146 973 appetere
3200 907 3338 952 esse
3395 895 3466 951 ut

1968 992 2133 1053 Deus
2185 1011 2298 1072 per
2345 991 2856 1064 similitudinem,
2905 989 3215 1070 contingit
3261 987 3467 1069 dupli·

1969 1088 2143 1149 citer.
2193 1089 2328 1151 Uno
2376 1088 2584 1160 modo,
2626 1095 2934 1169 quantum
2983 1086 3060 1149 ad
3112 1086 3175 1147 id
3224 1085 3290 1147 in
3338 1103 3466 1166 quo

1967 1186 2209 1267 aliquid
2241 1194 2460 1249 natum
2491 1195 2586 1248 est
2617 1185 2744 1248 Deo
2773 1184 3110 1247 assimilari
3147 1202 3161 1245 :
3195 1191 3258 1247 et
3287 1183 3379 1246 sic
3411 1181 3465 1244 si

1968 1285 2112 1366 quis
2144 1291 2452 1366 quantum
2494 1285 2571 1346 ad
2612 1285 2730 1346 hoc
2769 1291 3026 1365 appetat
3064 1301 3202 1345 esse
3235 1282 3466 1344 similis

1968 1383 2117 1455 Deo,
2151 1401 2280 1444 non
2319 1391 2558 1465 peccat,
2593 1383 2940 1446 dummodo
2975 1381 3464 1444 similitudinem

1967 1482 2078 1543 Dei
2109 1481 2325 1544 debito
2363 1482 2583 1544 ordine
2623 1488 2878 1563 appetat
2914 1480 3205 1562 adipisci,
3237 1487 3305 1541 ut
3343 1479 3467 1541 sci-

1968 1580 2113 1642 licet
2145 1600 2285 1642 eam
2314 1600 2351 1642 a
2381 1582 2508 1644 Deo
2544 1580 2862 1658 obtineat3
2897 1587 3186 1662 peccaret
3223 1587 3458 1652 autem,

1966 1677 2019 1739 si
2078 1685 2404 1760 appeteret
2463 1680 2589 1741 Deo
2644 1679 2981 1741 assimilari
3029 1677 3262 1741 virtute
3319 1695 3461 1760 pro-

1968 1775 2127 1856 pria,
2162 1794 2288 1839 non
2328 1776 2561 1838 divina.
2597 1777 2888 1840 Secundo
2927 1784 3135 1860 potest
3176 1776 3321 1858 quis
3357 1796 3464 1858 ap-

356 1880 580 1934 cessat.
616 1873 764 1935 Ideo
806 1880 944 1954 post
984 1880 1315 1954 peccatum
1355 1869 1671 1953 superbiae
1710 1888 1856 1931 con·
1888 1871 1935 1933 B
1969 1881 2184 1954 petere
2227 1893 2364 1936 esse
2408 1874 2637 1936 similis
2675 1876 2804 1937 Deo
2844 1875 2908 1936 in
2950 1894 3025 1938 eo
3067 1876 3128 1938 in
3170 1893 3296 1957 quo
3333 1893 3460 1936 non

355 1979 650 2034 secutum
680 1979 776 2034 est
808 1972 873 2033 in
904 1971 1189 2034 daemone
1218 1977 1547 2051 peccalum
1580 1967 1854 2041 invidiae‚

356 2070 711 2132 secundum
762 2071 928 2151 quod
973 2069 1176 2131 doluit
1219 2069 1295 2130 de
1340 2068 1504 2129 bono
1552 2065 1855 2139 bominiS,

356 2176 419 2229 et
466 2168 661 2230 etiam
713 2168 791 2228 de
840 2167 1215 2229 excellentia
1262 2166 1591 2238 CreatoriS‚
1634 2183 1857 2226 secun-

358 2268 511 2329 dum
544 2265 715 2347 quod
756 2265 921 2327 Deus
963 2264 1163 2327 utitur
1191 2283 1266 2327 eo
1302 2264 1365 2326 in
1404 2263 1669 2344 gloriam
1701 2261 1861 2324 divi-

358 2382 504 2425 nam
558 2371 777 2426 contra
820 2363 1209 2425 voluntatem
1261 2362 1518 2424 diaboli.
1551 2396 1632 2406 —
1669 2362 1859 2422 Porro

360 2461 425 2524 in
456 2461 961 2524 obscenitatibus
1002 2460 1353 2522 carnalium
1393 2459 1693 2520 vitiorum
1740 2458 1861 2520 da)-

364 2579 586 2622 mones
636 2577 761 2622 non
803 2559 1194 2620 delectantur
1236 2557 1417 2639 quasi
1469 2557 1588 2638 ipsi
1637 2556 1713 2618 ad
1758 2557 1862 2617 de-

361 2657 731 2720 lectationes
786 2656 1067 2718 carnales
1120 2654 1529 2732 afficiantur;
1578 2655 1686 2716 sed
1741 2654 1858 2716 hoc

362 2764 565 2818 totum
611 2775 687 2818 ex
732 2755 973 2817 invidia
1014 2754 1236 2826 oritur,
1272 2753 1440 2834 quod
1486 2752 1553 2813 in
1597 2750 1859 2833 quibus-

360 2873 639 2936 cumque
677 2853 1011 2915 hominum
1046 2851 1410 2913 excessibus
1441 2851 1857 2922 delectantur,

364 2952 426 3014 in
458 2960 771 3033 quantum
813 2957 960 3013 sunt
1001 2949 1457 3032 impedimenta
1496 2947 1717 3010 salutis
1749 2948 1862 3008 hu-

1967 1980 2063 2033 est
2108 1981 2296 2053 aptus
2343 1973 2399 2034 ei
2449 1973 2784 2036 assimilari
2821 1991 2834 2035 :
2869 1981 2939 2035 ut
2984 1974 3037 2035 si
3085 1974 3230 2057 quis
3275 1992 3464 2054 appe-

1965 2078 2127 2132 teret
2176 2072 2407 2133 coelum
2456 2079 2518 2134 et
2564 2079 2794 2133 terram
2847 2091 3080 2145 cre-are,
3119 2072 3288 2153 quod
3335 2072 3465 2134 Deo

1967 2176 2062 2230 est
2107 2169 2476 2250 proprium;
2517 2170 2582 2230 in
2624 2187 2750 2250 quo
2792 2170 3078 2251 appetitu
3120 2176 3285 2232 esset
3321 2188 3466 2250 pec·

1968 2274 2201 2328 catum.
2236 2267 2466 2348 Sicque
2497 2267 2786 2330 diabolus
2815 2267 3086 2349 appetiit
3122 2285 3260 2329 esse
3289 2267 3464 2329 simi·

1970 2366 2046 2427 lis
2080 2367 2239 2427 Deo:
2261 2384 2386 2428 non
2418 2374 2488 2427 ut
2518 2367 2647 2428 Deo
2673 2365 3135 2427 assimilaretur
3162 2373 3468 2447 quantum

1966 2464 2043 2527 ad
2076 2465 2196 2526 hoc
2227 2465 2395 2545 quod
2426 2471 2522 2526 est
2562 2464 2722 2526 nulli
2761 2464 3023 2526 subesse
3062 2463 3461 2545 simpliciter,

1968 2561 2117 2643 quia
2163 2561 2254 2623 sic
2297 2561 2488 2624 etiam
2533 2581 2718 2623 suum
2764 2579 2890 2623 non
2935 2579 3072 2623 esse
3114 2569 3462 2642 appeteret,

1968 2679 2168 2742 quum
2216 2653 2398 2721 nulla‘
2435 2667 2721 2722 creatura
2760 2659 2962 2721 vale-at
3002 2677 3142 2721 esse
3185 2659 3308 2720 nisi
3351 2679 3465 2741 per

1969 2758 2089 2820 hoc
2132 2759 2302 2839 quod
2344 2757 2464 2820 sub
2505 2759 2632 2820 Deo
2672 2777 2810 2819 esse
2851 2757 3208 2839 participat,
3240 2765 3302 2819 et
3343 2757 3463 2819 sub

1970 2855 2109 2936 ejus
2161 2857 2638 2919 conservatione
2687 2855 3021 2934 subsistit3
3073 2855 3183 2916 sed
3231 2854 3296 2916 in
3347 2855 3465 2917 hoc

1970 2955 2238 3036 appetiit
2269 2955 2547 3017 indebite
2586 2973 2724 3017 esse
2765 2953 2996 3016 similis
3035 2954 3184 3028 Deo,
3217 2953 3368 3035 quia
3402 2953 3466 3016 id

364 3070 585 3113 manae.
620 3051 748 3113 Hoc
781 3067 1033 3131 quoque
1069 3048 1423 3120 sciendum,
1459 3047 1624 3127 quod
1660 3047 1723 3108 in
1755 3066 1856 3108 su·
1896 3049 1940 3113 C
1970 3052 2048 3114 ad
2080 3052 2250 3132 quod
2282 3052 2517 3114 virtute
2548 3071 2678 3115 suae
2707 3059 2948 3114 naturae
2979 3058 3221 3134 poterat
3253 3070 3470 3134 perve-

362 3149 585 3232 perbia
614 3157 677 3210 et
708 3147 947 3210 invidia
978 3153 1163 3228 prout
1195 3145 1257 3208 in
1294 3143 1690 3208 daemonibus
1720 3163 1859 3206 esse

362 3249 685 3318 dicuntur,
738 3245 1365 3327 comprehenduntur
1420 3243 1575 3305 vilia
1632 3251 1861 3305 cuncta

364 3367 504 3428 quae
550 3352 898 3406 nascuntur
938 3363 1014 3404 ex
1059 3343 1234 3424 ipsis.
1282 3343 1423 3404 llaec
1468 3341 1578 3403 ibi.

442 3445 529 3506 De
573 3442 693 3504 hoc
742 3441 1024 3513 demum,
1062 3440 1231 3520 quod
1274 3440 1520 3501 daemon
1574 3439 1861 3520 peccavit

364 3543 473 3606 Dei
528 3539 1019 3604 similit-udinem
1076 3537 1427 3599 inordinate
1479 3538 1856 3618 appetendo,

364 3640 589 3703 scribit
632 3637 855 3701 eodem
908 3635 1046 3698 loco
1093 3653 1107 3697 :
1152 3635 1429 3715 Angelus
1479 3635 1617 3697 sine
1664 3634 1861 3696 dubio

364 3737 649 3821 peccavit
677 3734 1035 3817 appetendo
1065 3752 1203 3796 esse
1234 3741 1303 3794 ut
1342 3733 1525 3794 Deus
1559 3732 1735 3806 Quod
1768 3732 1859 3793 in-

364 3835 559 3915 telligi
596 3839 801 3915 potest
839 3831 1181 3914 dupliciter
1214 3849 1229 3893 :
1266 3831 1495 3912 prim0,
1528 3849 1643 3912 per
1671 3829 1861 3911 aequi-

364 3933 748 4014 parantiam3
770 3930 1058 4002 secundo,
1078 3949 1192 4011 per
1220 3929 1721 3992 similitudinem.
1743 3929 1863 3990 Pri-

368 4050 471 4093 mo
500 4030 690 4092 modo
723 4046 849 4090 non
880 4029 1086 4109 potuit
1116 4029 1236 4089 hoc
1266 4035 1483 4110 optare
1514 4045 1527 4088 :
1558 4027 1858 4108 quoniam

366 4129 549 4191 scivit
592 4126 863 4188 naturali
905 4125 1263 4206 cognitione
1304 4126 1421 4187 hoc
1462 4124 1860 4205 impossibile

1970 3150 2131 3223 nire,
2173 3149 2441 3232 appetiit
2489 3159 2558 3211 ut
2599 3149 2794 3212 fine-m
2851 3149 3151 3211 ultimum
3200 3149 3468 3211 beatitu-

1969 3247 2137 3310 dinis
2170 3267 2321 3321 suae,
2355 3255 2645 3309 avertens
2684 3247 3038 3328 appetitum
3079 3265 3266 3309 suum
3297 3265 3335 3307 a
3362 3267 3467 3309 su-

1972 3345 2358 3428 pernaturali
2397 3345 2812 3416 beatitudine,
2845 3364 2986 3427 quae
3025 3352 3121 3406 est
3157 3365 3234 3406 ex
3268 3344 3468 3426 gratia

1968 3443 2101 3505 Dei.
2146 3443 2257 3504 Vel
2306 3443 2359 3504 si
2397 3463 2536 3504 eam
2583 3449 2652 3504 ut
2693 3443 2992 3504 ultimum
3032 3443 3230 3505 finem
3278 3461 3468 3524 appe-

1969 3542 2091 3614 tiit,
2140 3548 2352 3602 tamen
2402 3541 2604 3603 voluit
2651 3560 2790 3602 eam
2849 3540 3189 3622 acquirere.
3230 3540 3464 3602 virtute

1969 3658 2099 3701 sum
2130 3645 2388 3710 natum,
2422 3656 2548 3701 non
2579 3658 2654 3700 ex
2695 3638 2803 3700 Dei
2834 3637 3094 3712 auxilio,
3124 3638 3306 3719 juxta
3343 3637 3466 3702 dis-

1971 3736 2351 3819 positionem
2400 3735 2600 3817 ipsius
2636 3753 2649 3797 :
2683 3737 2852 3816 quod
2897 3745 3200 3799 consonat
3239 3737 3463 3800 Ansel-

1969 3851 2097 3907 mo,
2157 3832 2393 3895 dicenti
2465 3833 2632 3914 quod
2694 3833 2962 3914 appetiit
3024 3834 3086 3895 id
3147 3834 3223 3895 ad
3292 3834 3462 3914 quod

1968 3932 2387 4015 pervenisset,
2439 3931 2492 3992 si
2550 3931 2846 3992 stetisset.
2905 3932 3156 4012 istaque
3214 3932 3341 3993 duo
3399 3932 3464 3992 in

1970 4031 2137 4093 idem
2190 4029 2658 4112 quodammodo
2705 4030 2992 4102 redeunt,
3038 4027 3191 4109 quia
3242 4047 3467 4089 secun-

1969 4129 2121 4190 dum
2172 4136 2518 4208 utrumque
2567 4127 2825 4187 modum
2879 4126 3146 4207 appetiit
3203 4125 3464 4187 finalem

368 4244 542 4305 esse3
592 4244 710 4288 nec
761 4224 1040 4306 primum
1091 4231 1300 4284 actum
1352 4223 1655 4304 peccandi
1710 4241 1861 4303 prae·
1892 4225 2432 4292 Dbeatitudinem
2483 4243 2594 4305 per
2641 4242 2820 4284 suam
2871 4222 3222 4284 naturalem
3271 4223 3468 4283 virtu-

370 4325 555 4387 cessit
600 4324 663 4385 in
710 4321 933 4404 angelo
972 4320 1227 4383 babitus
1265 4329 1373 4382 aut
1411 4321 1619 4402 passio
1659 4321 1860 4402 ligans

370 4421 856 4504 cognoscitivam
910 4418 1279 4502 potentiam,
1313 4419 1398 4482 ita
1449 4428 1512 4480 ut
1561 4421 1622 4480 in
1675 4420 1864 4501 parti-

368 4521 563 4584 culari
594 4520 864 4582 errando
901 4518 1161 4598 eligeret
1203 4517 1614 4598 impossibile.
1653 4519 1726 4580 Et
1759 4519 1863 4580 ‹la—

371 4630 429 4684 to
456 4620 627 4703 quod
660 4625 825 4681 esset
854 4616 1179 4699 possibile,
1211 4617 1417 4677 adbuc
1451 4625 1615 4679 esset
1644 4626 1861 4680 contra

366 4719 752 4782 desiderium
804 4715 1085 4778 naturale
1129 4733 1141 4776 ε
1185 4715 1538 4796 appetendo
1584 4735 1859 4798 namque

365 4816 766 4882 essentialem
794 4814 1063 4896 gradum
1101 4812 1344 4876 altioris
1380 4821 1635 4887 naturae,
1667 4835 1857 4897 appe-

364 4918 541 4980 tisset
587 4935 656 4978 se
706 4933 833 4978 non
892 4934 1049 4977 esse.
1103 4913 1554 4974 Verumtamen
1615 4914 1677 4975 in
1736 4915 1858 4976 hoc

366 5013 733 5097 imaginatio
772 5011 1031 5074 fallitur.
1068 5011 1219 5073 Nam
1256 5010 1409 5092 quia
1448 5010 1633 5072 homo
1666 5031 1855 5094 appe-

364 5114 438 5175 tit
475 5131 615 5176 esse
650 5112 715 5175 in
753 5109 960 5173 altiori
1000 5110 1197 5191 gradu
1240 5117 1552 5190 quantum
1584 5111 1660 5170 ad
1698 5111 1857 5172 acci-

366 5211 640 5274 dentalia
676 5210 912 5291 aliqua,
946 5229 1087 5291 quae
1127 5227 1411 5270 crescere
1450 5215 1689 5288 queunt
1716 5208 1858 5270 abs-

368 5329 487 5393 que
526 5307 933 5392 corruptione
974 5305 1270 5386 subjecti,
1303 5305 1653 5368 aestimatur
1688 5307 1855 5390 quod

1971 4332 2097 4386 tem
2132 4323 2364 4386 habere
2387 4341 2399 4384 :
2420 4322 2584 4404 quod
2616 4328 2712 4382 est
2743 4321 3067 4402 proprium
3099 4320 3472 4394 Dei.0uum·

1970 4441 2093 4504 que
2128 4422 2187 4483 id
2222 4422 2390 4502 quod
2422 4428 2516 4482 est
2550 4439 2660 4501 per
2691 4439 2779 4492 se,
2799 4418 2879 4480 sit
2912 4437 3100 4480 causa
3128 4418 3268 4499 ejus
3299 4420 3468 4499 quod

1970 4528 2065 4581 est
2114 4539 2226 4600 per
2271 4519 2482 4596 aliud3
2517 4519 2752 4580 idcirco
2795 4535 2871 4578 cx
2921 4516 3039 4577 hoc
3087 4516 3280 4577 etiam
3323 4535 3468 4578 con-

1969 4625 2261 4680 secutum
2323 4625 2416 4678 est
2476 4617 2644 4697 quod
2703 4614 2971 4696 appetiit
3031 4613 3461 4696 principatum

1970 4716 2308 4798 quemdam
2344 4733 2536 4796 super
2563 4713 2686 4775 alia
2720 4731 2733 4774 :
2769 4713 2834 4773 in
2871 4729 3000 4794 quo
3031 4712 3222 4773 etiam
3257 4712 3461 4774 voluit

1967 4817 2095 4878 Deo
2155 4813 2507 4876 inordinate
2565 4810 2921 4874 assimilari.
2984 4810 3128 4872 Haec
3186 4810 3457 4874 Thomas

1966 4913 2228 4976 ibidem.

2039 5012 2304 5072 Videtur
2331 5016 2538 5072 autem
2572 5015 2828 5071 sanctus
2857 5009 3086 5071 Doctor
3117 5007 3180 5069 in
3213 5007 3461 5090 Scripto

1965 5109 2304 5192 reprobare
2345 5109 2511 5189 quod
2546 5108 2607 5170 in
2651 5107 2915 5170 Summa
2945 5112 3163 5169 contra
3192 5107 3462 5186 gentiles

1964 5207 2271 5278 affirmat,
2321 5204 2638 5278 vide-licet,
2690 5204 2859 5286 quod
2914 5203 3204 5267 diabolus
3260 5204 3465 5267 voluit

1966 5305 2126 5370 nulli
2177 5302 2456 5367 subesse.
2491 5302 2665 5377 Quod
2715 5310 2926 5366 tamen
2975 5301 3315 5386 dupliciter
3357 5321 3464 5388 po-
