<?xml version="1.0" encoding="UTF-8"?>
<!DOCTYPE html PUBLIC "-//W3C//DTD XHTML 1.0 Transitional//EN"
    "http://www.w3.org/TR/xhtml1/DTD/xhtml1-transitional.dtd">
<html xmlns="http://www.w3.org/1999/xhtml" xml:lang="en" lang="en">
 <head>
  <title>
</title>
<meta http-equiv="Content-Type" content="text/html;charset=utf-8" />
  <meta name='ocr-system' content='tesseract 3.04.00' />
  <meta name='ocr-capabilities' content='ocr_page ocr_carea ocr_par ocr_line ocrx_word'/>
</head>
<body>
  <div class='ocr_page' id='page_1' title='image "./doctorisecstati01denigoog_0574.png"; bbox 0 0 4334 6242; ppageno 0'>
   <div class='ocr_carea' id='block_1_1' title="bbox 833 491 955 560">
    <p class='ocr_par' dir='ltr' id='par_1_1' title="bbox 833 491 955 560">
     <span class='ocr_line' id='line_1_1' title="bbox 833 491 955 560; baseline 0 0"><span class='ocrx_word' id='word_1_1' title='bbox 833 491 955 560; x_wconf 73' lang='lat'>532</span> 
     </span>
    </p>
   </div>
   <div class='ocr_carea' id='block_1_2' title="bbox 1524 509 3263 575">
    <p class='ocr_par' dir='ltr' id='par_1_2' title="bbox 1524 509 3263 575">
     <span class='ocr_line' id='line_1_2' title="bbox 1524 509 3263 575; baseline -0.002 -15"><span class='ocrx_word' id='word_1_2' title='bbox 1524 511 1588 560; x_wconf 79' lang='lat' dir='ltr'>IN</span> <span class='ocrx_word' id='word_1_3' title='bbox 1629 513 1851 560; x_wconf 77' lang='lat' dir='ltr'><strong>LIBRUM</strong></span> <span class='ocrx_word' id='word_1_4' title='bbox 1893 509 1936 558; x_wconf 89' lang='lat'>11</span> <span class='ocrx_word' id='word_1_5' title='bbox 1979 509 2461 560; x_wconf 71' lang='lat' dir='ltr'>SENTENTIARUM.</span> <span class='ocrx_word' id='word_1_6' title='bbox 2507 531 2589 541; x_wconf 92' lang='grc'>--</span> <span class='ocrx_word' id='word_1_7' title='bbox 2630 511 2782 560; x_wconf 79' lang='lat' dir='ltr'>msr.</span> <span class='ocrx_word' id='word_1_8' title='bbox 2826 509 2907 575; x_wconf 68' lang='lat' dir='ltr'>X3</span> <span class='ocrx_word' id='word_1_9' title='bbox 2947 509 3175 568; x_wconf 74' lang='lat' dir='ltr'>QUAEST.</span> <span class='ocrx_word' id='word_1_10' title='bbox 3220 509 3263 557; x_wconf 80' lang='lat'>11</span> 
     </span>
    </p>
   </div>
   <div class='ocr_carea' id='block_1_3' title="bbox 833 678 4267 766">
    <p class='ocr_par' dir='ltr' id='par_1_3' title="bbox 833 678 4267 766">
     <span class='ocr_line' id='line_1_3' title="bbox 833 678 4267 766; baseline -0.003 -21"><span class='ocrx_word' id='word_1_11' title='bbox 833 683 1348 766; x_wconf 85' lang='lat' dir='ltr'>Uniuscujusque</span> <span class='ocrx_word' id='word_1_12' title='bbox 1389 690 1668 744; x_wconf 91' lang='lat' dir='ltr'>mentem</span> <span class='ocrx_word' id='word_1_13' title='bbox 1708 682 1787 744; x_wconf 88' lang='lat' dir='ltr'>ab</span> <span class='ocrx_word' id='word_1_14' title='bbox 1825 682 2086 745; x_wconf 89' lang='lat' dir='ltr'>alterius</span> <span class='ocrx_word' id='word_1_15' title='bbox 2127 681 2331 744; x_wconf 91' lang='lat' dir='ltr'>oculis</span> <span class='ocrx_word' id='word_1_16' title='bbox 2360 681 2411 744; x_wconf 87' lang='grc' dir='ltr'><strong>Α</strong></span> <span class='ocrx_word' id='word_1_17' title='bbox 2442 688 2501 742; x_wconf 90' lang='lat' dir='ltr'>ta</span> <span class='ocrx_word' id='word_1_18' title='bbox 2539 699 2667 744; x_wconf 91' lang='lat' dir='ltr'>non</span> <span class='ocrx_word' id='word_1_19' title='bbox 2706 681 2947 743; x_wconf 85' lang='lat' dir='ltr'>diceret</span> <span class='ocrx_word' id='word_1_20' title='bbox 2980 699 2993 742; x_wconf 91' lang='lat'>:</span> <span class='ocrx_word' id='word_1_21' title='bbox 3028 680 3428 743; x_wconf 86' lang='lat' dir='ltr'>Desiderium</span> <span class='ocrx_word' id='word_1_22' title='bbox 3472 678 3681 742; x_wconf 85' lang='lat' dir='ltr'>cordis</span> <span class='ocrx_word' id='word_1_23' title='bbox 3718 695 3947 741; x_wconf 89' lang='lat' dir='ltr'>eorum</span> <span class='ocrx_word' id='word_1_24' title='bbox 4013 696 4105 738; x_wconf 68' lang='lat'>1³2.</span> <span class='ocrx_word' id='word_1_25' title='bbox 4128 709 4175 744; x_wconf 74' lang='lat' dir='ltr'>x,</span> <span class='ocrx_word' id='word_1_26' title='bbox 4200 698 4267 744; x_wconf 75' lang='grc' dir='ltr'>ιτ,</span> 
     </span>
    </p>
   </div>
   <div class='ocr_carea' id='block_1_4' title="bbox 805 779 2336 1845">
    <p class='ocr_par' dir='ltr' id='par_1_4' title="bbox 805 779 2336 1845">
     <span class='ocr_line' id='line_1_4' title="bbox 831 779 2333 864; baseline -0.002 -21"><span class='ocrx_word' id='word_1_27' title='bbox 831 781 1223 864; x_wconf 83' lang='lat' dir='ltr'>corpulentia</span> <span class='ocrx_word' id='word_1_28' title='bbox 1251 799 1377 843; x_wconf 90' lang='lat' dir='ltr'>non</span> <span class='ocrx_word' id='word_1_29' title='bbox 1407 780 1768 843; x_wconf 84' lang='lat' dir='ltr'>abscondet.</span> <span class='ocrx_word' id='word_1_30' title='bbox 1786 781 2130 862; x_wconf 90' lang='lat' dir='ltr'>Corporum</span> <span class='ocrx_word' id='word_1_31' title='bbox 2163 779 2333 842; x_wconf 91' lang='lat' dir='ltr'>enim</span> 
     </span>
     <span class='ocr_line' id='line_1_5' title="bbox 829 878 2333 961; baseline -0.003 -19"><span class='ocrx_word' id='word_1_32' title='bbox 829 880 1333 961; x_wconf 83' lang='lat' dir='ltr'><strong>glorificatorum</strong></span> <span class='ocrx_word' id='word_1_33' title='bbox 1393 886 1564 942; x_wconf 90' lang='lat' dir='ltr'>tanta</span> <span class='ocrx_word' id='word_1_34' title='bbox 1618 879 2028 942; x_wconf 82' lang='lat' dir='ltr'><strong>conformitas</strong></span> <span class='ocrx_word' id='word_1_35' title='bbox 2079 880 2200 941; x_wconf 87' lang='lat' dir='ltr'>erit</span> <span class='ocrx_word' id='word_1_36' title='bbox 2253 878 2333 939; x_wconf 92' lang='lat' dir='ltr'>ad</span> 
     </span>
     <span class='ocr_line' id='line_1_6' title="bbox 831 976 2333 1060; baseline -0.001 -21"><span class='ocrx_word' id='word_1_37' title='bbox 831 978 1154 1060; x_wconf 87' lang='lat' dir='ltr'>spiritum,</span> <span class='ocrx_word' id='word_1_38' title='bbox 1201 979 1373 1060; x_wconf 92' lang='lat' dir='ltr'>quod</span> <span class='ocrx_word' id='word_1_39' title='bbox 1419 979 1499 1040; x_wconf 91' lang='lat' dir='ltr'>ad</span> <span class='ocrx_word' id='word_1_40' title='bbox 1546 977 1818 1041; x_wconf 83' lang='lat' dir='ltr'>affectus</span> <span class='ocrx_word' id='word_1_41' title='bbox 1869 978 1978 1060; x_wconf 92' lang='lat' dir='ltr'>qui</span> <span class='ocrx_word' id='word_1_42' title='bbox 2028 984 2217 1040; x_wconf 90' lang='lat' dir='ltr'>erunt</span> <span class='ocrx_word' id='word_1_43' title='bbox 2266 976 2333 1038; x_wconf 90' lang='lat' dir='ltr'>in</span> 
     </span>
     <span class='ocr_line' id='line_1_7' title="bbox 831 1076 2336 1159; baseline 0 -21"><span class='ocrx_word' id='word_1_44' title='bbox 831 1076 1188 1159; x_wconf 85' lang='lat' dir='ltr'>spiritibuS,</span> <span class='ocrx_word' id='word_1_45' title='bbox 1223 1085 1570 1159; x_wconf 89' lang='lat' dir='ltr'>sequentur</span> <span class='ocrx_word' id='word_1_46' title='bbox 1606 1077 1866 1159; x_wconf 92' lang='lat' dir='ltr'>quidam</span> <span class='ocrx_word' id='word_1_47' title='bbox 1907 1085 2100 1139; x_wconf 90' lang='lat' dir='ltr'>nutus</span> <span class='ocrx_word' id='word_1_48' title='bbox 2139 1077 2206 1138; x_wconf 92' lang='lat' dir='ltr'>in</span> <span class='ocrx_word' id='word_1_49' title='bbox 2236 1094 2336 1138; x_wconf 91' lang='lat' dir='ltr'>eo-</span> 
     </span>
     <span class='ocr_line' id='line_1_8' title="bbox 831 1173 2333 1258; baseline -0.001 -21"><span class='ocrx_word' id='word_1_50' title='bbox 831 1194 974 1237; x_wconf 91' lang='lat' dir='ltr'>rum</span> <span class='ocrx_word' id='word_1_51' title='bbox 1035 1175 1432 1257; x_wconf 81' lang='lat' dir='ltr'>corporibuS,</span> <span class='ocrx_word' id='word_1_52' title='bbox 1484 1176 1549 1237; x_wconf 93' lang='lat' dir='ltr'>in</span> <span class='ocrx_word' id='word_1_53' title='bbox 1599 1173 1835 1257; x_wconf 91' lang='lat' dir='ltr'>quibus</span> <span class='ocrx_word' id='word_1_54' title='bbox 1894 1183 2195 1258; x_wconf 86' lang='lat' dir='ltr'>poterunt</span> <span class='ocrx_word' id='word_1_55' title='bbox 2242 1174 2333 1236; x_wconf 92' lang='lat' dir='ltr'>di-</span> 
     </span>
     <span class='ocr_line' id='line_1_9' title="bbox 830 1273 2336 1356; baseline -0.001 -21"><span class='ocrx_word' id='word_1_56' title='bbox 830 1274 1048 1355; x_wconf 88' lang='lat' dir='ltr'>gnosci</span> <span class='ocrx_word' id='word_1_57' title='bbox 1098 1275 1221 1356; x_wconf 89' lang='lat' dir='ltr'>ipsi</span> <span class='ocrx_word' id='word_1_58' title='bbox 1265 1273 1538 1337; x_wconf 84' lang='lat' dir='ltr'>affectus</span> <span class='ocrx_word' id='word_1_59' title='bbox 1586 1275 1649 1336; x_wconf 93' lang='lat' dir='ltr'>in</span> <span class='ocrx_word' id='word_1_60' title='bbox 1695 1274 1822 1336; x_wconf 91' lang='lat' dir='ltr'>illis</span> <span class='ocrx_word' id='word_1_61' title='bbox 1867 1274 2131 1335; x_wconf 89' lang='lat' dir='ltr'>nutibus</span> <span class='ocrx_word' id='word_1_62' title='bbox 2173 1273 2336 1334; x_wconf 91' lang='lat' dir='ltr'>relu-</span> 
     </span>
     <span class='ocr_line' id='line_1_10' title="bbox 830 1370 2334 1434; baseline -0.001 -2"><span class='ocrx_word' id='word_1_63' title='bbox 830 1377 1064 1433; x_wconf 83' lang='lat' dir='ltr'>centeS.</span> <span class='ocrx_word' id='word_1_64' title='bbox 1101 1371 1408 1434; x_wconf 83' lang='lat' dir='ltr'>Similiter</span> <span class='ocrx_word' id='word_1_65' title='bbox 1455 1372 1730 1434; x_wconf 84' lang='lat' dir='ltr'>dicimus</span> <span class='ocrx_word' id='word_1_66' title='bbox 1777 1391 1914 1434; x_wconf 92' lang='lat' dir='ltr'>esse</span> <span class='ocrx_word' id='word_1_67' title='bbox 1965 1370 2334 1434; x_wconf 84' lang='lat' dir='ltr'>manifestas</span> 
     </span>
     <span class='ocr_line' id='line_1_11' title="bbox 805 1469 2335 1550; baseline -0.001 -18"><span class='ocrx_word' id='word_1_68' title='bbox 805 1470 1200 1550; x_wconf 80' lang='lat' dir='ltr'>,angelorum</span> <span class='ocrx_word' id='word_1_69' title='bbox 1241 1470 1662 1533; x_wconf 82' lang='lat' dir='ltr'>conscientias</span> <span class='ocrx_word' id='word_1_70' title='bbox 1703 1471 1768 1531; x_wconf 91' lang='lat' dir='ltr'>in</span> <span class='ocrx_word' id='word_1_71' title='bbox 1808 1471 2084 1532; x_wconf 86' lang='lat' dir='ltr'>invicem</span> <span class='ocrx_word' id='word_1_72' title='bbox 2126 1469 2335 1550; x_wconf 92' lang='lat' dir='ltr'>quoad</span> 
     </span>
     <span class='ocr_line' id='line_1_12' title="bbox 831 1566 2336 1648; baseline -0.001 -20"><span class='ocrx_word' id='word_1_73' title='bbox 831 1567 1260 1648; x_wconf 86' lang='lat' dir='ltr'>cognitionem</span> <span class='ocrx_word' id='word_1_74' title='bbox 1311 1587 1503 1648; x_wconf 91' lang='lat' dir='ltr'>quam</span> <span class='ocrx_word' id='word_1_75' title='bbox 1549 1567 1787 1630; x_wconf 87' lang='lat' dir='ltr'>habent</span> <span class='ocrx_word' id='word_1_76' title='bbox 1835 1568 1901 1629; x_wconf 92' lang='lat' dir='ltr'>in</span> <span class='ocrx_word' id='word_1_77' title='bbox 1952 1567 2176 1630; x_wconf 91' lang='lat' dir='ltr'>Verbo.</span> <span class='ocrx_word' id='word_1_78' title='bbox 2214 1566 2336 1628; x_wconf 92' lang='lat' dir='ltr'>Sed</span> 
     </span>
     <span class='ocr_line' id='line_1_13' title="bbox 829 1664 2334 1748; baseline 0 -22"><span class='ocrx_word' id='word_1_79' title='bbox 829 1665 950 1727; x_wconf 91' lang='lat' dir='ltr'>hoc</span> <span class='ocrx_word' id='word_1_80' title='bbox 981 1683 1110 1728; x_wconf 90' lang='lat' dir='ltr'>non</span> <span class='ocrx_word' id='word_1_81' title='bbox 1150 1673 1246 1728; x_wconf 89' lang='lat' dir='ltr'>est</span> <span class='ocrx_word' id='word_1_82' title='bbox 1286 1684 1364 1727; x_wconf 85' lang='lat' dir='ltr'>ex</span> <span class='ocrx_word' id='word_1_83' title='bbox 1404 1674 1630 1728; x_wconf 89' lang='lat' dir='ltr'>natura</span> <span class='ocrx_word' id='word_1_84' title='bbox 1662 1667 1920 1748; x_wconf 91' lang='lat' dir='ltr'>propria</span> <span class='ocrx_word' id='word_1_85' title='bbox 1958 1664 2189 1745; x_wconf 86' lang='lat' dir='ltr'>angeli,</span> <span class='ocrx_word' id='word_1_86' title='bbox 2223 1664 2334 1726; x_wconf 89' lang='lat' dir='ltr'>sed</span> 
     </span>
     <span class='ocr_line' id='line_1_14' title="bbox 828 1762 2333 1845; baseline 0.001 -22"><span class='ocrx_word' id='word_1_87' title='bbox 828 1762 1039 1825; x_wconf 89' lang='lat' dir='ltr'>Verbi.</span> <span class='ocrx_word' id='word_1_88' title='bbox 1077 1764 1250 1827; x_wconf 83' lang='lat' dir='ltr'><strong>Unde</strong></span> <span class='ocrx_word' id='word_1_89' title='bbox 1283 1764 1402 1826; x_wconf 93' lang='lat' dir='ltr'>hoc</span> <span class='ocrx_word' id='word_1_90' title='bbox 1433 1765 1635 1845; x_wconf 89' lang='lat' dir='ltr'>magis</span> <span class='ocrx_word' id='word_1_91' title='bbox 1673 1773 1770 1826; x_wconf 92' lang='lat' dir='ltr'>est</span> <span class='ocrx_word' id='word_1_92' title='bbox 1800 1783 1876 1826; x_wconf 84' lang='lat' dir='ltr'>ex</span> <span class='ocrx_word' id='word_1_93' title='bbox 1909 1765 2110 1844; x_wconf 88' lang='lat' dir='ltr'>gratia</span> <span class='ocrx_word' id='word_1_94' title='bbox 2139 1781 2333 1845; x_wconf 88' lang='lat' dir='ltr'>quam</span> 
     </span>
    </p>
   </div>
   <div class='ocr_carea' id='block_1_5' title="bbox 2440 777 3955 1846">
    <p class='ocr_par' dir='ltr' id='par_1_5' title="bbox 2440 777 3955 1846">
     <span class='ocr_line' id='line_1_15' title="bbox 2440 777 3950 843; baseline -0.001 -2"><span class='ocrx_word' id='word_1_95' title='bbox 2440 780 2685 842; x_wconf 87' lang='lat' dir='ltr'>audivit</span> <span class='ocrx_word' id='word_1_96' title='bbox 2733 780 2903 842; x_wconf 90' lang='lat' dir='ltr'>auris</span> <span class='ocrx_word' id='word_1_97' title='bbox 2952 787 3080 842; x_wconf 89' lang='lat' dir='ltr'>tua.</span> <span class='ocrx_word' id='word_1_98' title='bbox 3135 778 3443 843; x_wconf 89' lang='lat' dir='ltr'>Similiter</span> <span class='ocrx_word' id='word_1_99' title='bbox 3494 779 3574 840; x_wconf 90' lang='lat' dir='ltr'>de</span> <span class='ocrx_word' id='word_1_100' title='bbox 3624 777 3950 841; x_wconf 87' lang='lat' dir='ltr'>locutione</span> 
     </span>
     <span class='ocr_line' id='line_1_16' title="bbox 2441 875 3949 959; baseline -0.001 -19"><span class='ocrx_word' id='word_1_101' title='bbox 2441 879 2648 959; x_wconf 80' lang='lat' dir='ltr'>angeli</span> <span class='ocrx_word' id='word_1_102' title='bbox 2694 879 2844 941; x_wconf 90' lang='lat' dir='ltr'>mali</span> <span class='ocrx_word' id='word_1_103' title='bbox 2881 886 3149 941; x_wconf 89' lang='lat' dir='ltr'>testatur</span> <span class='ocrx_word' id='word_1_104' title='bbox 3189 877 3525 959; x_wconf 85' lang='lat' dir='ltr'>Gregorius</span> <span class='ocrx_word' id='word_1_105' title='bbox 3560 894 3574 938; x_wconf 93' lang='lat'><strong>:</strong></span> <span class='ocrx_word' id='word_1_106' title='bbox 3606 875 3949 939; x_wconf 81' lang='lat' dir='ltr'>Diabolum</span> 
     </span>
     <span class='ocr_line' id='line_1_17' title="bbox 2444 975 3950 1059; baseline -0.001 -21"><span class='ocrx_word' id='word_1_107' title='bbox 2444 977 2620 1058; x_wconf 89' lang='lat' dir='ltr'>loqui</span> <span class='ocrx_word' id='word_1_108' title='bbox 2647 977 2727 1038; x_wconf 92' lang='lat' dir='ltr'>ad</span> <span class='ocrx_word' id='word_1_109' title='bbox 2768 978 2991 1051; x_wconf 89' lang='lat' dir='ltr'>Deum,</span> <span class='ocrx_word' id='word_1_110' title='bbox 3025 984 3121 1039; x_wconf 89' lang='lat' dir='ltr'>est</span> <span class='ocrx_word' id='word_1_111' title='bbox 3158 976 3454 1059; x_wconf 88' lang='lat' dir='ltr'>potestati</span> <span class='ocrx_word' id='word_1_112' title='bbox 3490 975 3840 1056; x_wconf 86' lang='lat' dir='ltr'>majestatis</span> <span class='ocrx_word' id='word_1_113' title='bbox 3868 993 3950 1037; x_wconf 89' lang='lat' dir='ltr'>ac</span> 
     </span>
     <span class='ocr_line' id='line_1_18' title="bbox 2444 1073 3952 1158; baseline -0.001 -21"><span class='ocrx_word' id='word_1_114' title='bbox 2444 1076 2771 1158; x_wconf 83' lang='lat' dir='ltr'>sapientiae</span> <span class='ocrx_word' id='word_1_115' title='bbox 2800 1075 2941 1157; x_wconf 87' lang='lat' dir='ltr'>ejus</span> <span class='ocrx_word' id='word_1_116' title='bbox 2980 1075 3072 1137; x_wconf 92' lang='lat' dir='ltr'>nil</span> <span class='ocrx_word' id='word_1_117' title='bbox 3102 1093 3289 1158; x_wconf 90' lang='lat' dir='ltr'>posse</span> <span class='ocrx_word' id='word_1_118' title='bbox 3320 1073 3543 1137; x_wconf 92' lang='lat' dir='ltr'>celare.</span> <span class='ocrx_word' id='word_1_119' title='bbox 3580 1074 3739 1136; x_wconf 88' lang='lat' dir='ltr'>Hinc</span> <span class='ocrx_word' id='word_1_120' title='bbox 3774 1073 3952 1135; x_wconf 91' lang='lat' dir='ltr'>locu-</span> 
     </span>
     <span class='ocr_line' id='line_1_19' title="bbox 2444 1171 3951 1256; baseline -0.003 -19"><span class='ocrx_word' id='word_1_121' title='bbox 2444 1176 2533 1237; x_wconf 87' lang='lat' dir='ltr'>tio</span> <span class='ocrx_word' id='word_1_122' title='bbox 2580 1174 2788 1256; x_wconf 92' lang='lat' dir='ltr'>angeli</span> <span class='ocrx_word' id='word_1_123' title='bbox 2848 1193 2975 1236; x_wconf 92' lang='lat' dir='ltr'>non</span> <span class='ocrx_word' id='word_1_124' title='bbox 3030 1173 3203 1236; x_wconf 92' lang='lat' dir='ltr'>aliud</span> <span class='ocrx_word' id='word_1_125' title='bbox 3252 1181 3349 1236; x_wconf 87' lang='lat' dir='ltr'>est</span> <span class='ocrx_word' id='word_1_126' title='bbox 3399 1192 3592 1256; x_wconf 92' lang='lat' dir='ltr'>quam</span> <span class='ocrx_word' id='word_1_127' title='bbox 3647 1171 3951 1254; x_wconf 82' lang='lat' dir='ltr'>cogitatio</span> 
     </span>
     <span class='ocr_line' id='line_1_20' title="bbox 2445 1272 3949 1355; baseline -0.003 -20"><span class='ocrx_word' id='word_1_128' title='bbox 2445 1291 2558 1335; x_wconf 91' lang='lat' dir='ltr'>seu</span> <span class='ocrx_word' id='word_1_129' title='bbox 2598 1272 2987 1335; x_wconf 90' lang='lat' dir='ltr'>desiderium</span> <span class='ocrx_word' id='word_1_130' title='bbox 3028 1272 3168 1353; x_wconf 89' lang='lat' dir='ltr'>ejus</span> <span class='ocrx_word' id='word_1_131' title='bbox 3202 1291 3575 1355; x_wconf 85' lang='lat' dir='ltr'>expressum</span> <span class='ocrx_word' id='word_1_132' title='bbox 3602 1289 3619 1350; x_wconf 91' lang='lat'>;</span> <span class='ocrx_word' id='word_1_133' title='bbox 3650 1279 3949 1352; x_wconf 90' lang='lat' dir='ltr'>respectu</span> 
     </span>
     <span class='ocr_line' id='line_1_21' title="bbox 2444 1369 3951 1452; baseline -0.002 -19"><span class='ocrx_word' id='word_1_134' title='bbox 2444 1379 2658 1434; x_wconf 91' lang='lat' dir='ltr'>autem</span> <span class='ocrx_word' id='word_1_135' title='bbox 2688 1372 2950 1433; x_wconf 91' lang='lat' dir='ltr'>alterius</span> <span class='ocrx_word' id='word_1_136' title='bbox 2981 1370 3187 1452; x_wconf 83' lang='lat' dir='ltr'>angeli</span> <span class='ocrx_word' id='word_1_137' title='bbox 3219 1377 3329 1432; x_wconf 91' lang='lat' dir='ltr'>aut</span> <span class='ocrx_word' id='word_1_138' title='bbox 3367 1371 3621 1444; x_wconf 86' lang='lat' dir='ltr'>animae,</span> <span class='ocrx_word' id='word_1_139' title='bbox 3656 1376 3750 1431; x_wconf 89' lang='lat' dir='ltr'>est</span> <span class='ocrx_word' id='word_1_140' title='bbox 3781 1369 3951 1431; x_wconf 91' lang='lat' dir='ltr'>indi-</span> 
     </span>
     <span class='ocr_line' id='line_1_22' title="bbox 2444 1469 3951 1556; baseline -0.001 -24"><span class='ocrx_word' id='word_1_141' title='bbox 2444 1471 2609 1534; x_wconf 91' lang='lat' dir='ltr'>catio</span> <span class='ocrx_word' id='word_1_142' title='bbox 2638 1469 2869 1533; x_wconf 91' lang='lat' dir='ltr'>horum</span> <span class='ocrx_word' id='word_1_143' title='bbox 2900 1478 2970 1556; x_wconf 77' lang='lat' dir='ltr'>ut</span> <span class='ocrx_word' id='word_1_144' title='bbox 3000 1477 3459 1552; x_wconf 87' lang='lat' dir='ltr'>cognoscantur</span> <span class='ocrx_word' id='word_1_145' title='bbox 3488 1469 3568 1532; x_wconf 90' lang='lat' dir='ltr'>ab</span> <span class='ocrx_word' id='word_1_146' title='bbox 3599 1469 3748 1530; x_wconf 88' lang='lat' dir='ltr'>illis.</span> <span class='ocrx_word' id='word_1_147' title='bbox 3768 1469 3951 1532; x_wconf 88' lang='lat' dir='ltr'>Unde</span> 
     </span>
     <span class='ocr_line' id='line_1_23' title="bbox 2444 1567 3947 1650; baseline -0.001 -20"><span class='ocrx_word' id='word_1_148' title='bbox 2444 1577 2507 1632; x_wconf 83' lang='lat' dir='ltr'>et</span> <span class='ocrx_word' id='word_1_149' title='bbox 2535 1568 2929 1650; x_wconf 88' lang='lat' dir='ltr'>Augustinus</span> <span class='ocrx_word' id='word_1_150' title='bbox 2960 1568 3125 1630; x_wconf 90' lang='lat' dir='ltr'>libro</span> <span class='ocrx_word' id='word_1_151' title='bbox 3165 1569 3241 1629; x_wconf 94' lang='lat' dir='ltr'>de</span> <span class='ocrx_word' id='word_1_152' title='bbox 3272 1567 3575 1630; x_wconf 88' lang='lat' dir='ltr'>Trinitate</span> <span class='ocrx_word' id='word_1_153' title='bbox 3610 1567 3897 1629; x_wconf 84' lang='lat' dir='ltr'>affirmat</span> <span class='ocrx_word' id='word_1_154' title='bbox 3932 1583 3947 1628; x_wconf 92' lang='lat'><strong>:</strong></span> 
     </span>
     <span class='ocr_line' id='line_1_24' title="bbox 2443 1666 3955 1748; baseline -0.002 -19"><span class='ocrx_word' id='word_1_155' title='bbox 2443 1668 2733 1729; x_wconf 88' lang='lat' dir='ltr'>Formata</span> <span class='ocrx_word' id='word_1_156' title='bbox 2772 1666 3071 1747; x_wconf 86' lang='lat' dir='ltr'>cogitatio</span> <span class='ocrx_word' id='word_1_157' title='bbox 3109 1666 3186 1728; x_wconf 92' lang='lat' dir='ltr'>de</span> <span class='ocrx_word' id='word_1_158' title='bbox 3228 1686 3293 1728; x_wconf 92' lang='lat' dir='ltr'>re</span> <span class='ocrx_word' id='word_1_159' title='bbox 3324 1685 3516 1748; x_wconf 89' lang='lat' dir='ltr'>quam</span> <span class='ocrx_word' id='word_1_160' title='bbox 3556 1666 3818 1741; x_wconf 80' lang='lat' dir='ltr'>scimuS,</span> <span class='ocrx_word' id='word_1_161' title='bbox 3848 1671 3955 1727; x_wconf 89' lang='lat' dir='ltr'>est</span> 
     </span>
     <span class='ocr_line' id='line_1_25' title="bbox 2445 1764 3606 1846; baseline -0.002 -19"><span class='ocrx_word' id='word_1_162' title='bbox 2445 1765 2713 1828; x_wconf 89' lang='lat' dir='ltr'>verbum</span> <span class='ocrx_word' id='word_1_163' title='bbox 2757 1764 2927 1846; x_wconf 94' lang='lat' dir='ltr'>quod</span> <span class='ocrx_word' id='word_1_164' title='bbox 2970 1764 3159 1827; x_wconf 89' lang='lat' dir='ltr'>corde</span> <span class='ocrx_word' id='word_1_165' title='bbox 3201 1764 3606 1846; x_wconf 62' lang='lat' dir='ltr'>proferimus</span> 
     </span>
    </p>
   </div>
   <div class='ocr_carea' id='block_1_6' title="bbox 829 1861 3953 1944">
    <p class='ocr_par' dir='ltr' id='par_1_6' title="bbox 829 1861 3953 1944">
     <span class='ocr_line' id='line_1_26' title="bbox 829 1861 3953 1944; baseline 0 -21"><span class='ocrx_word' id='word_1_166' title='bbox 829 1881 907 1923; x_wconf 89' lang='lat' dir='ltr'>ex</span> <span class='ocrx_word' id='word_1_167' title='bbox 956 1871 1198 1924; x_wconf 90' lang='lat' dir='ltr'>natura.</span> <span class='ocrx_word' id='word_1_168' title='bbox 1251 1863 1378 1924; x_wconf 92' lang='lat' dir='ltr'>Nec</span> <span class='ocrx_word' id='word_1_169' title='bbox 1428 1862 1572 1924; x_wconf 92' lang='lat' dir='ltr'>ideo</span> <span class='ocrx_word' id='word_1_170' title='bbox 1619 1869 1714 1924; x_wconf 90' lang='lat' dir='ltr'>est</span> <span class='ocrx_word' id='word_1_171' title='bbox 1761 1863 2124 1942; x_wconf 91' lang='lat' dir='ltr'>negandum</span> <span class='ocrx_word' id='word_1_172' title='bbox 2175 1861 2333 1942; x_wconf 88' lang='lat' dir='ltr'>quin</span> <span class='ocrx_word' id='word_1_173' title='bbox 2368 1865 2417 1927; x_wconf 92' lang='lat' dir='ltr'>B</span> <span class='ocrx_word' id='word_1_174' title='bbox 2526 1864 2735 1927; x_wconf 90' lang='lat' dir='ltr'>Tertio</span> <span class='ocrx_word' id='word_1_175' title='bbox 2775 1863 3023 1944; x_wconf 86' lang='lat' dir='ltr'>quaerit,</span> <span class='ocrx_word' id='word_1_176' title='bbox 3057 1883 3137 1925; x_wconf 90' lang='lat' dir='ltr'>an</span> <span class='ocrx_word' id='word_1_177' title='bbox 3176 1882 3303 1924; x_wconf 90' lang='lat' dir='ltr'>una</span> <span class='ocrx_word' id='word_1_178' title='bbox 3340 1863 3422 1924; x_wconf 91' lang='lat' dir='ltr'>sit</span> <span class='ocrx_word' id='word_1_179' title='bbox 3461 1862 3696 1926; x_wconf 91' lang='lat' dir='ltr'>locutio</span> <span class='ocrx_word' id='word_1_180' title='bbox 3736 1861 3845 1924; x_wconf 90' lang='lat' dir='ltr'>Dei</span> <span class='ocrx_word' id='word_1_181' title='bbox 3883 1870 3953 1923; x_wconf 91' lang='lat' dir='ltr'>et</span> 
     </span>
    </p>
   </div>
   <div class='ocr_carea' id='block_1_7' title="bbox 828 1959 2337 3010">
    <p class='ocr_par' dir='ltr' id='par_1_7' title="bbox 828 1959 2337 3010">
     <span class='ocr_line' id='line_1_27' title="bbox 829 1959 2334 2042; baseline -0.001 -20"><span class='ocrx_word' id='word_1_182' title='bbox 829 1959 939 2022; x_wconf 88' lang='lat' dir='ltr'>alii</span> <span class='ocrx_word' id='word_1_183' title='bbox 987 1961 1130 2022; x_wconf 91' lang='lat' dir='ltr'>aliis</span> <span class='ocrx_word' id='word_1_184' title='bbox 1179 1960 1365 2042; x_wconf 90' lang='lat' dir='ltr'>plura</span> <span class='ocrx_word' id='word_1_185' title='bbox 1412 1969 1804 2041; x_wconf 90' lang='lat' dir='ltr'>cognoscunt</span> <span class='ocrx_word' id='word_1_186' title='bbox 1853 1961 1917 2021; x_wconf 91' lang='lat' dir='ltr'>in</span> <span class='ocrx_word' id='word_1_187' title='bbox 1961 1960 2167 2023; x_wconf 87' lang='lat' dir='ltr'>Verbo</span> <span class='ocrx_word' id='word_1_188' title='bbox 2217 1977 2334 2041; x_wconf 92' lang='lat' dir='ltr'>pro</span> 
     </span>
     <span class='ocr_line' id='line_1_28' title="bbox 828 2058 2335 2140; baseline -0.001 -20"><span class='ocrx_word' id='word_1_189' title='bbox 828 2058 1153 2120; x_wconf 88' lang='lat' dir='ltr'>voluntate</span> <span class='ocrx_word' id='word_1_190' title='bbox 1195 2059 1400 2140; x_wconf 87' lang='lat' dir='ltr'>ipsius</span> <span class='ocrx_word' id='word_1_191' title='bbox 1438 2059 1647 2120; x_wconf 89' lang='lat' dir='ltr'>Verbi.</span> <span class='ocrx_word' id='word_1_192' title='bbox 1682 2059 1811 2121; x_wconf 91' lang='lat' dir='ltr'>Nec</span> <span class='ocrx_word' id='word_1_193' title='bbox 1851 2059 1918 2121; x_wconf 89' lang='lat' dir='ltr'>in</span> <span class='ocrx_word' id='word_1_194' title='bbox 1956 2058 2199 2139; x_wconf 88' lang='lat' dir='ltr'>angelis</span> <span class='ocrx_word' id='word_1_195' title='bbox 2239 2065 2335 2120; x_wconf 91' lang='lat' dir='ltr'>est</span> 
     </span>
     <span class='ocr_line' id='line_1_29' title="bbox 831 2156 2334 2239; baseline 0 -21"><span class='ocrx_word' id='word_1_196' title='bbox 831 2156 1068 2220; x_wconf 90' lang='lat' dir='ltr'>locutio</span> <span class='ocrx_word' id='word_1_197' title='bbox 1117 2158 1322 2239; x_wconf 92' lang='lat' dir='ltr'>quoad</span> <span class='ocrx_word' id='word_1_198' title='bbox 1374 2157 1505 2233; x_wconf 88' lang='lat' dir='ltr'>illa,</span> <span class='ocrx_word' id='word_1_199' title='bbox 1541 2157 1692 2239; x_wconf 92' lang='lat' dir='ltr'>quia</span> <span class='ocrx_word' id='word_1_200' title='bbox 1741 2165 2017 2239; x_wconf 88' lang='lat' dir='ltr'>potestas</span> <span class='ocrx_word' id='word_1_201' title='bbox 2068 2156 2334 2219; x_wconf 85' lang='lat' dir='ltr'>manife-</span> 
     </span>
     <span class='ocr_line' id='line_1_30' title="bbox 829 2255 2334 2338; baseline 0 -21"><span class='ocrx_word' id='word_1_202' title='bbox 829 2256 1038 2318; x_wconf 89' lang='lat' dir='ltr'>standi</span> <span class='ocrx_word' id='word_1_203' title='bbox 1077 2256 1188 2317; x_wconf 92' lang='lat' dir='ltr'>illa</span> <span class='ocrx_word' id='word_1_204' title='bbox 1224 2274 1351 2318; x_wconf 91' lang='lat' dir='ltr'>non</span> <span class='ocrx_word' id='word_1_205' title='bbox 1391 2256 1628 2318; x_wconf 88' lang='lat' dir='ltr'>residet</span> <span class='ocrx_word' id='word_1_206' title='bbox 1666 2256 1835 2338; x_wconf 91' lang='lat' dir='ltr'>apud</span> <span class='ocrx_word' id='word_1_207' title='bbox 1869 2255 2191 2336; x_wconf 87' lang='lat' dir='ltr'>angelum,</span> <span class='ocrx_word' id='word_1_208' title='bbox 2224 2255 2334 2317; x_wconf 90' lang='lat' dir='ltr'>sed</span> 
     </span>
     <span class='ocr_line' id='line_1_31' title="bbox 829 2354 2334 2440; baseline 0 -24"><span class='ocrx_word' id='word_1_209' title='bbox 829 2355 999 2436; x_wconf 91' lang='lat' dir='ltr'>apud</span> <span class='ocrx_word' id='word_1_210' title='bbox 1043 2354 1370 2417; x_wconf 80' lang='lat' dir='ltr'>Verbum:</span> <span class='ocrx_word' id='word_1_211' title='bbox 1413 2355 1500 2440; x_wconf 75' lang='lat' dir='ltr'>ita</span> <span class='ocrx_word' id='word_1_212' title='bbox 1549 2355 1719 2437; x_wconf 88' lang='lat' dir='ltr'>quod</span> <span class='ocrx_word' id='word_1_213' title='bbox 1765 2355 1898 2417; x_wconf 90' lang='lat' dir='ltr'>sive</span> <span class='ocrx_word' id='word_1_214' title='bbox 1943 2355 2156 2427; x_wconf 87' lang='lat' dir='ltr'>vellet,</span> <span class='ocrx_word' id='word_1_215' title='bbox 2201 2354 2334 2417; x_wconf 90' lang='lat' dir='ltr'>sive</span> 
     </span>
     <span class='ocr_line' id='line_1_32' title="bbox 829 2453 2333 2535; baseline 0 -21"><span class='ocrx_word' id='word_1_216' title='bbox 829 2453 1026 2515; x_wconf 88' lang='lat' dir='ltr'>nollet</span> <span class='ocrx_word' id='word_1_217' title='bbox 1057 2453 1320 2534; x_wconf 89' lang='lat' dir='ltr'>angelus</span> <span class='ocrx_word' id='word_1_218' title='bbox 1361 2453 1473 2535; x_wconf 90' lang='lat' dir='ltr'>qui</span> <span class='ocrx_word' id='word_1_219' title='bbox 1504 2454 1688 2535; x_wconf 91' lang='lat' dir='ltr'>plura</span> <span class='ocrx_word' id='word_1_220' title='bbox 1729 2453 2052 2534; x_wconf 90' lang='lat' dir='ltr'>cognoscit</span> <span class='ocrx_word' id='word_1_221' title='bbox 2088 2453 2154 2514; x_wconf 91' lang='lat' dir='ltr'>in</span> <span class='ocrx_word' id='word_1_222' title='bbox 2188 2453 2333 2514; x_wconf 91' lang='lat' dir='ltr'>Ver-</span> 
     </span>
     <span class='ocr_line' id='line_1_33' title="bbox 829 2550 2337 2633; baseline 0 -19"><span class='ocrx_word' id='word_1_223' title='bbox 829 2552 934 2626; x_wconf 91' lang='lat' dir='ltr'>bo,</span> <span class='ocrx_word' id='word_1_224' title='bbox 970 2552 1182 2633; x_wconf 91' lang='lat' dir='ltr'>ipsum</span> <span class='ocrx_word' id='word_1_225' title='bbox 1212 2553 1492 2614; x_wconf 86' lang='lat' dir='ltr'>Verbum</span> <span class='ocrx_word' id='word_1_226' title='bbox 1534 2552 1670 2615; x_wconf 86' lang='lat' dir='ltr'>haec</span> <span class='ocrx_word' id='word_1_227' title='bbox 1709 2553 1932 2614; x_wconf 91' lang='lat' dir='ltr'>eadem</span> <span class='ocrx_word' id='word_1_228' title='bbox 1975 2550 2337 2614; x_wconf 87' lang='lat' dir='ltr'>manifesta-</span> 
     </span>
     <span class='ocr_line' id='line_1_34' title="bbox 829 2650 2337 2732; baseline -0.001 -19"><span class='ocrx_word' id='word_1_229' title='bbox 829 2658 926 2713; x_wconf 85' lang='lat' dir='ltr'>ret</span> <span class='ocrx_word' id='word_1_230' title='bbox 954 2651 1178 2732; x_wconf 86' lang='lat' dir='ltr'>angelo</span> <span class='ocrx_word' id='word_1_231' title='bbox 1207 2652 1508 2732; x_wconf 86' lang='lat' dir='ltr'>pauciora</span> <span class='ocrx_word' id='word_1_232' title='bbox 1537 2651 1784 2713; x_wconf 91' lang='lat' dir='ltr'>scienti.</span> <span class='ocrx_word' id='word_1_233' title='bbox 1819 2650 1959 2713; x_wconf 88' lang='lat' dir='ltr'>Alia</span> <span class='ocrx_word' id='word_1_234' title='bbox 1997 2659 2093 2713; x_wconf 89' lang='lat' dir='ltr'>est</span> <span class='ocrx_word' id='word_1_235' title='bbox 2125 2651 2337 2732; x_wconf 89' lang='lat' dir='ltr'>cogni-</span> 
     </span>
     <span class='ocr_line' id='line_1_35' title="bbox 829 2748 2333 2831; baseline 0.001 -21"><span class='ocrx_word' id='word_1_236' title='bbox 829 2749 920 2812; x_wconf 86' lang='lat' dir='ltr'>tio</span> <span class='ocrx_word' id='word_1_237' title='bbox 957 2768 1151 2831; x_wconf 90' lang='lat' dir='ltr'>quam</span> <span class='ocrx_word' id='word_1_238' title='bbox 1191 2748 1430 2812; x_wconf 87' lang='lat' dir='ltr'>habent</span> <span class='ocrx_word' id='word_1_239' title='bbox 1467 2748 1675 2830; x_wconf 90' lang='lat' dir='ltr'>angeli</span> <span class='ocrx_word' id='word_1_240' title='bbox 1716 2749 1783 2811; x_wconf 90' lang='lat' dir='ltr'>in</span> <span class='ocrx_word' id='word_1_241' title='bbox 1819 2767 1887 2811; x_wconf 91' lang='lat' dir='ltr'>se</span> <span class='ocrx_word' id='word_1_242' title='bbox 1929 2749 2105 2831; x_wconf 81' lang='lat' dir='ltr'>ipsis,</span> <span class='ocrx_word' id='word_1_243' title='bbox 2141 2749 2218 2810; x_wconf 88' lang='lat' dir='ltr'>Et</span> <span class='ocrx_word' id='word_1_244' title='bbox 2256 2750 2333 2811; x_wconf 91' lang='lat' dir='ltr'>de</span> 
     </span>
     <span class='ocr_line' id='line_1_36' title="bbox 828 2847 2336 2929; baseline 0.001 -21"><span class='ocrx_word' id='word_1_245' title='bbox 828 2847 949 2909; x_wconf 89' lang='lat' dir='ltr'>hac</span> <span class='ocrx_word' id='word_1_246' title='bbox 993 2865 1119 2910; x_wconf 91' lang='lat' dir='ltr'>non</span> <span class='ocrx_word' id='word_1_247' title='bbox 1163 2854 1259 2910; x_wconf 97' lang='grc' dir='ltr'>θεῖ</span> <span class='ocrx_word' id='word_1_248' title='bbox 1296 2867 1522 2910; x_wconf 85' lang='lat' dir='ltr'>verum</span> <span class='ocrx_word' id='word_1_249' title='bbox 1573 2849 1742 2929; x_wconf 92' lang='lat' dir='ltr'>quod</span> <span class='ocrx_word' id='word_1_250' title='bbox 1785 2847 2192 2910; x_wconf 65' lang='lat' dir='ltr'>conscientiae</span> <span class='ocrx_word' id='word_1_251' title='bbox 2235 2865 2336 2910; x_wconf 88' lang='lat' dir='ltr'>eo-</span> 
     </span>
     <span class='ocr_line' id='line_1_37' title="bbox 829 2945 2333 3010; baseline 0.002 -4"><span class='ocrx_word' id='word_1_252' title='bbox 829 2964 974 3007; x_wconf 90' lang='lat' dir='ltr'>rum</span> <span class='ocrx_word' id='word_1_253' title='bbox 1023 2953 1173 3009; x_wconf 86' lang='lat' dir='ltr'>sunt</span> <span class='ocrx_word' id='word_1_254' title='bbox 1220 2946 1345 3008; x_wconf 92' lang='lat' dir='ltr'>sibi</span> <span class='ocrx_word' id='word_1_255' title='bbox 1398 2946 1675 3009; x_wconf 89' lang='lat' dir='ltr'>invicem</span> <span class='ocrx_word' id='word_1_256' title='bbox 1729 2945 2082 3010; x_wconf 79' lang='lat' dir='ltr'>manifestae</span> <span class='ocrx_word' id='word_1_257' title='bbox 2134 2963 2149 3008; x_wconf 89' lang='lat'>:</span> <span class='ocrx_word' id='word_1_258' title='bbox 2203 2946 2333 3009; x_wconf 91' lang='lat' dir='ltr'>imo</span> 
     </span>
    </p>
   </div>
   <div class='ocr_carea' id='block_1_8' title="bbox 2443 1960 3955 3029">
    <p class='ocr_par' dir='ltr' id='par_1_8' title="bbox 2444 1960 3955 2337">
     <span class='ocr_line' id='line_1_38' title="bbox 2446 1960 3951 2043; baseline -0.001 -19"><span class='ocrx_word' id='word_1_259' title='bbox 2446 1961 2677 2043; x_wconf 88' lang='lat' dir='ltr'>angeli,</span> <span class='ocrx_word' id='word_1_260' title='bbox 2713 1961 2967 2043; x_wconf 90' lang='lat' dir='ltr'>quando</span> <span class='ocrx_word' id='word_1_261' title='bbox 3016 1961 3182 2023; x_wconf 93' lang='lat' dir='ltr'>Deus</span> <span class='ocrx_word' id='word_1_262' title='bbox 3230 1980 3345 2042; x_wconf 90' lang='lat' dir='ltr'>per</span> <span class='ocrx_word' id='word_1_263' title='bbox 3391 1960 3690 2040; x_wconf 87' lang='lat' dir='ltr'>angelum</span> <span class='ocrx_word' id='word_1_264' title='bbox 3739 1960 3951 2043; x_wconf 92' lang='lat' dir='ltr'>loqui-</span> 
     </span>
     <span class='ocr_line' id='line_1_39' title="bbox 2446 2059 3955 2140; baseline -0.001 -18"><span class='ocrx_word' id='word_1_265' title='bbox 2446 2068 2567 2122; x_wconf 90' lang='lat' dir='ltr'>tur.</span> <span class='ocrx_word' id='word_1_266' title='bbox 2618 2059 2695 2121; x_wconf 87' lang='lat' dir='ltr'>Et</span> <span class='ocrx_word' id='word_1_267' title='bbox 2744 2060 2914 2121; x_wconf 90' lang='lat' dir='ltr'>circa</span> <span class='ocrx_word' id='word_1_268' title='bbox 2960 2059 3081 2121; x_wconf 91' lang='lat' dir='ltr'>hoc</span> <span class='ocrx_word' id='word_1_269' title='bbox 3131 2059 3513 2133; x_wconf 88' lang='lat' dir='ltr'>sciscitatur,</span> <span class='ocrx_word' id='word_1_270' title='bbox 3560 2078 3641 2121; x_wconf 91' lang='lat' dir='ltr'>an</span> <span class='ocrx_word' id='word_1_271' title='bbox 3690 2077 3955 2140; x_wconf 86' lang='lat' dir='ltr'>semper</span> 
     </span>
     <span class='ocr_line' id='line_1_40' title="bbox 2444 2157 3953 2240; baseline 0 -20"><span class='ocrx_word' id='word_1_272' title='bbox 2444 2178 2560 2240; x_wconf 90' lang='lat' dir='ltr'>per</span> <span class='ocrx_word' id='word_1_273' title='bbox 2590 2177 2656 2220; x_wconf 89' lang='lat' dir='ltr'>se</span> <span class='ocrx_word' id='word_1_274' title='bbox 2687 2157 3055 2219; x_wconf 90' lang='lat' dir='ltr'>immediate</span> <span class='ocrx_word' id='word_1_275' title='bbox 3096 2157 3391 2238; x_wconf 91' lang='lat' dir='ltr'>loquatur</span> <span class='ocrx_word' id='word_1_276' title='bbox 3429 2164 3755 2230; x_wconf 80' lang='lat' dir='ltr'>creaturae,</span> <span class='ocrx_word' id='word_1_277' title='bbox 3790 2175 3953 2238; x_wconf 80' lang='lat' dir='ltr'>prae—</span> 
     </span>
     <span class='ocr_line' id='line_1_41' title="bbox 2444 2255 3947 2337; baseline -0.002 -18"><span class='ocrx_word' id='word_1_278' title='bbox 2444 2256 2665 2319; x_wconf 89' lang='lat' dir='ltr'>sertim</span> <span class='ocrx_word' id='word_1_279' title='bbox 2712 2255 3024 2330; x_wconf 82' lang='lat' dir='ltr'>rationali,</span> <span class='ocrx_word' id='word_1_280' title='bbox 3058 2274 3139 2318; x_wconf 88' lang='lat' dir='ltr'>an</span> <span class='ocrx_word' id='word_1_281' title='bbox 3178 2274 3433 2337; x_wconf 91' lang='lat' dir='ltr'>semper</span> <span class='ocrx_word' id='word_1_282' title='bbox 3471 2274 3587 2337; x_wconf 89' lang='lat' dir='ltr'>per</span> <span class='ocrx_word' id='word_1_283' title='bbox 3622 2255 3947 2336; x_wconf 88' lang='lat' dir='ltr'>angelum.</span> 
     </span>
    </p>

    <p class='ocr_par' dir='ltr' id='par_1_9' title="bbox 2443 2354 3955 3029">
     <span class='ocr_line' id='line_1_42' title="bbox 2525 2354 3955 2437; baseline -0.001 -20"><span class='ocrx_word' id='word_1_284' title='bbox 2525 2355 2619 2418; x_wconf 87' lang='lat' dir='ltr'>Ad</span> <span class='ocrx_word' id='word_1_285' title='bbox 2650 2355 2932 2436; x_wconf 90' lang='lat' dir='ltr'>primum</span> <span class='ocrx_word' id='word_1_286' title='bbox 2962 2354 3193 2416; x_wconf 91' lang='lat' dir='ltr'>horum</span> <span class='ocrx_word' id='word_1_287' title='bbox 3224 2355 3586 2437; x_wconf 90' lang='lat' dir='ltr'>respondet,</span> <span class='ocrx_word' id='word_1_288' title='bbox 3616 2354 3786 2436; x_wconf 89' lang='lat' dir='ltr'>quod</span> <span class='ocrx_word' id='word_1_289' title='bbox 3821 2373 3955 2416; x_wconf 88' lang='lat' dir='ltr'>una</span> 
     </span>
     <span class='ocr_line' id='line_1_43' title="bbox 2444 2451 3953 2536; baseline -0.001 -21"><span class='ocrx_word' id='word_1_290' title='bbox 2444 2460 2540 2515; x_wconf 90' lang='grc' dir='ltr'>θεῖ</span> <span class='ocrx_word' id='word_1_291' title='bbox 2572 2453 2827 2528; x_wconf 92' lang='lat' dir='ltr'>locutio,</span> <span class='ocrx_word' id='word_1_292' title='bbox 2852 2473 2993 2536; x_wconf 83' lang='lat' dir='ltr'>quae</span> <span class='ocrx_word' id='word_1_293' title='bbox 3023 2459 3118 2514; x_wconf 90' lang='lat' dir='ltr'>est</span> <span class='ocrx_word' id='word_1_294' title='bbox 3147 2452 3259 2514; x_wconf 93' lang='lat' dir='ltr'>Dei</span> <span class='ocrx_word' id='word_1_295' title='bbox 3289 2461 3361 2514; x_wconf 91' lang='lat' dir='ltr'>ut</span> <span class='ocrx_word' id='word_1_296' title='bbox 3388 2453 3600 2534; x_wconf 90' lang='lat' dir='ltr'>primo</span> <span class='ocrx_word' id='word_1_297' title='bbox 3630 2451 3953 2515; x_wconf 89' lang='lat' dir='ltr'>moventis</span> 
     </span>
     <span class='ocr_line' id='line_1_44' title="bbox 2443 2551 3955 2635; baseline -0.001 -21"><span class='ocrx_word' id='word_1_298' title='bbox 2443 2571 2517 2615; x_wconf 91' lang='lat' dir='ltr'>ac</span> <span class='ocrx_word' id='word_1_299' title='bbox 2557 2552 2954 2635; x_wconf 88' lang='lat' dir='ltr'>imperantis,</span> <span class='ocrx_word' id='word_1_300' title='bbox 2988 2559 3053 2614; x_wconf 91' lang='lat' dir='ltr'>et</span> <span class='ocrx_word' id='word_1_301' title='bbox 3089 2551 3296 2633; x_wconf 90' lang='lat' dir='ltr'>angeli</span> <span class='ocrx_word' id='word_1_302' title='bbox 3338 2561 3407 2612; x_wconf 90' lang='lat' dir='ltr'>ut</span> <span class='ocrx_word' id='word_1_303' title='bbox 3445 2551 3853 2633; x_wconf 83' lang='lat' dir='ltr'>exsequentis</span> <span class='ocrx_word' id='word_1_304' title='bbox 3884 2557 3955 2612; x_wconf 91' lang='lat' dir='ltr'>et</span> 
     </span>
     <span class='ocr_line' id='line_1_45' title="bbox 2444 2649 3951 2733; baseline -0.001 -20"><span class='ocrx_word' id='word_1_305' title='bbox 2444 2651 2878 2733; x_wconf 88' lang='lat' dir='ltr'>obsequentis.</span> <span class='ocrx_word' id='word_1_306' title='bbox 2914 2649 3164 2713; x_wconf 87' lang='lat' dir='ltr'>Etenim</span> <span class='ocrx_word' id='word_1_307' title='bbox 3207 2669 3335 2712; x_wconf 87' lang='lat' dir='ltr'>una</span> <span class='ocrx_word' id='word_1_308' title='bbox 3372 2657 3467 2712; x_wconf 88' lang='lat' dir='ltr'>est</span> <span class='ocrx_word' id='word_1_309' title='bbox 3505 2650 3670 2713; x_wconf 88' lang='lat' dir='ltr'>actio</span> <span class='ocrx_word' id='word_1_310' title='bbox 3708 2649 3951 2731; x_wconf 90' lang='lat' dir='ltr'>princi-</span> 
     </span>
     <span class='ocr_line' id='line_1_46' title="bbox 2443 2746 3951 2831; baseline -0.001 -19"><span class='ocrx_word' id='word_1_311' title='bbox 2443 2751 2607 2831; x_wconf 87' lang='lat' dir='ltr'>palis</span> <span class='ocrx_word' id='word_1_312' title='bbox 2653 2750 2897 2830; x_wconf 88' lang='lat' dir='ltr'>agentis</span> <span class='ocrx_word' id='word_1_313' title='bbox 2946 2757 3010 2811; x_wconf 89' lang='lat' dir='ltr'>et</span> <span class='ocrx_word' id='word_1_314' title='bbox 3058 2749 3467 2810; x_wconf 88' lang='lat' dir='ltr'>instrumenti</span> <span class='ocrx_word' id='word_1_315' title='bbox 3506 2765 3519 2810; x_wconf 92' lang='lat'><strong>:</strong></span> <span class='ocrx_word' id='word_1_316' title='bbox 3559 2757 3631 2810; x_wconf 89' lang='lat' dir='ltr'>ut</span> <span class='ocrx_word' id='word_1_317' title='bbox 3674 2746 3951 2811; x_wconf 84' lang='lat' dir='ltr'>artificis</span> 
     </span>
     <span class='ocr_line' id='line_1_47' title="bbox 2443 2846 3953 2929; baseline -0.002 -18"><span class='ocrx_word' id='word_1_318' title='bbox 2443 2857 2507 2911; x_wconf 90' lang='lat' dir='ltr'>et</span> <span class='ocrx_word' id='word_1_319' title='bbox 2546 2849 2787 2910; x_wconf 89' lang='lat' dir='ltr'>securis</span> <span class='ocrx_word' id='word_1_320' title='bbox 2830 2855 2927 2910; x_wconf 89' lang='lat' dir='ltr'>est</span> <span class='ocrx_word' id='word_1_321' title='bbox 2970 2865 3096 2909; x_wconf 90' lang='lat' dir='ltr'>una</span> <span class='ocrx_word' id='word_1_322' title='bbox 3134 2847 3352 2910; x_wconf 77' lang='lat' dir='ltr'>sectio·</span> <span class='ocrx_word' id='word_1_323' title='bbox 3388 2847 3619 2929; x_wconf 91' lang='lat' dir='ltr'>Sicque</span> <span class='ocrx_word' id='word_1_324' title='bbox 3662 2846 3953 2928; x_wconf 87' lang='lat' dir='ltr'>loquitur</span> 
     </span>
     <span class='ocr_line' id='line_1_48' title="bbox 2444 2945 3945 3029; baseline -0.002 -20"><span class='ocrx_word' id='word_1_325' title='bbox 2444 2948 2609 3009; x_wconf 92' lang='lat' dir='ltr'>Deus</span> <span class='ocrx_word' id='word_1_326' title='bbox 2640 2966 2755 3029; x_wconf 92' lang='lat' dir='ltr'>per</span> <span class='ocrx_word' id='word_1_327' title='bbox 2778 2946 3095 3027; x_wconf 87' lang='lat' dir='ltr'>angelum,</span> <span class='ocrx_word' id='word_1_328' title='bbox 3112 2945 3291 3027; x_wconf 85' lang='lat' dir='ltr'>juxta</span> <span class='ocrx_word' id='word_1_329' title='bbox 3316 2945 3474 3008; x_wconf 92' lang='lat' dir='ltr'>illud</span> <span class='ocrx_word' id='word_1_330' title='bbox 3499 2945 3945 3028; x_wconf 78' lang='lat' dir='ltr'>Apocalypsis:</span> 
     </span>
    </p>
   </div>
   <div class='ocr_carea' id='block_1_9' title="bbox 830 3043 3950 3127">
    <p class='ocr_par' dir='ltr' id='par_1_10' title="bbox 830 3043 3950 3127">
     <span class='ocr_line' id='line_1_49' title="bbox 830 3043 3950 3127; baseline 0.001 -22"><span class='ocrx_word' id='word_1_331' title='bbox 830 3043 1016 3125; x_wconf 89' lang='lat' dir='ltr'>plura</span> <span class='ocrx_word' id='word_1_332' title='bbox 1045 3044 1163 3107; x_wconf 91' lang='lat' dir='ltr'>scit</span> <span class='ocrx_word' id='word_1_333' title='bbox 1194 3063 1359 3106; x_wconf 91' lang='lat' dir='ltr'>unus</span> <span class='ocrx_word' id='word_1_334' title='bbox 1391 3063 1585 3126; x_wconf 90' lang='lat' dir='ltr'>quam</span> <span class='ocrx_word' id='word_1_335' title='bbox 1617 3044 1879 3119; x_wconf 90' lang='lat' dir='ltr'>alius‚et</span> <span class='ocrx_word' id='word_1_336' title='bbox 1909 3044 2095 3126; x_wconf 90' lang='lat' dir='ltr'>plura</span> <span class='ocrx_word' id='word_1_337' title='bbox 2123 3045 2332 3106; x_wconf 89' lang='lat' dir='ltr'>sciens</span> <span class='ocrx_word' id='word_1_338' title='bbox 2364 3047 2407 3111; x_wconf 91' lang='lat' dir='ltr'>C</span> <span class='ocrx_word' id='word_1_339' title='bbox 2446 3045 2739 3127; x_wconf 90' lang='lat' dir='ltr'>Loquens</span> <span class='ocrx_word' id='word_1_340' title='bbox 2800 3063 2915 3127; x_wconf 89' lang='lat' dir='ltr'>per</span> <span class='ocrx_word' id='word_1_341' title='bbox 2972 3044 3272 3124; x_wconf 89' lang='lat' dir='ltr'>angelum</span> <span class='ocrx_word' id='word_1_342' title='bbox 3334 3063 3523 3106; x_wconf 91' lang='lat' dir='ltr'>suum</span> <span class='ocrx_word' id='word_1_343' title='bbox 3585 3061 3769 3106; x_wconf 89' lang='lat' dir='ltr'>servo</span> <span class='ocrx_word' id='word_1_344' title='bbox 3826 3061 3950 3107; x_wconf 85' lang='lat' dir='ltr'>suo</span> 
     </span>
    </p>
   </div>
   <div class='ocr_carea' id='block_1_10' title="bbox 821 3140 2335 4191">
    <p class='ocr_par' dir='ltr' id='par_1_11' title="bbox 830 3140 2333 3402">
     <span class='ocr_line' id='line_1_50' title="bbox 830 3140 2333 3224; baseline 0.001 -22"><span class='ocrx_word' id='word_1_345' title='bbox 830 3141 1185 3203; x_wconf 87' lang='lat' dir='ltr'>naturalem</span> <span class='ocrx_word' id='word_1_346' title='bbox 1227 3140 1419 3203; x_wconf 90' lang='lat' dir='ltr'>habet</span> <span class='ocrx_word' id='word_1_347' title='bbox 1459 3148 1836 3224; x_wconf 89' lang='lat' dir='ltr'>potestatem</span> <span class='ocrx_word' id='word_1_348' title='bbox 1884 3140 2333 3204; x_wconf 85' lang='lat' dir='ltr'>manifestandi</span> 
     </span>
     <span class='ocr_line' id='line_1_51' title="bbox 833 3238 2330 3321; baseline 0.001 -21"><span class='ocrx_word' id='word_1_349' title='bbox 833 3258 908 3301; x_wconf 89' lang='lat' dir='ltr'>ea</span> <span class='ocrx_word' id='word_1_350' title='bbox 938 3238 1031 3301; x_wconf 92' lang='lat' dir='ltr'>illi</span> <span class='ocrx_word' id='word_1_351' title='bbox 1065 3240 1175 3320; x_wconf 92' lang='lat' dir='ltr'>qui</span> <span class='ocrx_word' id='word_1_352' title='bbox 1206 3239 1445 3319; x_wconf 82' lang='lat' dir='ltr'>nescit3</span> <span class='ocrx_word' id='word_1_353' title='bbox 1469 3240 1732 3321; x_wconf 83' lang='lat' dir='ltr'>haecque</span> <span class='ocrx_word' id='word_1_354' title='bbox 1763 3239 2194 3302; x_wconf 87' lang='lat' dir='ltr'>manifestatio</span> <span class='ocrx_word' id='word_1_355' title='bbox 2224 3257 2330 3302; x_wconf 89' lang='lat' dir='ltr'>vo-</span> 
     </span>
     <span class='ocr_line' id='line_1_52' title="bbox 832 3337 1920 3402; baseline -0.001 -1"><span class='ocrx_word' id='word_1_356' title='bbox 832 3346 1012 3401; x_wconf 88' lang='lat' dir='ltr'>catur</span> <span class='ocrx_word' id='word_1_357' title='bbox 1061 3339 1316 3400; x_wconf 85' lang='lat' dir='ltr'>locutio.</span> <span class='ocrx_word' id='word_1_358' title='bbox 1363 3339 1507 3402; x_wconf 85' lang='lat' dir='ltr'>Haec</span> <span class='ocrx_word' id='word_1_359' title='bbox 1549 3337 1920 3401; x_wconf 85' lang='lat' dir='ltr'>Alexander.</span> 
     </span>
    </p>

    <p class='ocr_par' dir='ltr' id='par_1_12' title="bbox 821 3437 2335 4191">
     <span class='ocr_line' id='line_1_53' title="bbox 912 3437 2333 3519; baseline -0.001 -19"><span class='ocrx_word' id='word_1_360' title='bbox 912 3437 1203 3500; x_wconf 91' lang='lat' dir='ltr'>Secundo</span> <span class='ocrx_word' id='word_1_361' title='bbox 1232 3437 1481 3519; x_wconf 62' lang='lat' dir='ltr'>quaerit,</span> <span class='ocrx_word' id='word_1_362' title='bbox 1516 3445 1734 3499; x_wconf 90' lang='lat' dir='ltr'>utrum</span> <span class='ocrx_word' id='word_1_363' title='bbox 1776 3437 2014 3500; x_wconf 89' lang='lat' dir='ltr'>locutio</span> <span class='ocrx_word' id='word_1_364' title='bbox 2043 3444 2333 3500; x_wconf 89' lang='lat' dir='ltr'>sumatur</span> 
     </span>
     <span class='ocr_line' id='line_1_54' title="bbox 832 3535 2329 3609; baseline 0 -13"><span class='ocrx_word' id='word_1_365' title='bbox 832 3535 1102 3598; x_wconf 86' lang='lat' dir='ltr'>univoce</span> <span class='ocrx_word' id='word_1_366' title='bbox 1132 3542 1242 3597; x_wconf 88' lang='lat' dir='ltr'>aut</span> <span class='ocrx_word' id='word_1_367' title='bbox 1281 3535 1634 3597; x_wconf 90' lang='lat' dir='ltr'>secundum</span> <span class='ocrx_word' id='word_1_368' title='bbox 1672 3536 1962 3598; x_wconf 91' lang='lat' dir='ltr'>eamdem</span> <span class='ocrx_word' id='word_1_369' title='bbox 1995 3536 2329 3609; x_wconf 89' lang='lat' dir='ltr'>rationem,</span> 
     </span>
     <span class='ocr_line' id='line_1_55' title="bbox 832 3635 2329 3717; baseline 0.001 -21"><span class='ocrx_word' id='word_1_370' title='bbox 832 3635 987 3697; x_wconf 93' lang='lat' dir='ltr'>dum</span> <span class='ocrx_word' id='word_1_371' title='bbox 1017 3635 1184 3697; x_wconf 92' lang='lat' dir='ltr'>Deus</span> <span class='ocrx_word' id='word_1_372' title='bbox 1214 3635 1448 3696; x_wconf 89' lang='lat' dir='ltr'>dicitur</span> <span class='ocrx_word' id='word_1_373' title='bbox 1478 3635 1654 3717; x_wconf 92' lang='lat' dir='ltr'>loqui</span> <span class='ocrx_word' id='word_1_374' title='bbox 1683 3637 1906 3716; x_wconf 91' lang='lat' dir='ltr'>angelo</span> <span class='ocrx_word' id='word_1_375' title='bbox 1935 3655 2047 3698; x_wconf 91' lang='lat' dir='ltr'>seu</span> <span class='ocrx_word' id='word_1_376' title='bbox 2079 3636 2329 3709; x_wconf 83' lang='lat' dir='ltr'>animae,</span> 
     </span>
     <span class='ocr_line' id='line_1_56' title="bbox 831 3733 2333 3815; baseline -0.001 -18"><span class='ocrx_word' id='word_1_377' title='bbox 831 3741 895 3797; x_wconf 90' lang='lat' dir='ltr'>et</span> <span class='ocrx_word' id='word_1_378' title='bbox 941 3735 1096 3796; x_wconf 92' lang='lat' dir='ltr'>dum</span> <span class='ocrx_word' id='word_1_379' title='bbox 1138 3733 1400 3815; x_wconf 90' lang='lat' dir='ltr'>angelus</span> <span class='ocrx_word' id='word_1_380' title='bbox 1449 3734 1683 3795; x_wconf 90' lang='lat' dir='ltr'>dicitur</span> <span class='ocrx_word' id='word_1_381' title='bbox 1734 3733 1908 3814; x_wconf 88' lang='lat' dir='ltr'>loqui</span> <span class='ocrx_word' id='word_1_382' title='bbox 1959 3735 2109 3808; x_wconf 92' lang='lat' dir='ltr'>Deo,</span> <span class='ocrx_word' id='word_1_383' title='bbox 2141 3743 2333 3815; x_wconf 91' lang='lat' dir='ltr'>atque</span> 
     </span>
     <span class='ocr_line' id='line_1_57' title="bbox 831 3831 2334 3914; baseline 0 -21"><span class='ocrx_word' id='word_1_384' title='bbox 831 3831 985 3894; x_wconf 92' lang='lat' dir='ltr'>dum</span> <span class='ocrx_word' id='word_1_385' title='bbox 1028 3832 1290 3912; x_wconf 90' lang='lat' dir='ltr'>angelus</span> <span class='ocrx_word' id='word_1_386' title='bbox 1329 3832 1564 3894; x_wconf 88' lang='lat' dir='ltr'>dicitur</span> <span class='ocrx_word' id='word_1_387' title='bbox 1602 3832 1776 3914; x_wconf 92' lang='lat' dir='ltr'>loqui</span> <span class='ocrx_word' id='word_1_388' title='bbox 1815 3833 2046 3895; x_wconf 81' lang='lat' dir='ltr'>animae</span> <span class='ocrx_word' id='word_1_389' title='bbox 2085 3851 2200 3894; x_wconf 90' lang='lat' dir='ltr'>seu</span> <span class='ocrx_word' id='word_1_390' title='bbox 2228 3851 2334 3893; x_wconf 91' lang='lat' dir='ltr'>an-</span> 
     </span>
     <span class='ocr_line' id='line_1_58' title="bbox 830 3929 2335 4012; baseline 0.001 -20"><span class='ocrx_word' id='word_1_391' title='bbox 830 3930 992 4012; x_wconf 86' lang='lat' dir='ltr'>gelo.</span> <span class='ocrx_word' id='word_1_392' title='bbox 1029 3930 1387 4012; x_wconf 88' lang='lat' dir='ltr'>Respondet</span> <span class='ocrx_word' id='word_1_393' title='bbox 1422 3948 1436 3992; x_wconf 88' lang='lat'><strong>:</strong></span> <span class='ocrx_word' id='word_1_394' title='bbox 1470 3929 1733 3993; x_wconf 89' lang='lat' dir='ltr'>Locutio</span> <span class='ocrx_word' id='word_1_395' title='bbox 1769 3931 2110 4012; x_wconf 89' lang='lat' dir='ltr'>quamdam</span> <span class='ocrx_word' id='word_1_396' title='bbox 2149 3931 2335 3993; x_wconf 89' lang='lat' dir='ltr'>ratio-</span> 
     </span>
     <span class='ocr_line' id='line_1_59' title="bbox 821 4028 2333 4110; baseline -0.001 -18"><span class='ocrx_word' id='word_1_397' title='bbox 821 4047 981 4093; x_wconf 80' lang='lat' dir='ltr'>nem</span> <span class='ocrx_word' id='word_1_398' title='bbox 1026 4029 1289 4092; x_wconf 89' lang='lat' dir='ltr'>sortitur</span> <span class='ocrx_word' id='word_1_399' title='bbox 1330 4047 1442 4090; x_wconf 92' lang='lat' dir='ltr'>seu</span> <span class='ocrx_word' id='word_1_400' title='bbox 1482 4028 1674 4090; x_wconf 90' lang='lat' dir='ltr'>habet</span> <span class='ocrx_word' id='word_1_401' title='bbox 1711 4047 1789 4090; x_wconf 86' lang='lat' dir='ltr'>ex</span> <span class='ocrx_word' id='word_1_402' title='bbox 1829 4037 2005 4110; x_wconf 90' lang='lat' dir='ltr'>parte</span> <span class='ocrx_word' id='word_1_403' title='bbox 2047 4029 2235 4109; x_wconf 84' lang='lat' dir='ltr'>finis3</span> <span class='ocrx_word' id='word_1_404' title='bbox 2271 4037 2333 4092; x_wconf 87' lang='lat' dir='ltr'>et</span> 
     </span>
     <span class='ocr_line' id='line_1_60' title="bbox 832 4127 2333 4191; baseline 0.001 -2"><span class='ocrx_word' id='word_1_405' title='bbox 832 4128 922 4190; x_wconf 87' lang='lat' dir='ltr'>ita</span> <span class='ocrx_word' id='word_1_406' title='bbox 967 4146 1095 4191; x_wconf 92' lang='lat' dir='ltr'>non</span> <span class='ocrx_word' id='word_1_407' title='bbox 1140 4127 1375 4190; x_wconf 90' lang='lat' dir='ltr'>dicitur</span> <span class='ocrx_word' id='word_1_408' title='bbox 1418 4127 1772 4189; x_wconf 92' lang='lat' dir='ltr'>secundum</span> <span class='ocrx_word' id='word_1_409' title='bbox 1813 4128 2104 4190; x_wconf 91' lang='lat' dir='ltr'>eamdem</span> <span class='ocrx_word' id='word_1_410' title='bbox 2145 4128 2333 4190; x_wconf 89' lang='lat' dir='ltr'>ratio-</span> 
     </span>
    </p>
   </div>
   <div class='ocr_carea' id='block_1_11' title="bbox 2440 3142 3950 4207">
    <p class='ocr_par' dir='ltr' id='par_1_13' title="bbox 2440 3142 3950 3815">
     <span class='ocr_line' id='line_1_61' title="bbox 2440 3142 3949 3224; baseline -0.003 -17"><span class='ocrx_word' id='word_1_411' title='bbox 2440 3145 2684 3208; x_wconf 85' lang='lat' dir='ltr'>Joanni.</span> <span class='ocrx_word' id='word_1_412' title='bbox 2716 3180 2800 3189; x_wconf 94' lang='lat'><strong>—</strong></span> <span class='ocrx_word' id='word_1_413' title='bbox 2829 3144 2892 3206; x_wconf 90' lang='lat' dir='ltr'>Si</span> <span class='ocrx_word' id='word_1_414' title='bbox 2934 3161 3084 3206; x_wconf 86' lang='lat' dir='ltr'>vero</span> <span class='ocrx_word' id='word_1_415' title='bbox 3122 3143 3486 3224; x_wconf 80' lang='lat' dir='ltr'>objiciatur,</span> <span class='ocrx_word' id='word_1_416' title='bbox 3529 3143 3699 3224; x_wconf 89' lang='lat' dir='ltr'>quod</span> <span class='ocrx_word' id='word_1_417' title='bbox 3739 3142 3949 3206; x_wconf 85' lang='lat' dir='ltr'>diver-</span> 
     </span>
     <span class='ocr_line' id='line_1_62' title="bbox 2443 3240 3945 3305; baseline -0.001 -1"><span class='ocrx_word' id='word_1_418' title='bbox 2443 3263 2658 3305; x_wconf 91' lang='lat' dir='ltr'>sarum</span> <span class='ocrx_word' id='word_1_419' title='bbox 2690 3241 3112 3304; x_wconf 87' lang='lat' dir='ltr'>essentiarum</span> <span class='ocrx_word' id='word_1_420' title='bbox 3144 3241 3411 3304; x_wconf 82' lang='lat' dir='ltr'>diversae</span> <span class='ocrx_word' id='word_1_421' title='bbox 3442 3248 3589 3302; x_wconf 92' lang='lat' dir='ltr'>sunt</span> <span class='ocrx_word' id='word_1_422' title='bbox 3618 3240 3945 3302; x_wconf 89' lang='lat' dir='ltr'>actiones:</span> 
     </span>
     <span class='ocr_line' id='line_1_63' title="bbox 2443 3338 3950 3421; baseline -0.001 -19"><span class='ocrx_word' id='word_1_423' title='bbox 2443 3341 2809 3414; x_wconf 89' lang='lat' dir='ltr'>dicendum,</span> <span class='ocrx_word' id='word_1_424' title='bbox 2865 3339 3034 3421; x_wconf 92' lang='lat' dir='ltr'>quod</span> <span class='ocrx_word' id='word_1_425' title='bbox 3087 3357 3311 3401; x_wconf 90' lang='lat' dir='ltr'>verum</span> <span class='ocrx_word' id='word_1_426' title='bbox 3361 3345 3458 3400; x_wconf 89' lang='lat' dir='ltr'>est</span> <span class='ocrx_word' id='word_1_427' title='bbox 3506 3338 3759 3420; x_wconf 92' lang='lat' dir='ltr'>quando</span> <span class='ocrx_word' id='word_1_428' title='bbox 3817 3357 3950 3400; x_wconf 89' lang='lat' dir='ltr'>una</span> 
     </span>
     <span class='ocr_line' id='line_1_64' title="bbox 2442 3437 3950 3521; baseline -0.003 -19"><span class='ocrx_word' id='word_1_429' title='bbox 2442 3458 2570 3502; x_wconf 91' lang='lat' dir='ltr'>non</span> <span class='ocrx_word' id='word_1_430' title='bbox 2602 3447 2899 3521; x_wconf 89' lang='lat' dir='ltr'>operatur</span> <span class='ocrx_word' id='word_1_431' title='bbox 2928 3457 3041 3521; x_wconf 92' lang='lat' dir='ltr'>per</span> <span class='ocrx_word' id='word_1_432' title='bbox 3068 3437 3285 3511; x_wconf 89' lang='lat' dir='ltr'>aliam,</span> <span class='ocrx_word' id='word_1_433' title='bbox 3310 3455 3426 3499; x_wconf 91' lang='lat' dir='ltr'>nec</span> <span class='ocrx_word' id='word_1_434' title='bbox 3458 3457 3583 3500; x_wconf 92' lang='lat' dir='ltr'>una</span> <span class='ocrx_word' id='word_1_435' title='bbox 3614 3438 3677 3499; x_wconf 91' lang='lat' dir='ltr'>in</span> <span class='ocrx_word' id='word_1_436' title='bbox 3708 3437 3950 3500; x_wconf 83' lang='lat' dir='ltr'>virtute</span> 
     </span>
     <span class='ocr_line' id='line_1_65' title="bbox 2442 3535 3945 3615; baseline -0.002 -14"><span class='ocrx_word' id='word_1_437' title='bbox 2442 3557 2515 3600; x_wconf 88' lang='lat' dir='ltr'>ac</span> <span class='ocrx_word' id='word_1_438' title='bbox 2545 3539 2686 3601; x_wconf 88' lang='lat' dir='ltr'>vice</span> <span class='ocrx_word' id='word_1_439' title='bbox 2724 3538 3023 3615; x_wconf 90' lang='lat' dir='ltr'>alterius;</span> <span class='ocrx_word' id='word_1_440' title='bbox 3056 3543 3119 3598; x_wconf 91' lang='lat' dir='ltr'>et</span> <span class='ocrx_word' id='word_1_441' title='bbox 3150 3555 3371 3598; x_wconf 90' lang='lat' dir='ltr'>rursus</span> <span class='ocrx_word' id='word_1_442' title='bbox 3410 3535 3529 3598; x_wconf 89' lang='lat' dir='ltr'>hoc</span> <span class='ocrx_word' id='word_1_443' title='bbox 3560 3554 3787 3598; x_wconf 84' lang='lat' dir='ltr'>verum</span> <span class='ocrx_word' id='word_1_444' title='bbox 3824 3543 3945 3610; x_wconf 89' lang='lat' dir='ltr'>est,</span> 
     </span>
     <span class='ocr_line' id='line_1_66' title="bbox 2444 3633 3949 3718; baseline -0.001 -21"><span class='ocrx_word' id='word_1_445' title='bbox 2444 3635 2761 3718; x_wconf 92' lang='lat' dir='ltr'>loquendo</span> <span class='ocrx_word' id='word_1_446' title='bbox 2791 3635 2869 3697; x_wconf 93' lang='lat' dir='ltr'>de</span> <span class='ocrx_word' id='word_1_447' title='bbox 2899 3633 3259 3696; x_wconf 89' lang='lat' dir='ltr'>actionibus</span> <span class='ocrx_word' id='word_1_448' title='bbox 3300 3633 3580 3696; x_wconf 89' lang='lat' dir='ltr'>elicitive</span> <span class='ocrx_word' id='word_1_449' title='bbox 3614 3652 3687 3696; x_wconf 93' lang='lat' dir='ltr'>ac</span> <span class='ocrx_word' id='word_1_450' title='bbox 3720 3634 3949 3696; x_wconf 89' lang='lat' dir='ltr'>imme-</span> 
     </span>
     <span class='ocr_line' id='line_1_67' title="bbox 2443 3731 3697 3815; baseline -0.002 -19"><span class='ocrx_word' id='word_1_451' title='bbox 2443 3735 2611 3796; x_wconf 90' lang='lat' dir='ltr'>diate</span> <span class='ocrx_word' id='word_1_452' title='bbox 2651 3733 2977 3815; x_wconf 90' lang='lat' dir='ltr'>productis</span> <span class='ocrx_word' id='word_1_453' title='bbox 3020 3732 3100 3794; x_wconf 92' lang='lat' dir='ltr'>ab</span> <span class='ocrx_word' id='word_1_454' title='bbox 3144 3733 3301 3814; x_wconf 91' lang='lat' dir='ltr'>ipsis</span> <span class='ocrx_word' id='word_1_455' title='bbox 3340 3731 3697 3813; x_wconf 88' lang='lat' dir='ltr'>agentibus.</span> 
     </span>
    </p>

    <p class='ocr_par' dir='ltr' id='par_1_14' title="bbox 2443 3830 3949 4207">
     <span class='ocr_line' id='line_1_68' title="bbox 2522 3830 3949 3913; baseline -0.001 -19"><span class='ocrx_word' id='word_1_456' title='bbox 2522 3833 2616 3894; x_wconf 88' lang='lat' dir='ltr'>Ad</span> <span class='ocrx_word' id='word_1_457' title='bbox 2648 3831 3000 3894; x_wconf 92' lang='lat' dir='ltr'>secundum</span> <span class='ocrx_word' id='word_1_458' title='bbox 3031 3830 3371 3913; x_wconf 85' lang='lat' dir='ltr'>respondet</span> <span class='ocrx_word' id='word_1_459' title='bbox 3405 3847 3419 3891; x_wconf 92' lang='lat'>:</span> <span class='ocrx_word' id='word_1_460' title='bbox 3454 3830 3620 3892; x_wconf 91' lang='lat' dir='ltr'>Deus</span> <span class='ocrx_word' id='word_1_461' title='bbox 3657 3830 3949 3913; x_wconf 85' lang='lat' dir='ltr'>aliquan-</span> 
     </span>
     <span class='ocr_line' id='line_1_69' title="bbox 2443 3927 3949 4011; baseline 0 -20"><span class='ocrx_word' id='word_1_462' title='bbox 2443 3931 2524 3993; x_wconf 96' lang='lat' dir='ltr'>do</span> <span class='ocrx_word' id='word_1_463' title='bbox 2572 3929 2857 4011; x_wconf 88' lang='lat' dir='ltr'>loquitur</span> <span class='ocrx_word' id='word_1_464' title='bbox 2912 3928 3143 3991; x_wconf 81' lang='lat' dir='ltr'>animae</span> <span class='ocrx_word' id='word_1_465' title='bbox 3193 3947 3307 4010; x_wconf 92' lang='lat' dir='ltr'>per</span> <span class='ocrx_word' id='word_1_466' title='bbox 3355 3946 3422 3990; x_wconf 91' lang='lat' dir='ltr'>se</span> <span class='ocrx_word' id='word_1_467' title='bbox 3470 3927 3706 4008; x_wconf 91' lang='lat' dir='ltr'>ipsum,</span> <span class='ocrx_word' id='word_1_468' title='bbox 3748 3948 3949 4010; x_wconf 84' lang='lat' dir='ltr'>quan·</span> 
     </span>
     <span class='ocr_line' id='line_1_70' title="bbox 2443 4025 3945 4109; baseline -0.001 -20"><span class='ocrx_word' id='word_1_469' title='bbox 2443 4027 2651 4109; x_wconf 92' lang='lat' dir='ltr'>doque</span> <span class='ocrx_word' id='word_1_470' title='bbox 2711 4046 2826 4108; x_wconf 92' lang='lat' dir='ltr'>per</span> <span class='ocrx_word' id='word_1_471' title='bbox 2880 4026 3203 4106; x_wconf 90' lang='lat' dir='ltr'>angelum,</span> <span class='ocrx_word' id='word_1_472' title='bbox 3266 4025 3807 4106; x_wconf 89' lang='lat' dir='ltr'>quemadmodum</span> <span class='ocrx_word' id='word_1_473' title='bbox 3868 4045 3945 4088; x_wconf 84' lang='lat' dir='ltr'>ex</span> 
     </span>
     <span class='ocr_line' id='line_1_71' title="bbox 2444 4122 3945 4207; baseline -0.001 -20"><span class='ocrx_word' id='word_1_474' title='bbox 2444 4125 2789 4207; x_wconf 88' lang='lat' dir='ltr'>Scripturis</span> <span class='ocrx_word' id='word_1_475' title='bbox 2822 4123 3142 4205; x_wconf 90' lang='lat' dir='ltr'>probatur.</span> <span class='ocrx_word' id='word_1_476' title='bbox 3178 4123 3438 4205; x_wconf 90' lang='lat' dir='ltr'>Propter</span> <span class='ocrx_word' id='word_1_477' title='bbox 3468 4124 3639 4205; x_wconf 92' lang='lat' dir='ltr'>quod</span> <span class='ocrx_word' id='word_1_478' title='bbox 3675 4122 3766 4185; x_wconf 89' lang='lat' dir='ltr'>ait</span> <span class='ocrx_word' id='word_1_479' title='bbox 3796 4123 3945 4186; x_wconf 85' lang='lat' dir='ltr'>Gre—</span> 
     </span>
    </p>
   </div>
   <div class='ocr_carea' id='block_1_12' title="bbox 831 4221 3949 4406">
    <p class='ocr_par' dir='ltr' id='par_1_15' title="bbox 831 4221 3949 4406">
     <span class='ocr_line' id='line_1_72' title="bbox 831 4221 3947 4309; baseline -0.002 -20"><span class='ocrx_word' id='word_1_480' title='bbox 831 4246 981 4289; x_wconf 90' lang='lat' dir='ltr'>nem</span> <span class='ocrx_word' id='word_1_481' title='bbox 1025 4234 1317 4309; x_wconf 89' lang='lat' dir='ltr'>respectu</span> <span class='ocrx_word' id='word_1_482' title='bbox 1349 4225 1458 4287; x_wconf 90' lang='lat' dir='ltr'>Dei</span> <span class='ocrx_word' id='word_1_483' title='bbox 1489 4233 1551 4287; x_wconf 90' lang='lat' dir='ltr'>et</span> <span class='ocrx_word' id='word_1_484' title='bbox 1589 4226 1795 4306; x_wconf 90' lang='lat' dir='ltr'>angeli</span> <span class='ocrx_word' id='word_1_485' title='bbox 1838 4245 1912 4288; x_wconf 92' lang='lat' dir='ltr'>ac</span> <span class='ocrx_word' id='word_1_486' title='bbox 1941 4227 2191 4290; x_wconf 84' lang='lat' dir='ltr'>animae.</span> <span class='ocrx_word' id='word_1_487' title='bbox 2226 4226 2334 4288; x_wconf 90' lang='lat' dir='ltr'>Or·</span> <span class='ocrx_word' id='word_1_488' title='bbox 2363 4233 2412 4293; x_wconf 93' lang='lat' dir='ltr'>D</span> <span class='ocrx_word' id='word_1_489' title='bbox 2441 4223 2657 4303; x_wconf 83' lang='lat' dir='ltr'>gorius</span> <span class='ocrx_word' id='word_1_490' title='bbox 2687 4240 2700 4284; x_wconf 94' lang='lat'><strong>:</strong></span> <span class='ocrx_word' id='word_1_491' title='bbox 2730 4222 3037 4304; x_wconf 90' lang='lat' dir='ltr'>Spiritum</span> <span class='ocrx_word' id='word_1_492' title='bbox 3070 4221 3182 4283; x_wconf 88' lang='lat' dir='ltr'>Dei</span> <span class='ocrx_word' id='word_1_493' title='bbox 3216 4221 3396 4302; x_wconf 88' lang='lat' dir='ltr'>quasi</span> <span class='ocrx_word' id='word_1_494' title='bbox 3427 4221 3719 4304; x_wconf 83' lang='lat' dir='ltr'>quaedam</span> <span class='ocrx_word' id='word_1_495' title='bbox 3750 4221 3947 4284; x_wconf 88' lang='lat' dir='ltr'>verba</span> 
     </span>
     <span class='ocr_line' id='line_1_73' title="bbox 831 4320 3949 4406; baseline -0.002 -19"><span class='ocrx_word' id='word_1_496' title='bbox 831 4325 1089 4400; x_wconf 81' lang='lat' dir='ltr'>dinatur</span> <span class='ocrx_word' id='word_1_497' title='bbox 1146 4343 1422 4406; x_wconf 89' lang='lat' dir='ltr'>namque</span> <span class='ocrx_word' id='word_1_498' title='bbox 1485 4323 1722 4386; x_wconf 90' lang='lat' dir='ltr'>locutio</span> <span class='ocrx_word' id='word_1_499' title='bbox 1783 4324 1860 4387; x_wconf 90' lang='lat' dir='ltr'>ad</span> <span class='ocrx_word' id='word_1_500' title='bbox 1918 4325 2331 4388; x_wconf 90' lang='lat' dir='ltr'>indicandum</span> <span class='ocrx_word' id='word_1_501' title='bbox 2440 4322 2629 4385; x_wconf 91' lang='lat' dir='ltr'>nobis</span> <span class='ocrx_word' id='word_1_502' title='bbox 2671 4321 2905 4394; x_wconf 90' lang='lat' dir='ltr'>dicere,</span> <span class='ocrx_word' id='word_1_503' title='bbox 2940 4327 3036 4382; x_wconf 89' lang='lat' dir='ltr'>est</span> <span class='ocrx_word' id='word_1_504' title='bbox 3078 4320 3329 4382; x_wconf 89' lang='lat' dir='ltr'>occulta</span> <span class='ocrx_word' id='word_1_505' title='bbox 3365 4339 3509 4400; x_wconf 86' lang='lat' dir='ltr'>quae</span> <span class='ocrx_word' id='word_1_506' title='bbox 3551 4320 3795 4400; x_wconf 89' lang='lat' dir='ltr'>agenda</span> <span class='ocrx_word' id='word_1_507' title='bbox 3837 4329 3949 4382; x_wconf 90' lang='lat' dir='ltr'>aut</span> 
     </span>
    </p>
   </div>
   <div class='ocr_carea' id='block_1_13' title="bbox 829 4422 2341 5394">
    <p class='ocr_par' dir='ltr' id='par_1_16' title="bbox 829 4422 2341 5394">
     <span class='ocr_line' id='line_1_74' title="bbox 831 4422 2335 4506; baseline 0 -20"><span class='ocrx_word' id='word_1_508' title='bbox 831 4422 1076 4506; x_wconf 91' lang='lat' dir='ltr'>aliquid</span> <span class='ocrx_word' id='word_1_509' title='bbox 1119 4442 1229 4486; x_wconf 93' lang='lat' dir='ltr'>seu</span> <span class='ocrx_word' id='word_1_510' title='bbox 1275 4423 1724 4486; x_wconf 89' lang='lat' dir='ltr'>instruendum</span> <span class='ocrx_word' id='word_1_511' title='bbox 1759 4441 1774 4484; x_wconf 75' lang='grc' dir='ltr'>ε</span> <span class='ocrx_word' id='word_1_512' title='bbox 1812 4431 1875 4485; x_wconf 83' lang='grc' dir='ltr'>θῖ</span> <span class='ocrx_word' id='word_1_513' title='bbox 1919 4423 2005 4485; x_wconf 85' lang='lat' dir='ltr'>ita</span> <span class='ocrx_word' id='word_1_514' title='bbox 2049 4432 2335 4486; x_wconf 88' lang='lat' dir='ltr'>creatura</span> 
     </span>
     <span class='ocr_line' id='line_1_75' title="bbox 832 4521 2335 4605; baseline 0.001 -20"><span class='ocrx_word' id='word_1_515' title='bbox 832 4541 961 4585; x_wconf 90' lang='lat' dir='ltr'>non</span> <span class='ocrx_word' id='word_1_516' title='bbox 1021 4522 1304 4605; x_wconf 91' lang='lat' dir='ltr'>loquitur</span> <span class='ocrx_word' id='word_1_517' title='bbox 1351 4521 1629 4585; x_wconf 90' lang='lat' dir='ltr'>Creatori</span> <span class='ocrx_word' id='word_1_518' title='bbox 1682 4523 1899 4585; x_wconf 89' lang='lat' dir='ltr'>omnia</span> <span class='ocrx_word' id='word_1_519' title='bbox 1953 4522 2335 4586; x_wconf 83' lang='lat' dir='ltr'>aeternaliter</span> 
     </span>
     <span class='ocr_line' id='line_1_76' title="bbox 833 4605 2336 4703; baseline 0 -19"><span class='ocrx_word' id='word_1_520' title='bbox 833 4605 1260 4703; x_wconf 75' lang='lat' dir='ltr'>cognoscenti.</span> <span class='ocrx_word' id='word_1_521' title='bbox 1293 4621 1482 4683; x_wconf 91' lang='lat' dir='ltr'>Porro</span> <span class='ocrx_word' id='word_1_522' title='bbox 1519 4639 1597 4683; x_wconf 85' lang='lat' dir='ltr'>ex</span> <span class='ocrx_word' id='word_1_523' title='bbox 1633 4629 1811 4703; x_wconf 89' lang='lat' dir='ltr'>parte</span> <span class='ocrx_word' id='word_1_524' title='bbox 1851 4621 2075 4684; x_wconf 84' lang='lat' dir='ltr'>formae</span> <span class='ocrx_word' id='word_1_525' title='bbox 2113 4640 2336 4684; x_wconf 90' lang='lat' dir='ltr'>secun-</span> 
     </span>
     <span class='ocr_line' id='line_1_77' title="bbox 833 4719 2335 4802; baseline 0 -20"><span class='ocrx_word' id='word_1_526' title='bbox 833 4721 990 4782; x_wconf 91' lang='lat' dir='ltr'>dum</span> <span class='ocrx_word' id='word_1_527' title='bbox 1022 4720 1314 4782; x_wconf 89' lang='lat' dir='ltr'>eamdem</span> <span class='ocrx_word' id='word_1_528' title='bbox 1346 4719 1581 4780; x_wconf 91' lang='lat' dir='ltr'>dicitur</span> <span class='ocrx_word' id='word_1_529' title='bbox 1610 4719 1946 4794; x_wconf 90' lang='lat' dir='ltr'>rationem,</span> <span class='ocrx_word' id='word_1_530' title='bbox 1973 4727 2189 4782; x_wconf 89' lang='lat' dir='ltr'>tamen</span> <span class='ocrx_word' id='word_1_531' title='bbox 2221 4739 2335 4802; x_wconf 89' lang='lat' dir='ltr'>per</span> 
     </span>
     <span class='ocr_line' id='line_1_78' title="bbox 833 4816 2337 4901; baseline 0 -21"><span class='ocrx_word' id='word_1_532' title='bbox 833 4819 1014 4901; x_wconf 89' lang='lat' dir='ltr'>prius</span> <span class='ocrx_word' id='word_1_533' title='bbox 1044 4825 1108 4880; x_wconf 88' lang='lat' dir='ltr'>et</span> <span class='ocrx_word' id='word_1_534' title='bbox 1133 4816 1450 4899; x_wconf 90' lang='lat' dir='ltr'>posterius</span> <span class='ocrx_word' id='word_1_535' title='bbox 1485 4835 1499 4878; x_wconf 91' lang='lat'>:</span> <span class='ocrx_word' id='word_1_536' title='bbox 1533 4817 1626 4879; x_wconf 90' lang='lat' dir='ltr'>sic</span> <span class='ocrx_word' id='word_1_537' title='bbox 1655 4837 1934 4900; x_wconf 92' lang='lat' dir='ltr'>namque</span> <span class='ocrx_word' id='word_1_538' title='bbox 1965 4825 2060 4880; x_wconf 91' lang='lat' dir='ltr'>est</span> <span class='ocrx_word' id='word_1_539' title='bbox 2087 4837 2337 4901; x_wconf 86' lang='lat' dir='ltr'>expres-</span> 
     </span>
     <span class='ocr_line' id='line_1_79' title="bbox 834 4915 2335 4999; baseline 0 -20"><span class='ocrx_word' id='word_1_540' title='bbox 834 4917 951 4991; x_wconf 87' lang='lat' dir='ltr'>sio,</span> <span class='ocrx_word' id='word_1_541' title='bbox 984 4916 1305 4979; x_wconf 87' lang='lat' dir='ltr'>evidentia</span> <span class='ocrx_word' id='word_1_542' title='bbox 1343 4923 1452 4978; x_wconf 89' lang='lat' dir='ltr'>aut</span> <span class='ocrx_word' id='word_1_543' title='bbox 1494 4915 1840 4978; x_wconf 89' lang='lat' dir='ltr'>insinuatio</span> <span class='ocrx_word' id='word_1_544' title='bbox 1879 4935 1991 4978; x_wconf 92' lang='lat' dir='ltr'>seu</span> <span class='ocrx_word' id='word_1_545' title='bbox 2026 4915 2335 4999; x_wconf 90' lang='lat' dir='ltr'>interpre-</span> 
     </span>
     <span class='ocr_line' id='line_1_80' title="bbox 831 5014 2336 5096; baseline 0.001 -19"><span class='ocrx_word' id='word_1_546' title='bbox 831 5015 988 5077; x_wconf 87' lang='lat' dir='ltr'>tatio</span> <span class='ocrx_word' id='word_1_547' title='bbox 1018 5014 1316 5077; x_wconf 92' lang='lat' dir='ltr'>desiderii</span> <span class='ocrx_word' id='word_1_548' title='bbox 1347 5021 1456 5076; x_wconf 91' lang='lat' dir='ltr'>aut</span> <span class='ocrx_word' id='word_1_549' title='bbox 1487 5023 1850 5096; x_wconf 69' lang='lat' dir='ltr'>conceptus</span> <span class='ocrx_word' id='word_1_550' title='bbox 1888 5015 2062 5077; x_wconf 91' lang='lat' dir='ltr'>Unde</span> <span class='ocrx_word' id='word_1_551' title='bbox 2095 5016 2172 5077; x_wconf 93' lang='lat' dir='ltr'>de</span> <span class='ocrx_word' id='word_1_552' title='bbox 2202 5017 2336 5078; x_wconf 91' lang='lat' dir='ltr'>ani—</span> 
     </span>
     <span class='ocr_line' id='line_1_81' title="bbox 833 5113 2331 5196; baseline 0.001 -20"><span class='ocrx_word' id='word_1_553' title='bbox 833 5133 954 5178; x_wconf 83' lang='lat' dir='ltr'>mae</span> <span class='ocrx_word' id='word_1_554' title='bbox 983 5114 1304 5177; x_wconf 92' lang='lat' dir='ltr'>locutione</span> <span class='ocrx_word' id='word_1_555' title='bbox 1335 5113 1413 5176; x_wconf 92' lang='lat' dir='ltr'>ad</span> <span class='ocrx_word' id='word_1_556' title='bbox 1444 5113 1640 5176; x_wconf 90' lang='lat' dir='ltr'>Deum</span> <span class='ocrx_word' id='word_1_557' title='bbox 1679 5113 1913 5176; x_wconf 84' lang='lat' dir='ltr'>fatetur</span> <span class='ocrx_word' id='word_1_558' title='bbox 1945 5113 2283 5196; x_wconf 90' lang='lat' dir='ltr'>Gregorius</span> <span class='ocrx_word' id='word_1_559' title='bbox 2318 5133 2331 5178; x_wconf 91' lang='lat'><strong>:</strong></span> 
     </span>
     <span class='ocr_line' id='line_1_82' title="bbox 832 5212 2337 5295; baseline -0.001 -17"><span class='ocrx_word' id='word_1_560' title='bbox 832 5213 1208 5278; x_wconf 88' lang='lat' dir='ltr'>Animarum</span> <span class='ocrx_word' id='word_1_561' title='bbox 1258 5212 1455 5276; x_wconf 89' lang='lat' dir='ltr'>verba</span> <span class='ocrx_word' id='word_1_562' title='bbox 1501 5219 1651 5275; x_wconf 90' lang='lat' dir='ltr'>sunt</span> <span class='ocrx_word' id='word_1_563' title='bbox 1699 5212 2013 5274; x_wconf 90' lang='lat' dir='ltr'>desideria</span> <span class='ocrx_word' id='word_1_564' title='bbox 2061 5213 2216 5295; x_wconf 91' lang='lat' dir='ltr'>ipsa.</span> <span class='ocrx_word' id='word_1_565' title='bbox 2272 5214 2337 5276; x_wconf 93' lang='lat' dir='ltr'>Si</span> 
     </span>
     <span class='ocr_line' id='line_1_83' title="bbox 829 5311 2341 5394; baseline 0 -20"><span class='ocrx_word' id='word_1_566' title='bbox 829 5312 1010 5394; x_wconf 78' lang='lat' dir='ltr'>enim</span> <span class='ocrx_word' id='word_1_567' title='bbox 1042 5311 1430 5374; x_wconf 91' lang='lat' dir='ltr'>desiderium</span> <span class='ocrx_word' id='word_1_568' title='bbox 1464 5329 1674 5375; x_wconf 92' lang='lat' dir='ltr'>sermo</span> <span class='ocrx_word' id='word_1_569' title='bbox 1703 5329 1832 5375; x_wconf 90' lang='lat' dir='ltr'>non</span> <span class='ocrx_word' id='word_1_570' title='bbox 1861 5320 2050 5388; x_wconf 89' lang='lat' dir='ltr'>esset,</span> <span class='ocrx_word' id='word_1_571' title='bbox 2073 5313 2341 5394; x_wconf 89' lang='lat' dir='ltr'>Prophe-</span> 
     </span>
    </p>
   </div>
   <div class='ocr_carea' id='block_1_14' title="bbox 2444 4417 3949 5389">
    <p class='ocr_par' dir='ltr' id='par_1_17' title="bbox 2444 4417 3949 5389">
     <span class='ocr_line' id='line_1_84' title="bbox 2444 4417 3943 4501; baseline -0.001 -19"><span class='ocrx_word' id='word_1_572' title='bbox 2444 4419 2880 4501; x_wconf 89' lang='lat' dir='ltr'>cognoscenda</span> <span class='ocrx_word' id='word_1_573' title='bbox 2918 4417 3369 4493; x_wconf 89' lang='lat' dir='ltr'>sunt‚.homini</span> <span class='ocrx_word' id='word_1_574' title='bbox 3401 4417 3720 4492; x_wconf 86' lang='lat' dir='ltr'>intimare,</span> <span class='ocrx_word' id='word_1_575' title='bbox 3752 4425 3943 4500; x_wconf 89' lang='lat' dir='ltr'>atque</span> 
     </span>
     <span class='ocr_line' id='line_1_85' title="bbox 2445 4515 3947 4598; baseline -0.001 -18"><span class='ocrx_word' id='word_1_576' title='bbox 2445 4537 2552 4581; x_wconf 93' lang='lat' dir='ltr'>cor</span> <span class='ocrx_word' id='word_1_577' title='bbox 2581 4518 2862 4581; x_wconf 90' lang='lat' dir='ltr'>hominis</span> <span class='ocrx_word' id='word_1_578' title='bbox 2902 4535 3031 4580; x_wconf 92' lang='lat' dir='ltr'>non</span> <span class='ocrx_word' id='word_1_579' title='bbox 3070 4516 3374 4578; x_wconf 89' lang='lat' dir='ltr'>adhibitis</span> <span class='ocrx_word' id='word_1_580' title='bbox 3415 4515 3686 4598; x_wconf 91' lang='lat' dir='ltr'>strepitu</span> <span class='ocrx_word' id='word_1_581' title='bbox 3724 4535 3799 4579; x_wconf 90' lang='lat' dir='ltr'>ac</span> <span class='ocrx_word' id='word_1_582' title='bbox 3826 4524 3947 4579; x_wconf 87' lang='lat' dir='ltr'>tar-</span> 
     </span>
     <span class='ocr_line' id='line_1_86' title="bbox 2444 4613 3946 4698; baseline -0.001 -19"><span class='ocrx_word' id='word_1_583' title='bbox 2444 4618 2639 4679; x_wconf 83' lang='lat' dir='ltr'>ditate</span> <span class='ocrx_word' id='word_1_584' title='bbox 2696 4616 3032 4692; x_wconf 80' lang='lat' dir='ltr'>sermoniS,</span> <span class='ocrx_word' id='word_1_585' title='bbox 3083 4615 3361 4698; x_wconf 91' lang='lat' dir='ltr'>peritum</span> <span class='ocrx_word' id='word_1_586' title='bbox 3414 4615 3493 4677; x_wconf 91' lang='lat' dir='ltr'>de</span> <span class='ocrx_word' id='word_1_587' title='bbox 3549 4613 3946 4678; x_wconf 90' lang='lat' dir='ltr'>absconditis</span> 
     </span>
     <span class='ocr_line' id='line_1_87' title="bbox 2444 4715 3949 4796; baseline -0.001 -17"><span class='ocrx_word' id='word_1_588' title='bbox 2444 4718 2726 4780; x_wconf 91' lang='lat' dir='ltr'>reddere.</span> <span class='ocrx_word' id='word_1_589' title='bbox 2779 4717 2985 4790; x_wconf 90' lang='lat' dir='ltr'>Quum</span> <span class='ocrx_word' id='word_1_590' title='bbox 3036 4715 3211 4778; x_wconf 91' lang='lat' dir='ltr'>enim</span> <span class='ocrx_word' id='word_1_591' title='bbox 3267 4715 3550 4796; x_wconf 84' lang='lat' dir='ltr'>loquitur</span> <span class='ocrx_word' id='word_1_592' title='bbox 3596 4731 3712 4796; x_wconf 90' lang='lat' dir='ltr'>per</span> <span class='ocrx_word' id='word_1_593' title='bbox 3757 4732 3949 4795; x_wconf 89' lang='lat' dir='ltr'>ange·</span> 
     </span>
     <span class='ocr_line' id='line_1_88' title="bbox 2445 4812 3947 4898; baseline -0.002 -20"><span class='ocrx_word' id='word_1_594' title='bbox 2445 4817 2604 4891; x_wconf 91' lang='lat' dir='ltr'>lum,</span> <span class='ocrx_word' id='word_1_595' title='bbox 2655 4816 2996 4898; x_wconf 91' lang='lat' dir='ltr'>aliquando</span> <span class='ocrx_word' id='word_1_596' title='bbox 3051 4814 3444 4877; x_wconf 88' lang='lat' dir='ltr'>voluntatem</span> <span class='ocrx_word' id='word_1_597' title='bbox 3505 4831 3688 4874; x_wconf 91' lang='lat' dir='ltr'>suam</span> <span class='ocrx_word' id='word_1_598' title='bbox 3748 4812 3947 4876; x_wconf 86' lang='lat' dir='ltr'>rebus</span> 
     </span>
     <span class='ocr_line' id='line_1_89' title="bbox 2446 4910 3947 4993; baseline -0.001 -16"><span class='ocrx_word' id='word_1_599' title='bbox 2446 4935 2557 4977; x_wconf 90' lang='lat' dir='ltr'>seu</span> <span class='ocrx_word' id='word_1_600' title='bbox 2607 4914 2790 4977; x_wconf 87' lang='lat' dir='ltr'>factis</span> <span class='ocrx_word' id='word_1_601' title='bbox 2849 4913 3107 4986; x_wconf 92' lang='lat' dir='ltr'>indicat,</span> <span class='ocrx_word' id='word_1_602' title='bbox 3156 4911 3498 4993; x_wconf 88' lang='lat' dir='ltr'>aliquando</span> <span class='ocrx_word' id='word_1_603' title='bbox 3552 4910 3947 4992; x_wconf 83' lang='lat' dir='ltr'>imaginibus</span> 
     </span>
     <span class='ocr_line' id='line_1_90' title="bbox 2445 5010 3947 5092; baseline -0.003 -16"><span class='ocrx_word' id='word_1_604' title='bbox 2445 5014 2649 5076; x_wconf 91' lang='lat' dir='ltr'>oculis</span> <span class='ocrx_word' id='word_1_605' title='bbox 2699 5012 2907 5075; x_wconf 91' lang='lat' dir='ltr'>cordis</span> <span class='ocrx_word' id='word_1_606' title='bbox 2956 5011 3249 5085; x_wconf 83' lang='lat' dir='ltr'>ostensiS,</span> <span class='ocrx_word' id='word_1_607' title='bbox 3295 5010 3675 5092; x_wconf 89' lang='lat' dir='ltr'>quandoque</span> <span class='ocrx_word' id='word_1_608' title='bbox 3720 5010 3947 5092; x_wconf 82' lang='lat' dir='ltr'>imagi—</span> 
     </span>
     <span class='ocr_line' id='line_1_91' title="bbox 2446 5107 3949 5192; baseline -0.003 -17"><span class='ocrx_word' id='word_1_609' title='bbox 2446 5113 2639 5175; x_wconf 92' lang='lat' dir='ltr'>nibus</span> <span class='ocrx_word' id='word_1_610' title='bbox 2684 5118 2831 5173; x_wconf 88' lang='lat' dir='ltr'>ante</span> <span class='ocrx_word' id='word_1_611' title='bbox 2880 5127 3217 5192; x_wconf 92' lang='lat' dir='ltr'>corporeos</span> <span class='ocrx_word' id='word_1_612' title='bbox 3265 5107 3481 5171; x_wconf 91' lang='lat' dir='ltr'>oculos</span> <span class='ocrx_word' id='word_1_613' title='bbox 3530 5127 3608 5170; x_wconf 86' lang='lat' dir='ltr'>ex</span> <span class='ocrx_word' id='word_1_614' title='bbox 3654 5125 3803 5171; x_wconf 88' lang='lat' dir='ltr'>aere</span> <span class='ocrx_word' id='word_1_615' title='bbox 3851 5129 3949 5171; x_wconf 86' lang='lat' dir='ltr'>as—</span> 
     </span>
     <span class='ocr_line' id='line_1_92' title="bbox 2448 5207 3942 5293; baseline -0.004 -17"><span class='ocrx_word' id='word_1_616' title='bbox 2448 5211 2743 5293; x_wconf 90' lang='lat' dir='ltr'>sumptis,</span> <span class='ocrx_word' id='word_1_617' title='bbox 2778 5210 3101 5271; x_wconf 91' lang='lat' dir='ltr'>interdum</span> <span class='ocrx_word' id='word_1_618' title='bbox 3134 5207 3501 5271; x_wconf 90' lang='lat' dir='ltr'>coelestibus</span> <span class='ocrx_word' id='word_1_619' title='bbox 3541 5207 3942 5282; x_wconf 75' lang='lat' dir='ltr'>substantiiS,</span> 
     </span>
     <span class='ocr_line' id='line_1_93' title="bbox 2449 5305 3944 5389; baseline -0.002 -16"><span class='ocrx_word' id='word_1_620' title='bbox 2449 5311 2769 5373; x_wconf 91' lang='lat' dir='ltr'>interdum</span> <span class='ocrx_word' id='word_1_621' title='bbox 2814 5308 3105 5382; x_wconf 81' lang='lat' dir='ltr'>terreniS‚</span> <span class='ocrx_word' id='word_1_622' title='bbox 3148 5307 3528 5389; x_wconf 89' lang='lat' dir='ltr'>quandoque</span> <span class='ocrx_word' id='word_1_623' title='bbox 3572 5305 3944 5370; x_wconf 79' lang='lat' dir='ltr'>coelestibus</span> 
     </span>
    </p>
   </div>
   <div class='ocr_carea' id='block_1_15' title="bbox 3978 759 4243 802">
    <p class='ocr_par' dir='ltr' id='par_1_18' title="bbox 3978 759 4243 802">
     <span class='ocr_line' id='line_1_94' title="bbox 3978 759 4243 802; baseline -0.004 0"><span class='ocrx_word' id='word_1_624' title='bbox 3978 773 4079 802; x_wconf 70' lang='lat' dir='ltr'>see.</span> <span class='ocrx_word' id='word_1_625' title='bbox 4104 759 4243 802; x_wconf 64' lang='lat' dir='ltr'>flet-r.</span> 
     </span>
    </p>
   </div>
   <div class='ocr_carea' id='block_1_16' title="bbox 4309 5341 4311 6221">
    <p class='ocr_par' dir='ltr' id='par_1_19' title="bbox 4309 5341 4311 6221">
     <span class='ocr_line' id='line_1_95' title="bbox 4309 5341 4311 6221; baseline 0 0"><span class='ocrx_word' id='word_1_626' title='bbox 4309 5341 4311 6221; x_wconf 95' lang='lat' dir='ltr'> </span> 
     </span>
    </p>
   </div>
  </div>
 </body>
</html>
