4334 6242
804 421 927 490 216

1476 444 1539 490 IN
1579 444 1799 491 mamm
1844 445 1887 490 11
1928 444 2409 491 SENTENHARUM.
2455 464 2535 474 --
2575 446 2728 492 DisT.
2777 447 2884 510 1113
2927 449 3150 504 QUAEST.
3200 449 3242 494 11

804 611 1241 678 sistentialiter
1270 615 1561 698 sumptis.
1578 615 1907 697 Quumque
1936 615 2296 698 opponitur,
2329 615 2380 678 A
2412 613 2933 680 individuationis
2965 617 3388 692 materiae,erit
3419 618 3746 701 potissima
3773 637 3917 682 cau·

805 714 968 795 quod
1000 713 1197 777 forma
1228 733 1350 777 non
1380 722 1475 777 est
1505 716 1637 777 haec
1668 714 1791 777 nisi
1824 715 1970 796 quia
2000 715 2304 795 recipitur

806 811 873 873 in
920 813 1181 873 materia
1229 813 1493 894 signata,
1535 813 1655 876 hoc
1698 821 1794 874 est
1836 833 1951 896 per
1991 813 2303 896 quantita-

803 918 933 972 tem
978 911 1395 974 determinata
1442 921 1629 994 atque
1673 913 1913 992 divisa3
1954 912 2298 974 dicendum

806 1010 974 1091 quod
1023 1009 1255 1072 falsum
1304 1018 1420 1085 est,
1464 1010 1766 1093 quoniam
1816 1011 2021 1075 forma
2069 1030 2186 1092 per
2233 1029 2300 1072 se

802 1107 1006 1189 ipsam
1052 1107 1394 1172 intrinsece
1434 1117 1529 1172 est
1567 1111 1724 1186 haec,
1756 1118 1819 1172 et
1858 1128 1983 1173 non
2026 1129 2139 1192 per
2177 1110 2300 1172 hoc

801 1206 970 1288 quod
1021 1207 1327 1289 recipitur
1372 1208 1436 1270 in
1488 1209 1772 1284 materia,
1814 1208 1937 1271 nisi
1984 1210 2301 1272 concomi-

800 1311 1007 1367 tanter
1041 1325 1055 1369 :
1091 1307 1242 1388 quia
1271 1308 1441 1388 quod
1482 1308 1563 1370 sit
1593 1309 1748 1380 haec,
1782 1327 1909 1371 non
1950 1309 2142 1371 habet
2170 1309 2296 1370 nisi

802 1401 869 1464 in
915 1405 1197 1478 materia,
1240 1404 1365 1466 nisi
1409 1405 1491 1467 sit
1538 1405 1911 1488 separabilis
1959 1407 2184 1479 forma,
2229 1415 2297 1468 ut

802 1500 1033 1563 anima.
1068 1501 1212 1565 Haec
1254 1503 1608 1566 Durandus.

882 1599 1079 1681 Cujus
1109 1600 1478 1683 opinionem
1510 1603 1833 1665 recitative
1866 1603 2119 1677 induco,
2146 1621 2300 1685 quo-

801 1698 974 1760 niam
1020 1698 1220 1762 multa
1264 1700 1533 1763 includit
1571 1721 1712 1783 quae
1750 1721 1785 1762 a
1824 1702 2150 1763 communi
2193 1703 2298 1764 do-

2411 733 2479 776 sa
2529 714 3053 778 individuationis
3101 735 3321 780 eorum
3369 737 3509 799 quae
3558 737 3670 800 per
3717 727 3918 781 mate⁴

2411 812 2567 875 riam
2619 814 2928 895 signatam
2980 815 3477 879 individuantur.
3512 852 3592 861 —
3622 817 3916 899 Denique

2411 913 2674 974 materia
2717 913 2980 994 signata,
3023 914 3088 975 in
3133 933 3247 976 sua
3289 915 3530 978 ratione
3569 935 3680 978 seu
3724 915 3916 977 intel-

2409 1009 2672 1091 ligentia
2719 1011 2987 1074 includit
3029 1031 3155 1075 non
3199 1013 3406 1075 solum
3457 1014 3786 1075 materiam
3829 1014 3915 1075 de

2408 1126 2638 1188 genere
2679 1109 3069 1184 substantiae‚
3104 1112 3215 1173 sed
3245 1118 3310 1172 et
3338 1110 3579 1194 aliquid
3615 1112 3694 1174 de
3720 1130 3916 1193 gene-

2409 1225 2476 1268 re
2517 1207 2909 1289 quantitatiS,
2941 1215 3050 1270 aut
3081 1210 3272 1271 etiam
3312 1210 3655 1291 qualitatis,
3689 1229 3915 1291 quem-

2407 1306 2750 1368 admodum
2790 1307 2982 1369 homo
3019 1307 3223 1369 albus.
3259 1307 3421 1388 Ergo
3460 1326 3586 1371 non
3623 1317 3720 1370 est
3749 1309 3912 1390 quid

2408 1423 2610 1465 unum
2643 1405 3042 1486 simpliciter,
3076 1425 3283 1488 neque
3316 1407 3382 1468 in
3411 1406 3912 1489 praedicamento

2409 1502 2798 1577 substantiae,
2851 1503 3016 1566 sicut
3076 1523 3194 1566 nec
3249 1504 3466 1567 album
3521 1523 3535 1567 ε
3587 1525 3736 1586 ergo
3783 1525 3910 1568 nec

2405 1599 2834 1675 individuum,
2867 1602 2944 1663 de
2975 1602 3162 1682 cujus
3203 1602 3530 1666 intellectu
3571 1624 3684 1666 seu
3723 1605 3913 1668 ratio-

2407 1719 2486 1761 ne
2534 1708 2632 1762 est
2681 1701 2823 1762 talis
2875 1702 3158 1763 materia.
3201 1702 3430 1784 Sicque
3481 1704 3702 1785 primae
3751 1705 3910 1768 sub-

798 1804 1047 1860 ctorum
1092 1799 1379 1860 doctrina
1415 1799 1750 1862 dissentire
1790 1800 2109 1874 videntur,
2145 1820 2297 1883 prae-
2331 1800 2378 1862 B
2406 1798 2652 1861 stantiae
2691 1799 3114 1861 materialium
3154 1819 3366 1862 rerum
3405 1820 3478 1863 ac
3517 1802 3906 1884 specierum,

799 1896 1017 1958 sertim
1058 1897 1226 1978 quod
1267 1897 1422 1959 dicit
1452 1898 1781 1961 materiam
1822 1899 2296 1961 communicare

799 2013 939 2058 esse
983 1995 1105 2079 ipsi
1152 1995 1419 2059 formae:
1453 1999 1623 2078 quod
1666 2005 1877 2060 tamen
1922 1997 2176 2060 videtur
2217 1998 2294 2060 ad

798 2093 971 2156 hunc
1010 2113 1269 2157 sensum
1313 2095 1571 2170 dixisse,
1607 2096 1757 2179 quia
1794 2104 1889 2159 est
1928 2115 2115 2159 causa
2156 2097 2295 2159 sine

795 2211 921 2275 qua
963 2211 1109 2256 non.

877 2395 1198 2457 Postremo
1226 2394 1304 2455 de
1336 2393 1837 2456 individuatione
1869 2395 2294 2457 materialium

796 2493 1296 2556 substantiarum
1340 2493 1621 2574 loquitur
1656 2493 1927 2556 Thomas
1971 2494 2035 2556 in
2075 2503 2297 2557 tracta-

796 2601 864 2654 tu
907 2611 1023 2655 suo
1061 2593 1139 2654 de
1182 2592 1333 2654 Esse
1377 2601 1439 2654 et
1477 2593 1753 2654 essentia
1786 2610 1799 2655 :
1834 2593 1989 2666 Quia
2033 2594 2295 2655 materia

798 2689 1323 2752 individuationis
1355 2690 1743 2771 principium
1776 2699 1892 2766 est,
1916 2710 1993 2753 ex
2024 2692 2143 2754 hoc
2174 2692 2296 2754 for-

797 2796 860 2851 te
912 2796 1305 2871 sequeretur,
1352 2789 1520 2869 quod
1570 2789 1865 2864 essentia,
1911 2809 2052 2871 quae
2102 2798 2295 2853 mate-

798 2887 958 2949 riam
998 2895 1061 2948 et
1097 2886 1367 2948 formam
1415 2886 1881 2967 complectitur,
1916 2888 1998 2949 sit
2047 2895 2292 2951 tantum

2407 1903 2475 1957 ut
2504 1897 2744 1972 PetruS‚
2775 1899 3066 1972 JoanneS,
3101 1917 3228 1961 non
3258 1906 3470 1962 essent
3501 1901 3564 1962 in
3602 1902 3910 1982 prae-dica-

2407 2003 2622 2058 mento
2648 1996 3046 2060 substantiae:
3068 1998 3234 2078 quod
3267 2016 3526 2078 prorsus
3555 1998 3910 2062 absurdum

2405 2101 2518 2154 est.
2553 2094 2928 2176 —Insuper
2969 2103 3180 2176 posset
3225 2096 3316 2158 sic
3358 2096 3536 2177 argui
3581 2115 3595 2160 ε
3639 2097 3910 2180 Compo-

2406 2191 2552 2254 sitio
2583 2194 2811 2274 prima‚
2845 2192 3143 2256 videlicet
3178 2195 3331 2256 unio
3360 2194 3582 2258 formae
3615 2195 3909 2258 substan-

2404 2283 2572 2353 tialis
2595 2311 2740 2354 cum
2771 2292 3046 2366 materia,
3060 2293 3358 2374 praecedit
3383 2295 3906 2377 compositionem

2405 2390 2773 2464 secundam,
2836 2410 2978 2472 quae
3035 2398 3131 2452 est
3188 2391 3559 2471 conjunctio
3621 2395 3908 2459 materiae

2405 2506 2552 2549 cum
2596 2488 2802 2551 forma
2843 2489 3241 2563 accidentali,
3278 2490 3482 2571 qualis
3523 2499 3622 2553 est
3660 2492 3910 2555 dimen—

2403 2586 2516 2649 sio.
2569 2587 2772 2660 Quum
2824 2605 2972 2668 crgo
3023 2587 3545 2651 individuationis
3596 2590 3906 2672 principi-

2404 2704 2536 2759 um,
2570 2686 2738 2767 quod
2779 2687 3132 2748 secundum
3175 2687 3338 2749 hanc
3367 2688 3736 2770 opinionem
3773 2709 3908 2751 ma-

2403 2785 2561 2846 teria
2603 2792 2698 2847 est
2743 2785 3006 2866 signata,
3043 2786 3326 2849 includat
3369 2788 3900 2869 compositionem

2403 2884 2770 2956 secundam,
2807 2891 3024 2965 utpote
3064 2885 3579 2965 conjunctionem
3621 2888 3906 2952 materiae

800 2985 1219 3068 particularis
1264 2985 1504 3047 Idcirco
1547 2985 1901 3060 sciendum,
1944 2989 2113 3068 quod
2164 3007 2292 3052 non
2331 2983 2374 3047 C
2405 3000 2551 3044 cum
2584 2983 2955 3063 quantitate,
2983 2983 3251 3045 includit
3279 2993 3338 3045 et
3371 2986 3902 3066 compositionem

796 3103 1217 3169 quaecumque
1266 3084 1374 3146 sed
1434 3084 1639 3146 solum
1700 3084 1945 3166 signata
2004 3088 2288 3163 materia,

796 3204 937 3267 quae
976 3183 1097 3246 sub
1126 3182 1563 3246 determinatis
1603 3182 2109 3246 dimensionibus
2150 3203 2294 3248 con-

794 3283 1055 3356 tinetur,
1119 3281 1639 3345 individuationis
1703 3282 1995 3344 consistit
2057 3284 2294 3364 princi-

795 3383 997 3464 pium.
1063 3381 1138 3443 Et
1196 3382 1329 3444 hoec
1390 3381 1653 3443 materia
1714 3399 1841 3444 non
1903 3381 2163 3462 ponitur
2227 3383 2292 3446 in

794 3479 1170 3543 definitione
1213 3479 1514 3553 hominiS,
1553 3481 1661 3542 sed
1708 3479 2001 3553 SocratiS‚
2037 3480 2089 3541 si
2134 3482 2292 3544 defi-

794 3578 1107 3641 nitionem
1152 3577 1428 3639 haberet.
1464 3578 1607 3640 Haec
1652 3577 1762 3640 ibi.

875 3677 1115 3752 Quibus
1164 3675 1362 3756 objici
1411 3683 1639 3758 potest,
1682 3677 1850 3758 quod
1902 3679 2167 3741 materia
2214 3680 2294 3742 si-

792 3783 981 3858 gnata
1037 3795 1177 3857 qnae
1237 3776 1301 3836 in
1362 3775 1739 3838 definitione
1801 3775 2114 3839 individui
2176 3797 2290 3860 po-

792 3882 1071 3947 neretur,
1130 3874 1184 3935 si
1244 3873 1577 3935 definibile
1634 3882 1821 3946 esset,
1874 3881 1971 3936 est
2030 3877 2292 3939 materia

791 3972 1121 4035 individua
1151 3991 1260 4034 seu
1295 3971 1705 4034 individuata.
1728 3972 1984 4034 Materia
2014 3993 2291 4055 namque

789 4074 867 4135 de
908 4091 975 4134 se
1019 4071 1306 4134 nominat
1347 4071 1501 4154 quid
1554 4089 1915 4145 commune,
1959 4074 2127 4154 quod
2180 4092 2291 4155 per

2404 3081 2677 3162 primam
2725 3098 2738 3142 :
2782 3081 3000 3163 sicque
3053 3083 3194 3143 talis
3248 3083 3510 3145 materia
3557 3093 3722 3147 esset
3767 3086 3902 3166 jam

2405 3180 2558 3262 quid
2624 3180 3034 3243 informatum
3093 3181 3298 3244 forma
3355 3182 3779 3258 substantiali,
3841 3193 3907 3247 et

2406 3279 2491 3340 ita
2529 3295 2654 3342 non
2688 3287 2854 3341 esset
2885 3298 3029 3360 pars
3065 3280 3498 3342 substantialis
3533 3281 3908 3346 substantiae

2405 3377 2650 3459 primae,
2689 3397 2830 3461 quae
2873 3378 3107 3439 dicitur
3151 3378 3535 3441 individuari
3581 3399 3696 3463 per
3737 3401 3900 3444 eam.

2483 3478 2806 3546 Praeterea,
2842 3477 2895 3537 si
2935 3477 3200 3539 materia
3237 3479 3588 3540 secundum
3627 3497 3694 3541 se
3728 3499 3901 3542 sum-

2403 3585 2509 3658 pta
2540 3576 2788 3637 dicatur
2819 3574 3341 3637 individuationis
3373 3576 3787 3658 principium,
3811 3589 3906 3641 ut·

2403 3683 2548 3757 pote
2579 3673 2927 3736 terminans
2957 3673 3206 3735 fluxum
3237 3673 3480 3748 formae,
3505 3683 3574 3736 ut
3600 3676 3901 3741 Albertus

2401 3781 2462 3835 et
2505 3773 2610 3835 alii
2660 3772 2845 3833 multi
2890 3771 3188 3834 videntur
3229 3773 3464 3835 sentire
3497 3792 3512 3837 ε
3547 3772 3743 3855 objici
3787 3795 3900 3858 po-

2401 3879 2543 3944 test,
2586 3870 2755 3953 quod
2802 3870 2985 3950 juxta
3027 3869 3504 3951 Philosophum,
3549 3871 3753 3934 forma
3801 3883 3902 3937 est

2401 3989 2540 4050 quae
2577 3967 2911 4048 distinguit
2941 3976 3002 4031 et
3033 3976 3301 4049 separat,
3334 3977 3544 4032 actuat
3574 3979 3764 4053 atque
3794 3973 3902 4034 de-

2400 4067 2726 4146 terminat;
2768 4075 2831 4128 et
2861 4067 3027 4129 sicut
3063 4066 3269 4129 forma
3308 4063 3684 4149 generaliter
3723 4089 3897 4132 sum-

791 4171 1207 4255 quantitatem
1253 4177 1489 4231 certam
1536 4188 1645 4232 seu
1693 4170 2178 4232 determinatam
2228 4179 2290 4234 et
2320 4175 2370 4236 D
2400 4173 2506 4247 pta
2547 4166 2652 4227 dat
2695 4185 2833 4228 esse
2885 4165 3184 4240 materiae,
3227 4165 3315 4228 ita
3361 4167 3496 4230 haec
3537 4167 3742 4230 forma
3789 4170 3902 4232 dat

789 4268 1159 4353 qualitatem
1220 4266 1657 4328 individuatur
1708 4286 1722 4330 :
1776 4285 1923 4348 ergo
1974 4268 2111 4349 ipsa
2162 4287 2290 4332 non

788 4375 885 4430 est
918 4364 1439 4428 individuationis
1468 4364 1645 4444 origo
1675 4372 1735 4426 et
1766 4365 2084 4440 radix,sed
2119 4367 2290 4449 quod

788 4484 929 4528 eam
976 4463 1351 4536 individuat,
1392 4462 1622 4524 limitat
1664 4469 1726 4524 et
1764 4463 2068 4543 designat.
2112 4465 2289 4538 Quod

789 4563 843 4626 si
894 4561 1040 4644 quis
1086 4561 1274 4634 dicat,
1320 4561 1521 4642 ipsam
1572 4579 1711 4622 esse
1752 4561 2143 4643 principium
2195 4563 2286 4625 in-

788 4660 1242 4725 dividuationis
1302 4659 1725 4722 materialium
1786 4658 2285 4725 substantiarum

788 4760 1164 4842 primarum,
1199 4765 1353 4840 puta
1381 4757 1880 4830 individuorum,
1914 4776 2039 4821 non
2072 4767 2284 4822 autem

786 4857 1167 4940 simpliciter
1194 4858 1387 4919 totius
1432 4855 1954 4918 individuationis
1994 4857 2060 4919 in
2098 4877 2287 4939 gene-

787 4976 854 5020 re
898 4954 1244 5037 corporalis
1287 4953 1695 5033 substantiae3
1738 4952 2099 5034 objicietur,
2135 4957 2288 5038 quia

785 5055 955 5137 quod
986 5061 1083 5116 est
1112 5072 1302 5116 causa
1332 5071 1558 5127 causae,
1591 5060 1688 5113 est
1718 5071 1907 5114 causa
1937 5056 2197 5128 causati,
2222 5065 2285 5118 et

2399 4264 2677 4326 materiae
2716 4265 2866 4326 huic
2905 4264 3025 4326 hoc
3066 4283 3204 4326 esse
3235 4265 3624 4328 individuale
3653 4275 3718 4328 et
3747 4267 3898 4330 sub-

2397 4362 2706 4423 stantiale.
2755 4362 2986 4444 Sicque
3035 4363 3239 4425 forma
3289 4365 3492 4426 multo
3542 4364 3684 4446 plus
3733 4365 3902 4428 limi-

2396 4469 2507 4535 tat,
2568 4460 2947 4523 determinat
3011 4461 3496 4544 individuatque
3564 4463 3894 4528 materiam

2397 4579 2590 4642 quam
2633 4567 2889 4623 econtra
2934 4578 2948 4622 ε
2992 4561 3346 4642 praesertim
3385 4581 3584 4644 quum
3631 4564 3898 4627 materia

2396 4659 2477 4721 sit
2517 4659 2594 4721 de
2634 4678 2700 4722 se
2743 4678 2903 4741 pura
2945 4660 3248 4741 potentia,
3285 4659 3661 4723 indifferens
3699 4669 3763 4724 et
3803 4662 3898 4725 in-

2396 4757 2813 4821 determinata
2841 4759 2917 4820 ad
2950 4757 3220 4820 sormam
3258 4778 3752 4842 quamcumque,
3785 4769 3893 4822 aut

2393 4856 2616 4917 saltem
2658 4856 2734 4918 ad
2775 4856 2960 4918 istam
3002 4875 3114 4918 seu
3156 4856 3352 4918 illam.
3387 4857 3712 4930 Quomodo
3741 4877 3895 4939 ergo

2394 4953 2658 5016 materia
2716 4953 2996 5017 conseret
3056 4953 3236 5016 alteri
3294 4955 3892 5019 determinationem

2393 5052 2872 5126 individualem,
2909 5053 3237 5134 potissime
3279 5052 3337 5115 ei
3374 5073 3412 5114 a
3449 5071 3576 5136 quo
3615 5053 3756 5134 ejus
3796 5055 3894 5116 in-

785 5153 954 5236 quod
1015 5152 1222 5235 prima
1272 5170 1461 5213 causa
1516 5150 1579 5212 in
1632 5151 1805 5212 omni
1866 5152 2086 5214 ordine
2139 5154 2282 5234 plus
2389 5151 2834 5213 determinatio
2892 5151 3302 5232 specificatur
3357 5170 3431 5213 ac
3486 5151 3888 5228 terminatur,

787 5251 1013 5313 ceteris
1065 5249 1281 5312 influit
1332 5267 1347 5312 τ
1404 5249 1465 5311 id
1514 5267 1663 5330 ergo
1720 5250 1889 5331 quod
1947 5257 2043 5312 est
2092 5269 2282 5314 causa
2387 5257 2578 5331 atque
2621 5251 2699 5312 ad
2739 5249 3129 5312 individuale
3171 5268 3310 5312 esse
3354 5250 3779 5332 perducitur?
