4334 6242
896 501 979 546 AN
1024 501 1296 548 Arioi-:Lus
1340 502 1403 547 ΙΝ
1446 499 1627 548 Pnfflo
1672 499 1950 548 tNSTAN'rt
1994 501 2122 548 SUAE
2164 501 2521 548 CREA'rtoNts
2565 505 2778 550 FUERtT
2817 505 3016 551 natus

3375 487 3496 550 243

370 668 851 744 deliberativae,
883 679 979 734 est
1022 673 1339 734 dictamen
1390 672 1749 734 intellectus
1800 672 1891 734 in·
1923 672 1975 734 A
2005 691 2212 755 neque
2251 673 2614 736 omissionis
2648 693 2662 738 ε
2696 675 2846 756 quia
2883 692 3008 737 non
3040 682 3136 736 est
3165 681 3496 756 peccatum

369 765 606 830 susum
642 789 758 831 seu
788 771 1193 852 acquisitum.
1229 771 1421 832 Actus
1451 772 1639 833 etiam
1676 772 1894 833 volun-

368 867 527 930 tatis
570 869 907 943 naturaliS,
941 876 1035 932 est
1064 889 1101 931 a
1129 871 1454 932 voluntate
1486 870 1550 931 in
1583 879 1893 951 quantum

368 973 473 1027 est
518 975 795 1043 natura3
844 975 1023 1031 actus
1069 976 1283 1030 autem
1331 987 1483 1030 suus
1532 969 1893 1031 deliberati-

368 1081 523 1138 vuS,
554 1071 659 1128 est
691 1065 772 1128 ab
800 1083 874 1128 ea
904 1067 969 1128 in
999 1073 1309 1148 quantum
1341 1075 1437 1128 est
1468 1066 1683 1129 libera.
1706 1067 1894 1130 Porro

371 1161 637 1226 bonum
687 1164 755 1226 in
804 1165 1108 1228 relatione
1156 1182 1282 1228 non
1332 1165 1632 1248 praecedit
1673 1165 1894 1228 ordine

372 1268 635 1325 naturae
687 1261 927 1326 bonum
976 1263 1363 1337 absolutum,
1407 1282 1526 1326 nec
1573 1263 1892 1326 dictamen

372 1361 787 1443 acquisitum
824 1361 1141 1424 dictamen
1182 1360 1489 1436 naturale,
1523 1380 1641 1424 nec
1676 1362 1895 1424 volun-

372 1465 475 1521 tas
520 1458 735 1522 libera
772 1477 839 1522 se
872 1460 1075 1542 ipsam
1117 1468 1187 1522 ut
1215 1469 1311 1522 est
1347 1468 1590 1522 natura.
1626 1460 1789 1542 Ergo
1827 1460 1892 1522 in

373 1558 619 1638 angelo
678 1576 805 1621 non
863 1559 1071 1640 potuit
1128 1578 1267 1622 esse
1324 1566 1501 1621 actus
1549 1559 1894 1622 voluntatis

374 1656 851 1720 deliberativas
880 1666 1027 1720 ante
1060 1676 1317 1720 omnem
1353 1658 1705 1719 naturalem
1746 1657 1895 1739 ipsi-

376 1773 457 1816 us
500 1763 747 1817 actum.
784 1757 903 1818 Sed
946 1756 1191 1838 primus
1234 1755 1537 1818 naturalis
1578 1763 1756 1817 actus
1786 1773 1895 1818 vo-

2006 771 2370 834 omissionis
2411 772 2534 833 nisi
2576 793 2773 854 quum
2806 773 3098 835 voluntas
3137 773 3376 834 omittit
3403 792 3501 834 ac-

2006 877 2141 931 tum
2192 871 2270 932 ad
2329 888 2521 952 quem
2573 877 2841 944 tenetur,
2897 889 3011 952 pro
3060 870 3170 932 illo
3219 878 3502 952 tempore

2006 968 2106 1029 vel
2138 968 2399 1030 instanti
2429 986 2557 1050 quo
2587 968 2664 1030 ad
2699 969 2881 1030 illum
2911 977 3200 1050 tenetur-3
3241 969 3503 1050 angelus

2006 1073 2218 1128 autem
2250 1065 2330 1128 ab
2362 1066 2623 1131 instanti
2653 1086 2784 1130 suae
2815 1067 3151 1130 creationis
3181 1085 3310 1130 non
3340 1075 3508 1130 tene-

2008 1162 2195 1226 batur
2233 1183 2300 1226 se
2340 1165 2416 1227 ad
2458 1166 2658 1228 Deum
2701 1172 3070 1228 convertere
3108 1163 3324 1247 aliquo
3359 1173 3505 1230 actu

2006 1262 2350 1324 voluntatis
2402 1262 2817 1326 deliberativo
2859 1282 2874 1328 z
2918 1281 3068 1344 ergo
3120 1262 3186 1326 in
3245 1262 3356 1326 illo
3409 1262 3503 1327 in-

2006 1359 2198 1422 stanti
2255 1368 2538 1423 avertere
2587 1379 2655 1424 se
2704 1361 3013 1443 nequivit,
3065 1379 3185 1425 nec
3242 1370 3502 1444 peccato

2007 1459 2498 1534 commissioniS‚
2551 1478 2758 1542 neque
2808 1469 3068 1543 peccato
3111 1461 3495 1527 omissionis.

2004 1557 2147 1621 Haec
2187 1558 2554 1621 RicharduS.

2084 1657 2498 1720 Praeinductis
2555 1657 2894 1722 concordat
2951 1657 3244 1722 Albertus
3303 1677 3498 1742 quan-

2003 1763 2141 1817 tum
2182 1758 2259 1819 ad
2301 1757 2654 1839 principale
2690 1758 3027 1821 intentum.
3061 1759 3354 1821 Attamen
3388 1760 3498 1834 ait,

379 1852 661 1915 luntatis
722 1855 1047 1934 angelicae,
1108 1872 1235 1917 non
1299 1854 1507 1936 potuit
1568 1873 1707 1916 esse
1771 1854 1897 1916 nisi
1928 1856 1975 1918 B
2005 1855 2176 1934 quod
2225 1855 2486 1936 angelus
2538 1874 2656 1917 nec
2699 1855 2766 1916 in
2815 1857 3022 1937 primo
3074 1857 3333 1919 instanti
3382 1875 3500 1920 nec

378 1952 793 2014 rectissimus
838 1953 1217 2015 rectitudine
1256 1952 1729 2034 proportionata
1767 1971 1896 2016 suae

378 2058 639 2114 naturae
677 2051 875 2133 :quia
918 2070 1019 2114 res
1062 2070 1189 2114 non
1235 2051 1539 2133 impedita
1583 2052 1785 2113 tendit
1828 2051 1895 2114 in

378 2169 585 2211 suum
628 2150 1021 2232 principium
1063 2151 1333 2212 naturali
1376 2157 1549 2212 motu
1594 2150 1659 2211 in
1699 2169 1895 2232 quan-

378 2255 526 2310 tum
562 2257 783 2330 potest.
798 2249 1002 2323 Quum
1030 2249 1201 2312 enim
1233 2267 1422 2311 omne
1450 2267 1757 2329 generans
1789 2267 1899 2310 seu

380 2347 759 2428 producens
804 2348 1184 2410 determinet
1230 2367 1418 2409 suum
1468 2346 1771 2409 effectum
1818 2347 1894 2408 ad

378 2445 677 2527 aliquem
716 2453 929 2508 actum
968 2464 1097 2527 quo
1135 2453 1399 2508 conetur
1441 2463 1555 2507 suo
1596 2445 1895 2525 conjungi

380 2543 739 2626 principio,
772 2545 865 2606 sic
896 2561 1046 2624 ergo
1076 2551 1138 2605 et
1168 2543 1333 2605 Deus
1374 2545 1643 2605 creando
1674 2543 1895 2605 volun-

378 2651 589 2704 tatem
634 2642 867 2723 angeli,
899 2642 1345 2704 determinavit
1382 2661 1521 2703 eam
1566 2642 1644 2703 ad
1684 2651 1895 2703 actum

380 2740 679 2822 aliquem
718 2741 1068 2802 naturalem
1104 2757 1231 2821 quo
1264 2740 1587 2803 nitebatur
1618 2740 1895 2802 Creatori

380 2857 505 2902 suo
550 2839 844 2900 uniri.—
870 2838 997 2900 Nec
1038 2838 1105 2900 in
1146 2838 1256 2900 illo
1298 2845 1473 2900 motu
1513 2839 1720 2920 potuit
1758 2856 1895 2900 esse

380 2937 609 3018 aliqua
639 2936 1001 3018 obliquitas,
1017 2936 1167 3018 quia
1198 2936 1306 2998 illa
1336 2936 1547 2998 refusa
1578 2935 1804 2997 suisset
1830 2935 1895 2996 in

2005 1952 2069 2013 in
2118 1952 2335 2034 aliquo
2385 1953 2642 2015 instanti
2693 1954 3074 2016 indivisibili
3123 1955 3329 2036 potuit
3373 1972 3501 2017 mo-

2004 2051 2138 2112 veri
2191 2051 2255 2112 in
2309 2050 2550 2113 bonum
2607 2060 2717 2114 aut
2767 2052 3004 2114 malum
3063 2053 3493 2115 deliberative.

2003 2148 2139 2209 Non
2175 2148 2348 2210 enim
2382 2151 2604 2212 eodem
2647 2151 2833 2212 modo
2863 2157 2959 2212 est
2990 2150 3052 2211 in
3095 2157 3272 2212 motu
3312 2150 3498 2213 liberi

2002 2248 2274 2322 arbitrii,
2335 2256 2398 2310 et
2459 2248 2523 2309 in
2590 2249 2888 2330 potentiis
2951 2249 3364 2312 naturalibus.
3427 2250 3498 2312 In

2004 2354 2182 2408 motu
2223 2365 2496 2428 namque
2527 2365 2638 2408 seu
2677 2354 2824 2408 actu
2858 2347 3043 2409 liberi
3073 2347 3342 2422 arbitrii,
3374 2348 3503 2411 exi·

2003 2445 2175 2526 gitur
2213 2444 2540 2506 arbitratio
2570 2452 2633 2507 et
2660 2445 2993 2508 aestimatio
3031 2445 3174 2525 ejus
3212 2447 3290 2507 ad
3330 2448 3500 2527 quod

2005 2551 2318 2618 movetur,
2364 2563 2436 2605 ac
2488 2544 2820 2626 dispositio
2870 2545 3141 2626 qualiter
3189 2546 3502 2626 pertinga-

2004 2649 2108 2703 tur
2145 2642 2226 2716 ad
2268 2641 2448 2714 illud,
2482 2649 2671 2723 atque
2712 2643 3025 2704 sententia
3054 2641 3131 2704 de
3164 2649 3339 2705 motu
3373 2661 3502 2725 quo

2007 2747 2298 2801 movetur
2355 2739 2432 2801 ad
2492 2739 2650 2801 illud
2707 2760 2721 2803 ε
2773 2760 2914 2822 quae
2969 2741 3184 2802 omnia
3240 2742 3503 2822 exigunt

2006 2856 2248 2900 moram
2311 2839 2635 2919 temporiS‚
2687 2846 2749 2900 et
2809 2839 2874 2901 in
2934 2857 3064 2900 uno
3123 2838 3498 2901 indivisibili

2004 2956 2182 2996 nunc
2223 2936 2400 2998 nullo
2455 2937 2641 2998 modo
2691 2935 2834 2998 sieri
2879 2937 3109 2998 valent.
3156 2937 3232 2998 Et
3273 2945 3503 3018 praeter

381 3044 723 3097 auctorem
755 3034 955 3116 ipsius
985 3042 1245 3096 naturae.
1270 3034 1398 3096 Nec
1430 3053 1576 3095 cum
1606 3041 1750 3096 actu
1784 3034 1895 3096 illo
1929 3033 1971 3096 C
2006 3035 2138 3098 haec
2170 3035 2385 3095 omnia
2424 3034 2698 3115 exigitur
2726 3034 2998 3096 affectus
3039 3035 3500 3117 delectatioque

384 3133 757 3195 rectissimo
788 3139 1031 3214 poterat
1060 3132 1251 3194 simul
1288 3151 1426 3194 esse
1464 3139 1642 3194 actus
1671 3133 1893 3195 volun-

384 3232 539 3294 tatis
582 3229 1038 3292 deliberativas
1078 3230 1363 3292 vitiosus.
1399 3229 1555 3291 Nam
1600 3230 1893 3312 quamvis

382 3346 519 3391 non
561 3334 923 3410 opponatur
961 3327 1016 3389 ei
1060 3327 1300 3390 ratione
1334 3327 1595 3408 speciei,
1630 3328 1894 3408 opponi-

382 3435 493 3489 tur
534 3433 753 3489 tamen
792 3425 852 3488 ei
892 3427 1133 3489 ratione
1171 3425 1444 3507 generiS,
1480 3426 1546 3487 in
1580 3432 1891 3507 quantum

382 3543 519 3588 uno
548 3532 699 3587 actu
732 3523 1023 3587 voluntas
1060 3524 1355 3587 tendebat
1387 3524 1452 3585 in
1492 3542 1681 3585 suum
1722 3523 1895 3606 prin-

382 3625 662 3708 cipium,
682 3631 747 3686 et
775 3622 899 3686 alio
927 3630 1072 3685 actu
1100 3621 1180 3686 ab
1209 3623 1433 3685 eodem
1465 3621 1747 3696 recessit,
1773 3640 1891 3684 nec

382 3742 559 3786 unus
609 3730 873 3785 actuum
920 3721 1147 3785 horum
1195 3720 1607 3784 ordinabatur
1656 3721 1733 3783 ad
1780 3721 1892 3782 ali·

386 3841 521 3884 um.
576 3822 729 3884 Ideo
785 3821 950 3884 sicut
995 3820 1310 3894 videmuS,
1361 3819 1531 3901 quod
1589 3818 1893 3901 quaelihet

382 3920 655 3984 tristitia
684 3920 751 3983 in
780 3920 1015 4002 aliqu0‚
1050 3918 1317 3982 remittit
1353 3918 1725 3980 naturaliter
1753 3935 1892 4000 per-

384 4018 739 4084 fectionem
769 4018 983 4100 gaudii
1014 4017 1077 4080 in
1109 4018 1355 4092 eodem,
1388 4023 1450 4079 et
1479 4016 1647 4099 quod
1679 4024 1889 4079 motus

385 4135 519 4182 non
579 4117 911 4180 ordinatus
967 4117 1045 4179 ad
1103 4116 1323 4191 alium,
1375 4115 1747 4178 naturaliter
1794 4134 1889 4178 re-

2005 3133 2069 3194 in
2119 3151 2196 3194 eo
2243 3133 2319 3194 ad
2371 3134 2540 3214 quod
2599 3142 2908 3195 movetur.
2942 3169 3022 3177 —
3069 3133 3198 3196 Hoc
3254 3133 3500 3196 dictum

2002 3231 2246 3293 Alberti
2287 3238 2591 3293 consonat
2621 3231 3030 3313 proeinductis
3062 3231 3274 3293 verbis
3302 3232 3499 3294 Bona·

2003 3338 2307 3403 venturae,
2342 3328 2634 3410 quamvis
2670 3330 2854 3391 aliter
2896 3328 3165 3390 senserit
3204 3329 3495 3404 ThomaS,

2005 3436 2073 3490 ut
2113 3429 2336 3510 patuit.

2082 3525 2410 3589 Udalricus
2454 3543 2706 3609 quoque
2744 3525 3002 3589 Alberto
3052 3527 3442 3589 concordans
3480 3544 3496 3591 ε

2000 3625 2302 3688 Voluntas
2349 3624 2615 3706 (inquit)
2664 3644 2804 3706 quae
2853 3625 3314 3688 concomitatur
3359 3644 3500 3689 esse

2001 3723 2093 3786 rei
2132 3721 2431 3805 perfectae
2469 3723 2547 3785 ad
2587 3739 2724 3784 esse
2756 3723 2925 3785 etad
2955 3723 3353 3806 operationes
3395 3743 3501 3788 na-

2002 3822 2258 3894 turales,
2292 3838 2420 3883 non
2460 3827 2667 3902 potest
2705 3839 2844 3883 esse
2874 3821 3166 3883 voluntas
3205 3821 3494 3898 electiva,

2000 3939 2125 4002 qua
2183 3919 2315 3982 sola
2374 3926 2898 3980 consummantur
2956 3926 3232 4000 peccata.
3288 3920 3496 3993 Quum

1998 4019 2172 4082 enim
2202 4018 2435 4099 eligere
2466 4017 2568 4091 sit,
2603 4017 2850 4080 duobus
2892 4018 3256 4101 propositis,
3292 4039 3494 4085 unum

1996 4117 2179 4180 alteri
2229 4123 2616 4198 praeoptare3
2671 4122 2920 4198 oportet
2969 4115 3078 4178 illa
3127 4125 3272 4180 ante
3323 4136 3494 4182 com-

386 4215 591 4280 mittit
620 4213 1078 4298 perfectionem
1107 4215 1367 4277 alterius
1398 4213 1466 4277 in
1496 4214 1717 4276 eadem
1750 4211 1890 4276 sub·
1919 4214 1968 4278 D
1998 4215 2390 4299 parationem
2430 4212 2716 4277 absolute
2759 4232 3154 4296 cognoscere,
3182 4220 3246 4277 et
3275 4223 3494 4298 postea

386 4314 645 4389 stantia,
680 4314 1007 4395 multoque
1039 4313 1183 4396 plus
1214 4313 1278 4375 in
1311 4312 1531 4376 eadem
1569 4311 1885 4395 potentia3

384 4415 481 4477 sic
526 4397 781 4496 oportet
818 4412 1183 4486 concedere,
1219 4411 1387 4494 quod
1432 4429 1665 4493 pravus
1708 4417 1887 4474 actus

384 4511 739 4577 voluntatis
778 4508 1207 4574 deliberativae
1250 4511 1515 4572 remittit
1558 4509 1889 4592 perfectio-

386 4629 539 4674 nem
572 4609 881 4673 naturalis
910 4617 1089 4671 actus
1119 4609 1427 4689 ejusdem.
1464 4608 1763 4688 Sequitur
1792 4625 1886 4668 er-

382 4727 487 4792 g0‚
542 4710 715 4791 quod
769 4715 947 4770 actus
1002 4706 1206 4770 malus
1257 4706 1599 4769 voluntatis
1653 4705 1889 4768 delibe-

384 4807 608 4870 rativae
669 4824 799 4868 non
858 4806 1067 4888 potuit
1123 4805 1477 4887 praecedere
1539 4805 1602 4865 in
1663 4804 1888 4884 angelo

386 4906 673 4988 primum
715 4905 1068 4966 naturalem
1108 4911 1321 4967 actum
1357 4903 1701 4965 voluntatis
1741 4901 1889 4983 ipsi-

386 5023 487 5078 us,
520 5022 641 5066 nec
676 5003 871 5066 simul
910 5021 1049 5066 esse
1082 5021 1228 5065 cum
1270 5002 1398 5064 illo.
1434 5002 1592 5064 Hinc
1626 5001 1886 5080 angelus

382 5097 469 5164 'ab
501 5101 767 5164 instanti
800 5121 929 5165 suae
959 5101 1296 5164 creationis
1335 5099 1625 5181 nequivit
1653 5097 1886 5160 habere

386 5199 675 5283 aliquem
724 5198 1069 5263 voluntatis
1114 5206 1329 5262 actum
1379 5198 1690 5280 iniquum.
1745 5194 1889 5258 ldeo

390 5318 512 5364 nec
552 5299 765 5384 potuit
792 5316 1055 5382 peccare
1092 5305 1355 5382 peccato
1392 5295 1882 5370 commissioniS,

1997 4331 2362 4397 comparare
2399 4313 2464 4376 in
2505 4312 2830 4375 intellectu
2871 4331 2944 4376 ac
2973 4311 3298 4377 voluntate
3331 4329 3346 4378 t
3379 4314 3496 4378 sic·

1993 4431 2117 4496 que
2149 4413 2518 4496 praecedunt
2548 4412 2711 4475 hanc
2741 4411 3134 4476 voluntatem
3176 4412 3314 4478 aliae
3345 4431 3493 4497 ope-

1995 4512 2288 4575 rationes,
2323 4511 2625 4574 Voluntas
2669 4529 2818 4592 ergo
2865 4529 3010 4574 mox
3059 4513 3491 4577 concomitans

1994 4610 2424 4692 inceptionem
2472 4628 2609 4672 esse
2660 4611 2775 4683 rei,
2828 4618 2923 4672 est
2970 4611 3262 4674 voluntas
3317 4617 3494 4674 natu·

1994 4709 2167 4782 raliS,
2201 4709 2550 4790 procedens
2589 4725 2667 4770 ex
2712 4708 3191 4790 imperfectione
3235 4705 3489 4771 habitus

1994 4809 2300 4870 naturalis
2350 4824 2476 4888 quo
2522 4806 2732 4869 omnis
2779 4807 3069 4868 voluntas
3119 4805 3492 4869 naturaliter

1994 4906 2204 4985 diligit
2252 4924 2440 4967 suum
2491 4903 2852 4985 subJectum
2895 4904 2995 4965 vel
3045 4902 3393 4984 objectum,
3428 4909 3492 4966 et

1994 5005 2197 5067 Deum
2233 5023 2246 5067 ε
2282 5003 2346 5064 in
2387 5001 2622 5084 quibus
2663 4999 3138 5084 operationibus
3178 5019 3304 5064 non
3346 5019 3492 5064 con-

1994 5102 2162 5164 sistit
2207 5109 2575 5183 peccatum3
2615 5108 2678 5162 et
2722 5100 2810 5161 ita
2857 5100 2924 5162 in
2975 5099 3184 5182 primo
3226 5099 3488 5162 instanti

1996 5199 2435 5284 productionis
2491 5219 2621 5263 suae
2668 5199 2930 5280 angelus
2988 5217 3115 5262 non
3173 5199 3482 5283 peccavit.

1993 5300 2137 5365 Haec
2177 5298 2521 5364 Udalricus·
