<?xml version="1.0" encoding="UTF-8"?>
<!DOCTYPE html PUBLIC "-//W3C//DTD XHTML 1.0 Transitional//EN"
    "http://www.w3.org/TR/xhtml1/DTD/xhtml1-transitional.dtd">
<html xmlns="http://www.w3.org/1999/xhtml" xml:lang="en" lang="en">
 <head>
  <title>
</title>
<meta http-equiv="Content-Type" content="text/html;charset=utf-8" />
  <meta name='ocr-system' content='tesseract 3.04.00' />
  <meta name='ocr-capabilities' content='ocr_page ocr_carea ocr_par ocr_line ocrx_word'/>
</head>
<body>
  <div class='ocr_page' id='page_1' title='image "./doctorisecstati01denigoog_0037.png"; bbox 0 0 4334 6242; ppageno 0'>
   <div class='ocr_carea' id='block_1_1' title="bbox 1179 527 3511 594">
    <p class='ocr_par' dir='ltr' id='par_1_1' title="bbox 1179 527 3511 594">
     <span class='ocr_line' id='line_1_1' title="bbox 1179 527 3511 594; baseline 0.002 -6"><span class='ocrx_word' id='word_1_1' title='bbox 1179 543 1456 590; x_wconf 62' lang='lat' dir='ltr'><strong>arn-oum</strong></span> <span class='ocrx_word' id='word_1_2' title='bbox 1495 543 1960 591; x_wconf 71' lang='lat' dir='ltr'><strong>msrmcrtoNun</strong></span> <span class='ocrx_word' id='word_1_3' title='bbox 2003 543 2162 590; x_wconf 79' lang='lat' dir='ltr'><strong>unm</strong></span> <span class='ocrx_word' id='word_1_4' title='bbox 2205 546 2249 591; x_wconf 83' lang='lat'><strong>11</strong></span> <span class='ocrx_word' id='word_1_5' title='bbox 2291 545 2754 592; x_wconf 70' lang='lat' dir='ltr'><strong>ssmsmunmt</strong></span> <span class='ocrx_word' id='word_1_6' title='bbox 3430 527 3511 594; x_wconf 76' lang='lat'><strong>21</strong></span> 
     </span>
    </p>
   </div>
   <div class='ocr_carea' id='block_1_2' title="bbox 401 711 3509 786">
    <p class='ocr_par' dir='ltr' id='par_1_2' title="bbox 401 711 3509 786">
     <span class='ocr_line' id='line_1_2' title="bbox 401 711 3509 786; baseline -0.001 -16"><span class='ocrx_word' id='word_1_7' title='bbox 401 714 588 769; x_wconf 86' lang='lat' dir='ltr'><strong>modo</strong></span> <span class='ocrx_word' id='word_1_8' title='bbox 638 711 774 770; x_wconf 82' lang='lat' dir='ltr'><strong>licet</strong></span> <span class='ocrx_word' id='word_1_9' title='bbox 825 715 1086 769; x_wconf 78' lang='lat' dir='ltr'><strong>carentes</strong></span> <span class='ocrx_word' id='word_1_10' title='bbox 1133 711 1247 770; x_wconf 78' lang='lat' dir='ltr'><strong>fide</strong></span> <span class='ocrx_word' id='word_1_11' title='bbox 1297 714 1516 770; x_wconf 85' lang='lat' dir='ltr'><strong>bonum</strong></span> <span class='ocrx_word' id='word_1_12' title='bbox 1574 729 1745 786; x_wconf 83' lang='lat' dir='ltr'><strong>agere</strong></span> <span class='ocrx_word' id='word_1_13' title='bbox 1791 729 1906 770; x_wconf 88' lang='lat' dir='ltr'><strong>non</strong></span> <span class='ocrx_word' id='word_1_14' title='bbox 1937 713 1990 775; x_wconf 88' lang='lat' dir='ltr'><strong>A</strong></span> <span class='ocrx_word' id='word_1_15' title='bbox 2022 713 2128 771; x_wconf 89' lang='lat' dir='ltr'><strong>Qui</strong></span> <span class='ocrx_word' id='word_1_16' title='bbox 2159 715 2317 767; x_wconf 83' lang='lat' dir='ltr'><strong>labor</strong></span> <span class='ocrx_word' id='word_1_17' title='bbox 2336 718 2601 766; x_wconf 84' lang='lat' dir='ltr'><strong>externus</strong></span> <span class='ocrx_word' id='word_1_18' title='bbox 2632 715 2836 766; x_wconf 86' lang='lat' dir='ltr'><strong>mentis</strong></span> <span class='ocrx_word' id='word_1_19' title='bbox 2866 717 3118 767; x_wconf 82' lang='lat' dir='ltr'><strong>secretus</strong></span> <span class='ocrx_word' id='word_1_20' title='bbox 3148 715 3217 768; x_wconf 85' lang='lat' dir='ltr'><strong>ab</strong></span> <span class='ocrx_word' id='word_1_21' title='bbox 3242 719 3373 768; x_wconf 83' lang='lat' dir='ltr'><strong>actu</strong></span> <span class='ocrx_word' id='word_1_22' title='bbox 3404 719 3509 776; x_wconf 85' lang='lat' dir='ltr'><strong>est,</strong></span> 
     </span>
    </p>
   </div>
   <div class='ocr_carea' id='block_1_3' title="bbox 399 801 1913 1861">
    <p class='ocr_par' dir='ltr' id='par_1_3' title="bbox 399 801 1913 1861">
     <span class='ocr_line' id='line_1_3' title="bbox 399 801 1908 875; baseline 0 -17"><span class='ocrx_word' id='word_1_23' title='bbox 399 801 652 875; x_wconf 80' lang='lat' dir='ltr'>possint,</span> <span class='ocrx_word' id='word_1_24' title='bbox 685 803 1146 875; x_wconf 66' lang='lat' dir='ltr'><strong>praecedentibus</strong></span> <span class='ocrx_word' id='word_1_25' title='bbox 1181 805 1379 860; x_wconf 84' lang='lat' dir='ltr'><strong>tamen</strong></span> <span class='ocrx_word' id='word_1_26' title='bbox 1419 806 1661 874; x_wconf 82' lang='lat' dir='ltr'><strong>possunt</strong></span> <span class='ocrx_word' id='word_1_27' title='bbox 1699 803 1908 859; x_wconf 86' lang='lat' dir='ltr'><strong>modis.</strong></span> 
     </span>
     <span class='ocr_line' id='line_1_4' title="bbox 399 890 1913 964; baseline 0.001 -16"><span class='ocrx_word' id='word_1_28' title='bbox 399 893 572 949; x_wconf 84' lang='lat' dir='ltr'>Unde</span> <span class='ocrx_word' id='word_1_29' title='bbox 601 895 662 950; x_wconf 91' lang='lat' dir='ltr'><strong>et</strong></span> <span class='ocrx_word' id='word_1_30' title='bbox 687 890 886 964; x_wconf 88' lang='lat' dir='ltr'><strong>opinio</strong></span> <span class='ocrx_word' id='word_1_31' title='bbox 913 891 1206 948; x_wconf 86' lang='lat' dir='ltr'><strong>contraria</strong></span> <span class='ocrx_word' id='word_1_32' title='bbox 1236 908 1354 948; x_wconf 89' lang='lat' dir='ltr'><strong>non</strong></span> <span class='ocrx_word' id='word_1_33' title='bbox 1381 891 1549 949; x_wconf 78' lang='lat' dir='ltr'><strong>valet.</strong></span> <span class='ocrx_word' id='word_1_34' title='bbox 1583 893 1758 948; x_wconf 89' lang='lat' dir='ltr'><strong>Porro</strong></span> <span class='ocrx_word' id='word_1_35' title='bbox 1787 909 1913 964; x_wconf 90' lang='lat' dir='ltr'><strong>pec-</strong></span> 
     </span>
     <span class='ocr_line' id='line_1_5' title="bbox 401 980 1910 1054; baseline 0 -16"><span class='ocrx_word' id='word_1_36' title='bbox 401 985 607 1038; x_wconf 84' lang='lat' dir='ltr'><strong>catum</strong></span> <span class='ocrx_word' id='word_1_37' title='bbox 655 997 834 1038; x_wconf 91' lang='lat' dir='ltr'><strong>omne</strong></span> <span class='ocrx_word' id='word_1_38' title='bbox 877 980 1270 1038; x_wconf 78' lang='lat' dir='ltr'><strong>voluntarium</strong></span> <span class='ocrx_word' id='word_1_39' title='bbox 1321 985 1424 1044; x_wconf 90' lang='grc' dir='ltr'><strong>εει,</strong></span> <span class='ocrx_word' id='word_1_40' title='bbox 1462 983 1544 1037; x_wconf 87' lang='lat' dir='ltr'><strong>ita</strong></span> <span class='ocrx_word' id='word_1_41' title='bbox 1591 984 1746 1054; x_wconf 92' lang='lat' dir='ltr'><strong>quod</strong></span> <span class='ocrx_word' id='word_1_42' title='bbox 1791 981 1910 1038; x_wconf 79' lang='lat' dir='ltr'><strong>sive</strong></span> 
     </span>
     <span class='ocr_line' id='line_1_6' title="bbox 401 1069 1911 1143; baseline -0.002 -16"><span class='ocrx_word' id='word_1_43' title='bbox 401 1072 636 1128; x_wconf 86' lang='lat' dir='ltr'><strong>actuale</strong></span> <span class='ocrx_word' id='word_1_44' title='bbox 666 1070 744 1126; x_wconf 84' lang='lat' dir='ltr'><strong>sit</strong></span> <span class='ocrx_word' id='word_1_45' title='bbox 782 1069 1042 1136; x_wconf 80' lang='lat' dir='ltr'><strong>mortale,</strong></span> <span class='ocrx_word' id='word_1_46' title='bbox 1074 1069 1191 1127; x_wconf 84' lang='lat' dir='ltr'><strong>sive</strong></span> <span class='ocrx_word' id='word_1_47' title='bbox 1218 1069 1460 1134; x_wconf 78' lang='lat' dir='ltr'><strong>veniale,</strong></span> <span class='ocrx_word' id='word_1_48' title='bbox 1494 1071 1613 1126; x_wconf 89' lang='lat' dir='ltr'><strong>imo</strong></span> <span class='ocrx_word' id='word_1_49' title='bbox 1651 1074 1708 1127; x_wconf 89' lang='lat' dir='ltr'><strong>et</strong></span> <span class='ocrx_word' id='word_1_50' title='bbox 1736 1070 1911 1143; x_wconf 80' lang='lat' dir='ltr'><strong>origi-</strong></span> 
     </span>
     <span class='ocr_line' id='line_1_7' title="bbox 403 1161 1910 1234; baseline 0 -16"><span class='ocrx_word' id='word_1_51' title='bbox 403 1163 562 1226; x_wconf 88' lang='lat' dir='ltr'><strong>nale,</strong></span> <span class='ocrx_word' id='word_1_52' title='bbox 592 1162 862 1219; x_wconf 76' lang='lat' dir='ltr'><strong>voluntas</strong></span> <span class='ocrx_word' id='word_1_53' title='bbox 899 1165 1092 1219; x_wconf 87' lang='lat' dir='ltr'><strong>tamen</strong></span> <span class='ocrx_word' id='word_1_54' title='bbox 1133 1161 1330 1234; x_wconf 87' lang='lat' dir='ltr'><strong>aliquo</strong></span> <span class='ocrx_word' id='word_1_55' title='bbox 1370 1164 1544 1218; x_wconf 90' lang='lat' dir='ltr'><strong>modo</strong></span> <span class='ocrx_word' id='word_1_56' title='bbox 1581 1162 1642 1217; x_wconf 90' lang='lat' dir='ltr'><strong>in</strong></span> <span class='ocrx_word' id='word_1_57' title='bbox 1677 1179 1743 1218; x_wconf 89' lang='lat' dir='ltr'><strong>eo</strong></span> <span class='ocrx_word' id='word_1_58' title='bbox 1775 1179 1910 1218; x_wconf 91' lang='lat' dir='ltr'><strong>con-</strong></span> 
     </span>
     <span class='ocr_line' id='line_1_8' title="bbox 403 1251 1912 1324; baseline 0 -15"><span class='ocrx_word' id='word_1_59' title='bbox 403 1256 608 1309; x_wconf 84' lang='lat' dir='ltr'><strong>currat</strong></span> <span class='ocrx_word' id='word_1_60' title='bbox 637 1269 652 1307; x_wconf 88' lang='lat'>:</span> <span class='ocrx_word' id='word_1_61' title='bbox 684 1253 842 1324; x_wconf 90' lang='lat' dir='ltr'><strong>quod</strong></span> <span class='ocrx_word' id='word_1_62' title='bbox 870 1269 1053 1323; x_wconf 88' lang='lat' dir='ltr'><strong>quum</strong></span> <span class='ocrx_word' id='word_1_63' title='bbox 1085 1251 1143 1307; x_wconf 90' lang='lat' dir='ltr'><strong>in</strong></span> <span class='ocrx_word' id='word_1_64' title='bbox 1175 1251 1446 1324; x_wconf 82' lang='lat' dir='ltr'><strong>originali</strong></span> <span class='ocrx_word' id='word_1_65' title='bbox 1485 1251 1684 1309; x_wconf 89' lang='lat' dir='ltr'><strong>minus</strong></span> <span class='ocrx_word' id='word_1_66' title='bbox 1721 1252 1912 1309; x_wconf 84' lang='lat' dir='ltr'><strong>videa-</strong></span> 
     </span>
     <span class='ocr_line' id='line_1_9' title="bbox 401 1339 1908 1412; baseline -0.001 -16"><span class='ocrx_word' id='word_1_67' title='bbox 401 1343 521 1407; x_wconf 88' lang='lat' dir='ltr'><strong>tur,</strong></span> <span class='ocrx_word' id='word_1_68' title='bbox 543 1339 940 1397; x_wconf 75' lang='lat' dir='ltr'><strong>voluntarium</strong></span> <span class='ocrx_word' id='word_1_69' title='bbox 971 1342 1166 1396; x_wconf 84' lang='lat' dir='ltr'><strong>tamen</strong></span> <span class='ocrx_word' id='word_1_70' title='bbox 1194 1339 1304 1397; x_wconf 80' lang='lat' dir='ltr'><strong>fuit</strong></span> <span class='ocrx_word' id='word_1_71' title='bbox 1328 1340 1387 1396; x_wconf 89' lang='lat' dir='ltr'><strong>in</strong></span> <span class='ocrx_word' id='word_1_72' title='bbox 1407 1340 1702 1397; x_wconf 82' lang='lat' dir='ltr'><strong>voluntate</strong></span> <span class='ocrx_word' id='word_1_73' title='bbox 1735 1339 1908 1412; x_wconf 90' lang='lat' dir='ltr'><strong>primi</strong></span> 
     </span>
     <span class='ocr_line' id='line_1_10' title="bbox 403 1428 1912 1503; baseline 0.001 -18"><span class='ocrx_word' id='word_1_74' title='bbox 403 1429 688 1502; x_wconf 83' lang='lat' dir='ltr'><strong>parentis.</strong></span> <span class='ocrx_word' id='word_1_75' title='bbox 724 1428 979 1502; x_wconf 86' lang='lat' dir='ltr'><strong>Denique</strong></span> <span class='ocrx_word' id='word_1_76' title='bbox 1017 1432 1075 1484; x_wconf 93' lang='lat' dir='ltr'><strong>et</strong></span> <span class='ocrx_word' id='word_1_77' title='bbox 1110 1429 1194 1485; x_wconf 88' lang='lat' dir='ltr'><strong>sic</strong></span> <span class='ocrx_word' id='word_1_78' title='bbox 1227 1429 1623 1486; x_wconf 78' lang='lat' dir='ltr'><strong>voluntarium</strong></span> <span class='ocrx_word' id='word_1_79' title='bbox 1665 1433 1752 1486; x_wconf 85' lang='lat' dir='ltr'><strong>est</strong></span> <span class='ocrx_word' id='word_1_80' title='bbox 1784 1446 1912 1503; x_wconf 91' lang='lat' dir='ltr'><strong>pec-</strong></span> 
     </span>
     <span class='ocr_line' id='line_1_11' title="bbox 403 1520 1908 1592; baseline -0.001 -16"><span class='ocrx_word' id='word_1_81' title='bbox 403 1524 626 1584; x_wconf 86' lang='lat' dir='ltr'><strong>catum,</strong></span> <span class='ocrx_word' id='word_1_82' title='bbox 677 1522 836 1591; x_wconf 89' lang='lat' dir='ltr'><strong>quod</strong></span> <span class='ocrx_word' id='word_1_83' title='bbox 883 1521 1100 1576; x_wconf 89' lang='lat' dir='ltr'><strong>nedum</strong></span> <span class='ocrx_word' id='word_1_84' title='bbox 1154 1523 1318 1576; x_wconf 87' lang='lat' dir='ltr'><strong>aetus</strong></span> <span class='ocrx_word' id='word_1_85' title='bbox 1366 1520 1556 1576; x_wconf 88' lang='lat' dir='ltr'><strong>malus</strong></span> <span class='ocrx_word' id='word_1_86' title='bbox 1605 1523 1908 1592; x_wconf 85' lang='lat' dir='ltr'><strong>peccatum</strong></span> 
     </span>
     <span class='ocr_line' id='line_1_12' title="bbox 403 1608 1905 1680; baseline -0.003 -13"><span class='ocrx_word' id='word_1_87' title='bbox 403 1609 642 1674; x_wconf 88' lang='lat' dir='ltr'><strong>dicitur,</strong></span> <span class='ocrx_word' id='word_1_88' title='bbox 675 1625 880 1665; x_wconf 79' lang='lat' dir='ltr'><strong>verum</strong></span> <span class='ocrx_word' id='word_1_89' title='bbox 923 1611 980 1665; x_wconf 86' lang='lat' dir='ltr'><strong>et</strong></span> <span class='ocrx_word' id='word_1_90' title='bbox 1010 1608 1134 1679; x_wconf 84' lang='lat' dir='ltr'><strong>ipsa</strong></span> <span class='ocrx_word' id='word_1_91' title='bbox 1170 1609 1439 1664; x_wconf 82' lang='lat' dir='ltr'><strong>voluntas</strong></span> <span class='ocrx_word' id='word_1_92' title='bbox 1469 1625 1586 1680; x_wconf 86' lang='lat' dir='ltr'><strong>qua</strong></span> <span class='ocrx_word' id='word_1_93' title='bbox 1614 1611 1905 1680; x_wconf 86' lang='lat' dir='ltr'><strong>peccatur,</strong></span> 
     </span>
     <span class='ocr_line' id='line_1_13' title="bbox 399 1697 1906 1773; baseline -0.001 -17"><span class='ocrx_word' id='word_1_94' title='bbox 399 1698 628 1773; x_wconf 84' lang='lat' dir='ltr'><strong>peccati</strong></span> <span class='ocrx_word' id='word_1_95' title='bbox 684 1698 924 1755; x_wconf 89' lang='lat' dir='ltr'><strong>nomine</strong></span> <span class='ocrx_word' id='word_1_96' title='bbox 980 1715 1083 1770; x_wconf 89' lang='lat' dir='ltr'><strong>per</strong></span> <span class='ocrx_word' id='word_1_97' title='bbox 1135 1697 1525 1770; x_wconf 79' lang='lat' dir='ltr'><strong>Augustinum</strong></span> <span class='ocrx_word' id='word_1_98' title='bbox 1589 1702 1906 1763; x_wconf 82' lang='lat' dir='ltr'><strong>censeatur,</strong></span> 
     </span>
     <span class='ocr_line' id='line_1_14' title="bbox 401 1787 1146 1861; baseline -0.004 -17"><span class='ocrx_word' id='word_1_99' title='bbox 401 1806 512 1846; x_wconf 89' lang='lat' dir='ltr'><strong>seu</strong></span> <span class='ocrx_word' id='word_1_100' title='bbox 548 1791 856 1861; x_wconf 84' lang='lat' dir='ltr'><strong>peccatum</strong></span> <span class='ocrx_word' id='word_1_101' title='bbox 899 1787 1146 1843; x_wconf 88' lang='lat' dir='ltr'><strong>dicatur.</strong></span> 
     </span>
    </p>
   </div>
   <div class='ocr_carea' id='block_1_4' title="bbox 401 1911 1872 2050">
    <p class='ocr_par' dir='ltr' id='par_1_4' title="bbox 401 1911 1872 2050">
     <span class='ocr_line' id='line_1_15' title="bbox 401 1911 1872 1978; baseline -0.003 -12"><span class='ocrx_word' id='word_1_102' title='bbox 401 1917 532 1966; x_wconf 85' lang='lat' dir='ltr'><strong>Non</strong></span> <span class='ocrx_word' id='word_1_103' title='bbox 565 1913 710 1966; x_wconf 82' lang='lat' dir='ltr'><strong>satis</strong></span> <span class='ocrx_word' id='word_1_104' title='bbox 741 1915 832 1962; x_wconf 82' lang='lat' dir='ltr'><strong>est</strong></span> <span class='ocrx_word' id='word_1_105' title='bbox 857 1911 1061 1963; x_wconf 81' lang='lat' dir='ltr'><strong>fecisse</strong></span> <span class='ocrx_word' id='word_1_106' title='bbox 1091 1911 1320 1972; x_wconf 86' lang='lat' dir='ltr'><strong>bonum,</strong></span> <span class='ocrx_word' id='word_1_107' title='bbox 1355 1911 1460 1962; x_wconf 87' lang='lat' dir='ltr'><strong>nisi</strong></span> <span class='ocrx_word' id='word_1_108' title='bbox 1493 1912 1694 1963; x_wconf 81' lang='lat' dir='ltr'><strong>feceris</strong></span> <span class='ocrx_word' id='word_1_109' title='bbox 1724 1916 1872 1978; x_wconf 85' lang='lat' dir='ltr'><strong>apte.</strong></span> 
     </span>
     <span class='ocr_line' id='line_1_16' title="bbox 469 1984 1733 2050; baseline -0.003 -12"><span class='ocrx_word' id='word_1_110' title='bbox 469 1989 528 2038; x_wconf 86' lang='lat' dir='ltr'><strong>Is</strong></span> <span class='ocrx_word' id='word_1_111' title='bbox 557 1985 718 2038; x_wconf 88' lang='lat' dir='ltr'><strong>solus</strong></span> <span class='ocrx_word' id='word_1_112' title='bbox 751 1985 1030 2045; x_wconf 88' lang='lat' dir='ltr'><strong>meritum,</strong></span> <span class='ocrx_word' id='word_1_113' title='bbox 1069 1984 1162 2050; x_wconf 90' lang='lat' dir='ltr'><strong>qui</strong></span> <span class='ocrx_word' id='word_1_114' title='bbox 1195 1985 1334 2034; x_wconf 86' lang='lat' dir='ltr'><strong>bene</strong></span> <span class='ocrx_word' id='word_1_115' title='bbox 1365 1984 1514 2044; x_wconf 82' lang='lat' dir='ltr'><strong>fecit,</strong></span> <span class='ocrx_word' id='word_1_116' title='bbox 1548 1984 1733 2035; x_wconf 86' lang='lat' dir='ltr'><strong>habet.</strong></span> 
     </span>
    </p>
   </div>
   <div class='ocr_carea' id='block_1_5' title="bbox 835 2215 1488 2278">
    <p class='ocr_par' dir='ltr' id='par_1_5' title="bbox 835 2215 1488 2278">
     <span class='ocr_line' id='line_1_17' title="bbox 835 2215 1488 2278; baseline 0 -1"><span class='ocrx_word' id='word_1_117' title='bbox 835 2215 1262 2278; x_wconf 84' lang='lat' dir='ltr'><strong>DISTINCTIO</strong></span> <span class='ocrx_word' id='word_1_118' title='bbox 1313 2215 1488 2278; x_wconf 90' lang='lat' dir='ltr'><strong>XLII.</strong></span> 
     </span>
    </p>
   </div>
   <div class='ocr_carea' id='block_1_6' title="bbox 671 2367 1647 2443">
    <p class='ocr_par' dir='ltr' id='par_1_6' title="bbox 671 2367 1647 2443">
     <span class='ocr_line' id='line_1_18' title="bbox 671 2367 1647 2443; baseline -0.002 -13"><span class='ocrx_word' id='word_1_119' title='bbox 671 2370 880 2443; x_wconf 83' lang='lat' dir='ltr'><strong>Quum</strong></span> <span class='ocrx_word' id='word_1_120' title='bbox 923 2374 1137 2430; x_wconf 87' lang='lat' dir='ltr'><strong>autem</strong></span> <span class='ocrx_word' id='word_1_121' title='bbox 1181 2367 1496 2440; x_wconf 78' lang='lat' dir='ltr'><strong>volunta8‚</strong></span> <span class='ocrx_word' id='word_1_122' title='bbox 1530 2375 1647 2429; x_wconf 89' lang='lat' dir='ltr'><strong>etc.</strong></span> 
     </span>
    </p>
   </div>
   <div class='ocr_carea' id='block_1_7' title="bbox 407 2592 1916 3022">
    <p class='ocr_par' dir='ltr' id='par_1_7' title="bbox 407 2592 1916 3022">
     <span class='ocr_line' id='line_1_19' title="bbox 543 2592 1912 2664; baseline -0.001 -16"><span class='ocrx_word' id='word_1_123' title='bbox 543 2593 694 2650; x_wconf 80' lang='lat' dir='ltr'><strong>NUM</strong></span> <span class='ocrx_word' id='word_1_124' title='bbox 722 2596 808 2648; x_wconf 90' lang='lat' dir='ltr'><strong>est</strong></span> <span class='ocrx_word' id='word_1_125' title='bbox 838 2594 1138 2664; x_wconf 87' lang='lat' dir='ltr'><strong>peccatum</strong></span> <span class='ocrx_word' id='word_1_126' title='bbox 1171 2592 1329 2648; x_wconf 85' lang='lat' dir='ltr'><strong>mala</strong></span> <span class='ocrx_word' id='word_1_127' title='bbox 1355 2592 1640 2656; x_wconf 62' lang='lat' dir='ltr'><strong>voluntas»,</strong></span> <span class='ocrx_word' id='word_1_128' title='bbox 1664 2595 1720 2648; x_wconf 93' lang='lat' dir='ltr'><strong>et</strong></span> <span class='ocrx_word' id='word_1_129' title='bbox 1748 2596 1912 2648; x_wconf 88' lang='lat' dir='ltr'><strong>actus</strong></span> 
     </span>
     <span class='ocr_line' id='line_1_20' title="bbox 563 2681 1916 2753; baseline -0.004 -13"><span class='ocrx_word' id='word_1_130' title='bbox 563 2681 818 2740; x_wconf 82' lang='lat' dir='ltr'><strong>exterior</strong></span> <span class='ocrx_word' id='word_1_131' title='bbox 847 2681 1064 2747; x_wconf 87' lang='lat' dir='ltr'><strong>malus;</strong></span> <span class='ocrx_word' id='word_1_132' title='bbox 1099 2698 1204 2737; x_wconf 91' lang='lat' dir='ltr'><strong>nec</strong></span> <span class='ocrx_word' id='word_1_133' title='bbox 1233 2681 1465 2737; x_wconf 88' lang='lat' dir='ltr'><strong>obstant</strong></span> <span class='ocrx_word' id='word_1_134' title='bbox 1489 2681 1768 2753; x_wconf 83' lang='lat' dir='ltr'><strong>oppositae</strong></span> <span class='ocrx_word' id='word_1_135' title='bbox 1796 2681 1916 2752; x_wconf 88' lang='lat' dir='ltr'><strong>opi-</strong></span> 
     </span>
     <span class='ocr_line' id='line_1_21' title="bbox 409 2759 1916 2834; baseline -0.001 -6"><span class='ocrx_word' id='word_1_136' title='bbox 409 2773 606 2828; x_wconf 87' lang='lat' dir='ltr'><strong>nionis</strong></span> <span class='ocrx_word' id='word_1_137' title='bbox 643 2772 917 2828; x_wconf 86' lang='lat' dir='ltr'><strong>rationes.</strong></span> <span class='ocrx_word' id='word_1_138' title='bbox 947 2771 1063 2826; x_wconf 88' lang='lat' dir='ltr'><strong>Etsi</strong></span> <span class='ocrx_word' id='word_1_139' title='bbox 1103 2771 1260 2828; x_wconf 90' lang='lat' dir='ltr'><strong>enim</strong></span> <span class='ocrx_word' id='word_1_140' title='bbox 1297 2771 1416 2826; x_wconf 91' lang='lat' dir='ltr'><strong>sint</strong></span> <span class='ocrx_word' id='word_1_141' title='bbox 1454 2773 1569 2826; x_wconf 93' lang='lat' dir='ltr'><strong>duo</strong></span> <span class='ocrx_word' id='word_1_142' title='bbox 1612 2759 1804 2834; x_wconf 78' lang='lat' dir='ltr'><strong>actuS,</strong></span> <span class='ocrx_word' id='word_1_143' title='bbox 1831 2770 1916 2826; x_wconf 87' lang='lat' dir='ltr'><strong>in·</strong></span> 
     </span>
     <span class='ocr_line' id='line_1_22' title="bbox 407 2859 1914 2932; baseline -0.001 -15"><span class='ocrx_word' id='word_1_144' title='bbox 407 2861 592 2918; x_wconf 88' lang='lat' dir='ltr'><strong>terior</strong></span> <span class='ocrx_word' id='word_1_145' title='bbox 628 2861 848 2918; x_wconf 88' lang='lat' dir='ltr'><strong>scilicet</strong></span> <span class='ocrx_word' id='word_1_146' title='bbox 885 2865 942 2918; x_wconf 90' lang='lat' dir='ltr'><strong>et</strong></span> <span class='ocrx_word' id='word_1_147' title='bbox 978 2859 1245 2924; x_wconf 83' lang='lat' dir='ltr'><strong>exterior,</strong></span> <span class='ocrx_word' id='word_1_148' title='bbox 1279 2859 1418 2932; x_wconf 87' lang='lat' dir='ltr'><strong>quia</strong></span> <span class='ocrx_word' id='word_1_149' title='bbox 1451 2863 1650 2916; x_wconf 85' lang='lat' dir='ltr'><strong>tamen</strong></span> <span class='ocrx_word' id='word_1_150' title='bbox 1689 2876 1759 2916; x_wconf 86' lang='lat' dir='ltr'><strong>ex</strong></span> <span class='ocrx_word' id='word_1_151' title='bbox 1796 2877 1914 2916; x_wconf 89' lang='lat' dir='ltr'><strong>uno</strong></span> 
     </span>
     <span class='ocr_line' id='line_1_23' title="bbox 409 2951 1913 3022; baseline -0.003 -14"><span class='ocrx_word' id='word_1_152' title='bbox 409 2951 564 3009; x_wconf 81' lang='lat' dir='ltr'><strong>fiunt</strong></span> <span class='ocrx_word' id='word_1_153' title='bbox 596 2954 952 3022; x_wconf 85' lang='lat' dir='ltr'><strong>contemptu,</strong></span> <span class='ocrx_word' id='word_1_154' title='bbox 985 2965 1172 3007; x_wconf 90' lang='lat' dir='ltr'><strong>unum</strong></span> <span class='ocrx_word' id='word_1_155' title='bbox 1213 2952 1558 3021; x_wconf 89' lang='lat' dir='ltr'><strong>reputantur</strong></span> <span class='ocrx_word' id='word_1_156' title='bbox 1591 2952 1913 3020; x_wconf 89' lang='lat' dir='ltr'><strong>peccatum.</strong></span> 
     </span>
    </p>
   </div>
   <div class='ocr_carea' id='block_1_8' title="bbox 2083 786 3383 854">
    <p class='ocr_par' dir='ltr' id='par_1_8' title="bbox 2083 786 3383 854">
     <span class='ocr_line' id='line_1_24' title="bbox 2083 786 3383 854; baseline 0.002 -18"><span class='ocrx_word' id='word_1_157' title='bbox 2083 787 2228 838; x_wconf 85' lang='lat' dir='ltr'><strong>Huic</strong></span> <span class='ocrx_word' id='word_1_158' title='bbox 2258 788 2450 839; x_wconf 80' lang='lat' dir='ltr'><strong>eadem</strong></span> <span class='ocrx_word' id='word_1_159' title='bbox 2484 786 2714 838; x_wconf 86' lang='lat' dir='ltr'><strong>sceleris</strong></span> <span class='ocrx_word' id='word_1_160' title='bbox 2738 800 2885 838; x_wconf 84' lang='lat' dir='ltr'><strong>noxa</strong></span> <span class='ocrx_word' id='word_1_161' title='bbox 2919 788 3154 838; x_wconf 84' lang='lat' dir='ltr'><strong>subesse</strong></span> <span class='ocrx_word' id='word_1_162' title='bbox 3182 791 3383 854; x_wconf 83' lang='lat' dir='ltr'><strong>potest.</strong></span> 
     </span>
    </p>
   </div>
   <div class='ocr_carea' id='block_1_9' title="bbox 2430 1036 3097 1100">
    <p class='ocr_par' dir='ltr' id='par_1_9' title="bbox 2430 1036 3097 1100">
     <span class='ocr_line' id='line_1_25' title="bbox 2430 1036 3097 1100; baseline 0 0"><span class='ocrx_word' id='word_1_163' title='bbox 2430 1036 2857 1100; x_wconf 88' lang='lat' dir='ltr'><strong>DISTINCTIO</strong></span> <span class='ocrx_word' id='word_1_164' title='bbox 2894 1037 3097 1100; x_wconf 84' lang='lat' dir='ltr'>XLIII.</span> 
     </span>
    </p>
   </div>
   <div class='ocr_carea' id='block_1_10' title="bbox 2039 1197 3496 1280">
    <p class='ocr_par' dir='ltr' id='par_1_10' title="bbox 2039 1197 3496 1280">
     <span class='ocr_line' id='line_1_26' title="bbox 2039 1197 3496 1280; baseline 0.003 -21"><span class='ocrx_word' id='word_1_165' title='bbox 2039 1197 2148 1261; x_wconf 86' lang='lat' dir='ltr'><strong>Est</strong></span> <span class='ocrx_word' id='word_1_166' title='bbox 2178 1206 2481 1280; x_wconf 83' lang='lat' dir='ltr'><strong>praeterea</strong></span> <span class='ocrx_word' id='word_1_167' title='bbox 2509 1198 2827 1279; x_wconf 85' lang='lat' dir='ltr'><strong>quoddam</strong></span> <span class='ocrx_word' id='word_1_168' title='bbox 2862 1199 3099 1280; x_wconf 87' lang='lat' dir='ltr'><strong>peccati</strong></span> <span class='ocrx_word' id='word_1_169' title='bbox 3134 1208 3496 1280; x_wconf 80' lang='lat' dir='ltr'><strong>genuS,etc.</strong></span> 
     </span>
    </p>
   </div>
   <div class='ocr_carea' id='block_1_11' title="bbox 2022 1430 3521 1853">
    <p class='ocr_par' dir='ltr' id='par_1_11' title="bbox 2022 1430 3521 1853">
     <span class='ocr_line' id='line_1_27' title="bbox 2153 1430 3518 1504; baseline 0.007 -20"><span class='ocrx_word' id='word_1_170' title='bbox 2153 1431 2580 1486; x_wconf 75' lang='lat' dir='ltr'><strong>RAVISSIMUM</strong></span> <span class='ocrx_word' id='word_1_171' title='bbox 2618 1430 2885 1487; x_wconf 88' lang='lat' dir='ltr'><strong>omnium</strong></span> <span class='ocrx_word' id='word_1_172' title='bbox 2927 1434 3297 1504; x_wconf 87' lang='lat' dir='ltr'><strong>peccatorum</strong></span> <span class='ocrx_word' id='word_1_173' title='bbox 3334 1440 3422 1492; x_wconf 89' lang='lat' dir='ltr'><strong>est</strong></span> <span class='ocrx_word' id='word_1_174' title='bbox 3459 1437 3518 1494; x_wconf 91' lang='lat' dir='ltr'><strong>id</strong></span> 
     </span>
     <span class='ocr_line' id='line_1_28' title="bbox 2172 1518 3515 1591; baseline 0.007 -19"><span class='ocrx_word' id='word_1_175' title='bbox 2172 1520 2329 1590; x_wconf 88' lang='lat' dir='ltr'><strong>quod</strong></span> <span class='ocrx_word' id='word_1_176' title='bbox 2369 1518 2427 1573; x_wconf 91' lang='lat' dir='ltr'><strong>in</strong></span> <span class='ocrx_word' id='word_1_177' title='bbox 2471 1519 2753 1591; x_wconf 89' lang='lat' dir='ltr'><strong>Spiritum</strong></span> <span class='ocrx_word' id='word_1_178' title='bbox 2799 1521 3077 1576; x_wconf 87' lang='lat' dir='ltr'><strong>Sanctum</strong></span> <span class='ocrx_word' id='word_1_179' title='bbox 3122 1521 3244 1577; x_wconf 74' lang='lat' dir='ltr'><strong>fieri</strong></span> <span class='ocrx_word' id='word_1_180' title='bbox 3284 1521 3515 1590; x_wconf 90' lang='lat' dir='ltr'><strong>dieitur,</strong></span> 
     </span>
     <span class='ocr_line' id='line_1_29' title="bbox 2022 1607 3518 1681; baseline 0.004 -17"><span class='ocrx_word' id='word_1_181' title='bbox 2022 1611 2177 1681; x_wconf 85' lang='lat' dir='ltr'><strong>quod</strong></span> <span class='ocrx_word' id='word_1_182' title='bbox 2216 1607 2435 1664; x_wconf 88' lang='lat' dir='ltr'><strong>scilicet</strong></span> <span class='ocrx_word' id='word_1_183' title='bbox 2464 1624 2570 1664; x_wconf 88' lang='lat' dir='ltr'><strong>nec</strong></span> <span class='ocrx_word' id='word_1_184' title='bbox 2599 1608 2658 1664; x_wconf 87' lang='lat' dir='ltr'><strong>in</strong></span> <span class='ocrx_word' id='word_1_185' title='bbox 2688 1608 2797 1664; x_wconf 90' lang='lat' dir='ltr'><strong>hoc</strong></span> <span class='ocrx_word' id='word_1_186' title='bbox 2833 1608 3046 1664; x_wconf 79' lang='lat' dir='ltr'><strong>saeculo</strong></span> <span class='ocrx_word' id='word_1_187' title='bbox 3084 1626 3191 1666; x_wconf 89' lang='lat' dir='ltr'><strong>nec</strong></span> <span class='ocrx_word' id='word_1_188' title='bbox 3230 1609 3286 1666; x_wconf 91' lang='lat' dir='ltr'><strong>in</strong></span> <span class='ocrx_word' id='word_1_189' title='bbox 3324 1610 3518 1670; x_wconf 83' lang='lat' dir='ltr'><strong>futuro</strong></span> 
     </span>
     <span class='ocr_line' id='line_1_30' title="bbox 2022 1697 3521 1772; baseline 0.003 -18"><span class='ocrx_word' id='word_1_190' title='bbox 2022 1697 2357 1762; x_wconf 79' lang='lat' dir='ltr'><strong>remittitur,</strong></span> <span class='ocrx_word' id='word_1_191' title='bbox 2392 1714 2495 1753; x_wconf 88' lang='lat' dir='ltr'><strong>nec</strong></span> <span class='ocrx_word' id='word_1_192' title='bbox 2525 1714 2628 1769; x_wconf 88' lang='lat' dir='ltr'><strong>pro</strong></span> <span class='ocrx_word' id='word_1_193' title='bbox 2658 1699 2863 1754; x_wconf 91' lang='lat' dir='ltr'><strong>eodem</strong></span> <span class='ocrx_word' id='word_1_194' title='bbox 2903 1700 3193 1755; x_wconf 86' lang='lat' dir='ltr'><strong>orandum</strong></span> <span class='ocrx_word' id='word_1_195' title='bbox 3224 1699 3521 1772; x_wconf 84' lang='lat' dir='ltr'><strong>Scriptura</strong></span> 
     </span>
     <span class='ocr_line' id='line_1_31' title="bbox 2024 1787 3516 1853; baseline 0.002 -10"><span class='ocrx_word' id='word_1_196' title='bbox 2024 1788 2182 1844; x_wconf 89' lang='lat' dir='ltr'><strong>dicit.</strong></span> <span class='ocrx_word' id='word_1_197' title='bbox 2214 1789 2378 1853; x_wconf 90' lang='lat' dir='ltr'><strong>Quod</strong></span> <span class='ocrx_word' id='word_1_198' title='bbox 2419 1790 2617 1844; x_wconf 85' lang='lat' dir='ltr'><strong>tamen</strong></span> <span class='ocrx_word' id='word_1_199' title='bbox 2656 1787 2811 1844; x_wconf 86' lang='lat' dir='ltr'><strong>varie</strong></span> <span class='ocrx_word' id='word_1_200' title='bbox 2858 1804 2890 1842; x_wconf 87' lang='lat' dir='ltr'><strong>a</strong></span> <span class='ocrx_word' id='word_1_201' title='bbox 2939 1787 3179 1844; x_wconf 88' lang='lat' dir='ltr'><strong>diversis</strong></span> <span class='ocrx_word' id='word_1_202' title='bbox 3226 1789 3516 1846; x_wconf 81' lang='lat' dir='ltr'><strong>scribitur.</strong></span> 
     </span>
    </p>
   </div>
   <div class='ocr_carea' id='block_1_12' title="bbox 1947 1877 3521 1950">
    <p class='ocr_par' dir='ltr' id='par_1_12' title="bbox 1947 1877 3521 1950">
     <span class='ocr_line' id='line_1_32' title="bbox 1947 1877 3521 1950; baseline 0.001 -16"><span class='ocrx_word' id='word_1_203' title='bbox 1947 1879 1994 1940; x_wconf 92' lang='lat' dir='ltr'>B</span> <span class='ocrx_word' id='word_1_204' title='bbox 2024 1879 2170 1934; x_wconf 88' lang='lat' dir='ltr'><strong>Nam</strong></span> <span class='ocrx_word' id='word_1_205' title='bbox 2202 1880 2525 1935; x_wconf 90' lang='lat' dir='ltr'><strong>secundum</strong></span> <span class='ocrx_word' id='word_1_206' title='bbox 2558 1880 2856 1950; x_wconf 87' lang='lat' dir='ltr'><strong>quosdam,</strong></span> <span class='ocrx_word' id='word_1_207' title='bbox 2876 1881 2963 1934; x_wconf 90' lang='lat' dir='ltr'><strong>est</strong></span> <span class='ocrx_word' id='word_1_208' title='bbox 2990 1877 3279 1935; x_wconf 71' lang='lat' dir='ltr'><strong>induratae</strong></span> <span class='ocrx_word' id='word_1_209' title='bbox 3308 1879 3521 1936; x_wconf 91' lang='lat' dir='ltr'><strong>mentis</strong></span> 
     </span>
    </p>
   </div>
   <div class='ocr_carea' id='block_1_13' title="bbox 2023 1967 3527 3023">
    <p class='ocr_par' dir='ltr' id='par_1_13' title="bbox 2023 1967 3527 3023">
     <span class='ocr_line' id='line_1_33' title="bbox 2024 1967 3524 2042; baseline 0.002 -19"><span class='ocrx_word' id='word_1_210' title='bbox 2024 1967 2353 2032; x_wconf 85' lang='lat' dir='ltr'><strong>obstinatio,</strong></span> <span class='ocrx_word' id='word_1_211' title='bbox 2386 1971 2442 2024; x_wconf 89' lang='lat' dir='ltr'><strong>et</strong></span> <span class='ocrx_word' id='word_1_212' title='bbox 2478 1967 2712 2023; x_wconf 86' lang='lat' dir='ltr'><strong>animus</strong></span> <span class='ocrx_word' id='word_1_213' title='bbox 2752 1967 3014 2038; x_wconf 85' lang='lat' dir='ltr'><strong>pertinax</strong></span> <span class='ocrx_word' id='word_1_214' title='bbox 3046 1967 3105 2022; x_wconf 91' lang='lat' dir='ltr'><strong>in</strong></span> <span class='ocrx_word' id='word_1_215' title='bbox 3147 1967 3390 2033; x_wconf 85' lang='lat' dir='ltr'><strong>malitia,</strong></span> <span class='ocrx_word' id='word_1_216' title='bbox 3421 1986 3524 2042; x_wconf 91' lang='lat' dir='ltr'><strong>per</strong></span> 
     </span>
     <span class='ocr_line' id='line_1_34' title="bbox 2024 2055 3524 2129; baseline 0.001 -16"><span class='ocrx_word' id='word_1_217' title='bbox 2024 2074 2205 2129; x_wconf 86' lang='lat' dir='ltr'><strong>quam</strong></span> <span class='ocrx_word' id='word_1_218' title='bbox 2234 2055 2411 2112; x_wconf 90' lang='lat' dir='ltr'><strong>homo</strong></span> <span class='ocrx_word' id='word_1_219' title='bbox 2441 2056 2504 2112; x_wconf 81' lang='lat' dir='ltr'><strong>fit</strong></span> <span class='ocrx_word' id='word_1_220' title='bbox 2542 2055 2932 2128; x_wconf 78' lang='lat' dir='ltr'><strong>impoenitenS,</strong></span> <span class='ocrx_word' id='word_1_221' title='bbox 2963 2073 3032 2112; x_wconf 87' lang='lat' dir='ltr'><strong>ac</strong></span> <span class='ocrx_word' id='word_1_222' title='bbox 3063 2059 3133 2113; x_wconf 90' lang='lat' dir='ltr'><strong>de</strong></span> <span class='ocrx_word' id='word_1_223' title='bbox 3172 2057 3269 2114; x_wconf 91' lang='lat' dir='ltr'><strong>Dei</strong></span> <span class='ocrx_word' id='word_1_224' title='bbox 3300 2058 3524 2116; x_wconf 84' lang='lat' dir='ltr'><strong>miseri-</strong></span> 
     </span>
     <span class='ocr_line' id='line_1_35' title="bbox 2024 2145 3523 2220; baseline 0.001 -17"><span class='ocrx_word' id='word_1_225' title='bbox 2024 2146 2225 2203; x_wconf 86' lang='lat' dir='ltr'><strong>cordia</strong></span> <span class='ocrx_word' id='word_1_226' title='bbox 2265 2148 2547 2218; x_wconf 84' lang='lat' dir='ltr'><strong>desperat,</strong></span> <span class='ocrx_word' id='word_1_227' title='bbox 2581 2145 2870 2202; x_wconf 86' lang='lat' dir='ltr'><strong>malitiam</strong></span> <span class='ocrx_word' id='word_1_228' title='bbox 2910 2163 3076 2203; x_wconf 85' lang='lat' dir='ltr'><strong>suam</strong></span> <span class='ocrx_word' id='word_1_229' title='bbox 3112 2149 3389 2204; x_wconf 84' lang='lat' dir='ltr'><strong>excedere</strong></span> <span class='ocrx_word' id='word_1_230' title='bbox 3416 2167 3523 2220; x_wconf 88' lang='lat' dir='ltr'><strong>pu-</strong></span> 
     </span>
     <span class='ocr_line' id='line_1_36' title="bbox 2023 2233 3523 2293; baseline 0.001 -3"><span class='ocrx_word' id='word_1_231' title='bbox 2023 2239 2154 2290; x_wconf 82' lang='lat' dir='ltr'><strong>tans</strong></span> <span class='ocrx_word' id='word_1_232' title='bbox 2196 2233 2454 2291; x_wconf 86' lang='lat' dir='ltr'><strong>divinam</strong></span> <span class='ocrx_word' id='word_1_233' title='bbox 2495 2233 2836 2291; x_wconf 87' lang='lat' dir='ltr'><strong>bonitatem.</strong></span> <span class='ocrx_word' id='word_1_234' title='bbox 2868 2237 2956 2290; x_wconf 83' lang='lat' dir='ltr'><strong>An</strong></span> <span class='ocrx_word' id='word_1_235' title='bbox 2994 2252 3128 2292; x_wconf 84' lang='lat' dir='ltr'><strong>vero</strong></span> <span class='ocrx_word' id='word_1_236' title='bbox 3167 2236 3359 2292; x_wconf 90' lang='lat' dir='ltr'><strong>omnis</strong></span> <span class='ocrx_word' id='word_1_237' title='bbox 3388 2237 3523 2293; x_wconf 84' lang='lat' dir='ltr'><strong>talis</strong></span> 
     </span>
     <span class='ocr_line' id='line_1_37' title="bbox 2023 2323 3522 2396; baseline 0.001 -16"><span class='ocrx_word' id='word_1_238' title='bbox 2023 2323 2335 2381; x_wconf 86' lang='lat' dir='ltr'><strong>obstinatio</strong></span> <span class='ocrx_word' id='word_1_239' title='bbox 2367 2327 2667 2395; x_wconf 83' lang='lat' dir='ltr'><strong>peccatum</strong></span> <span class='ocrx_word' id='word_1_240' title='bbox 2701 2323 2757 2378; x_wconf 90' lang='lat' dir='ltr'><strong>in</strong></span> <span class='ocrx_word' id='word_1_241' title='bbox 2788 2323 3067 2396; x_wconf 89' lang='lat' dir='ltr'><strong>Spiritum</strong></span> <span class='ocrx_word' id='word_1_242' title='bbox 3100 2326 3380 2383; x_wconf 85' lang='lat' dir='ltr'><strong>Sanctum</strong></span> <span class='ocrx_word' id='word_1_243' title='bbox 3406 2326 3522 2384; x_wconf 90' lang='lat' dir='ltr'><strong>dici</strong></span> 
     </span>
     <span class='ocr_line' id='line_1_38' title="bbox 2026 2413 3523 2485; baseline 0.001 -14"><span class='ocrx_word' id='word_1_244' title='bbox 2026 2415 2249 2478; x_wconf 88' lang='lat' dir='ltr'><strong>debeat,</strong></span> <span class='ocrx_word' id='word_1_245' title='bbox 2300 2413 2479 2470; x_wconf 83' lang='lat' dir='ltr'><strong>etiam</strong></span> <span class='ocrx_word' id='word_1_246' title='bbox 2535 2430 2603 2470; x_wconf 88' lang='lat' dir='ltr'><strong>ea</strong></span> <span class='ocrx_word' id='word_1_247' title='bbox 2656 2429 2689 2468; x_wconf 87' lang='lat' dir='ltr'><strong>a</strong></span> <span class='ocrx_word' id='word_1_248' title='bbox 2742 2430 2858 2485; x_wconf 86' lang='lat' dir='ltr'><strong>qua</strong></span> <span class='ocrx_word' id='word_1_249' title='bbox 2914 2413 3089 2470; x_wconf 90' lang='lat' dir='ltr'><strong>homo</strong></span> <span class='ocrx_word' id='word_1_250' title='bbox 3144 2415 3335 2472; x_wconf 86' lang='lat' dir='ltr'><strong>adhuc</strong></span> <span class='ocrx_word' id='word_1_251' title='bbox 3389 2420 3523 2473; x_wconf 84' lang='lat' dir='ltr'><strong>ante</strong></span> 
     </span>
     <span class='ocr_line' id='line_1_39' title="bbox 2025 2502 3524 2575; baseline 0.003 -17"><span class='ocrx_word' id='word_1_252' title='bbox 2025 2508 2275 2560; x_wconf 89' lang='lat' dir='ltr'><strong>mortem</strong></span> <span class='ocrx_word' id='word_1_253' title='bbox 2326 2502 2612 2575; x_wconf 88' lang='lat' dir='ltr'><strong>resipiscit</strong></span> <span class='ocrx_word' id='word_1_254' title='bbox 2652 2506 2709 2560; x_wconf 89' lang='lat' dir='ltr'><strong>et</strong></span> <span class='ocrx_word' id='word_1_255' title='bbox 2756 2503 3125 2569; x_wconf 84' lang='lat' dir='ltr'><strong>convertitur,</strong></span> <span class='ocrx_word' id='word_1_256' title='bbox 3159 2520 3359 2570; x_wconf 88' lang='lat' dir='ltr'><strong>necne,</strong></span> <span class='ocrx_word' id='word_1_257' title='bbox 3392 2507 3524 2562; x_wconf 73' lang='lat' dir='ltr'><strong>duae</strong></span> 
     </span>
     <span class='ocr_line' id='line_1_40' title="bbox 2024 2591 3519 2666; baseline 0.001 -18"><span class='ocrx_word' id='word_1_258' title='bbox 2024 2596 2161 2649; x_wconf 90' lang='lat' dir='ltr'><strong>sunt</strong></span> <span class='ocrx_word' id='word_1_259' title='bbox 2216 2591 2520 2664; x_wconf 87' lang='lat' dir='ltr'><strong>opiniones</strong></span> <span class='ocrx_word' id='word_1_260' title='bbox 2570 2609 2583 2647; x_wconf 93' lang='lat'>:</span> <span class='ocrx_word' id='word_1_261' title='bbox 2629 2609 2879 2665; x_wconf 85' lang='lat' dir='ltr'><strong>quarum</strong></span> <span class='ocrx_word' id='word_1_262' title='bbox 2929 2591 3121 2664; x_wconf 85' lang='lat' dir='ltr'><strong>prima</strong></span> <span class='ocrx_word' id='word_1_263' title='bbox 3172 2593 3283 2650; x_wconf 87' lang='lat' dir='ltr'><strong>hoc</strong></span> <span class='ocrx_word' id='word_1_264' title='bbox 3328 2593 3519 2666; x_wconf 88' lang='lat' dir='ltr'><strong>ipsum</strong></span> 
     </span>
     <span class='ocr_line' id='line_1_41' title="bbox 2025 2681 3527 2753; baseline -0.001 -15"><span class='ocrx_word' id='word_1_265' title='bbox 2025 2683 2344 2745; x_wconf 78' lang='lat' dir='ltr'><strong>affirmans,</strong></span> <span class='ocrx_word' id='word_1_266' title='bbox 2379 2685 2679 2753; x_wconf 88' lang='lat' dir='ltr'><strong>peceatum</strong></span> <span class='ocrx_word' id='word_1_267' title='bbox 2721 2681 2780 2735; x_wconf 89' lang='lat' dir='ltr'><strong>in</strong></span> <span class='ocrx_word' id='word_1_268' title='bbox 2811 2681 3092 2752; x_wconf 90' lang='lat' dir='ltr'><strong>Spiritum</strong></span> <span class='ocrx_word' id='word_1_269' title='bbox 3133 2683 3413 2740; x_wconf 87' lang='lat' dir='ltr'><strong>Sanctum</strong></span> <span class='ocrx_word' id='word_1_270' title='bbox 3444 2682 3527 2740; x_wconf 88' lang='lat' dir='ltr'><strong>di-</strong></span> 
     </span>
     <span class='ocr_line' id='line_1_42' title="bbox 2025 2770 3526 2843; baseline 0.001 -17"><span class='ocrx_word' id='word_1_271' title='bbox 2025 2771 2104 2827; x_wconf 88' lang='lat' dir='ltr'><strong>cit</strong></span> <span class='ocrx_word' id='word_1_272' title='bbox 2149 2770 2569 2834; x_wconf 85' lang='lat' dir='ltr'><strong>irremissibile,</strong></span> <span class='ocrx_word' id='word_1_273' title='bbox 2620 2786 2722 2841; x_wconf 95' lang='lat' dir='ltr'><strong>pro</strong></span> <span class='ocrx_word' id='word_1_274' title='bbox 2769 2787 2834 2826; x_wconf 92' lang='lat' dir='ltr'><strong>eo</strong></span> <span class='ocrx_word' id='word_1_275' title='bbox 2881 2772 3037 2843; x_wconf 88' lang='lat' dir='ltr'><strong>quod</strong></span> <span class='ocrx_word' id='word_1_276' title='bbox 3086 2770 3397 2828; x_wconf 85' lang='lat' dir='ltr'><strong>difficulter</strong></span> <span class='ocrx_word' id='word_1_277' title='bbox 3440 2789 3526 2828; x_wconf 89' lang='lat' dir='ltr'><strong>re-</strong></span> 
     </span>
     <span class='ocr_line' id='line_1_43' title="bbox 2025 2859 3519 2932; baseline 0 -16"><span class='ocrx_word' id='word_1_278' title='bbox 2025 2861 2293 2917; x_wconf 86' lang='lat' dir='ltr'><strong>mittatur</strong></span> <span class='ocrx_word' id='word_1_279' title='bbox 2309 2877 2323 2925; x_wconf 90' lang='lat'>;</span> <span class='ocrx_word' id='word_1_280' title='bbox 2370 2859 2485 2916; x_wconf 85' lang='lat' dir='ltr'><strong>alia</strong></span> <span class='ocrx_word' id='word_1_281' title='bbox 2532 2874 2666 2915; x_wconf 78' lang='lat' dir='ltr'><strong>vero</strong></span> <span class='ocrx_word' id='word_1_282' title='bbox 2722 2859 2922 2915; x_wconf 89' lang='lat' dir='ltr'><strong>dicens</strong></span> <span class='ocrx_word' id='word_1_283' title='bbox 2968 2861 3123 2932; x_wconf 89' lang='lat' dir='ltr'><strong>quod</strong></span> <span class='ocrx_word' id='word_1_284' title='bbox 3178 2859 3278 2916; x_wconf 87' lang='lat' dir='ltr'><strong>illa</strong></span> <span class='ocrx_word' id='word_1_285' title='bbox 3330 2860 3519 2917; x_wconf 89' lang='lat' dir='ltr'><strong>solum</strong></span> 
     </span>
     <span class='ocr_line' id='line_1_44' title="bbox 2025 2949 3520 3023; baseline -0.001 -16"><span class='ocrx_word' id='word_1_286' title='bbox 2025 2949 2338 3007; x_wconf 86' lang='lat' dir='ltr'><strong>obstinatio</strong></span> <span class='ocrx_word' id='word_1_287' title='bbox 2382 2967 2512 3022; x_wconf 79' lang='lat' dir='ltr'><strong>quae</strong></span> <span class='ocrx_word' id='word_1_288' title='bbox 2558 2952 2645 3006; x_wconf 89' lang='lat' dir='ltr'><strong>est</strong></span> <span class='ocrx_word' id='word_1_289' title='bbox 2689 2967 2822 3006; x_wconf 90' lang='lat' dir='ltr'><strong>cum</strong></span> <span class='ocrx_word' id='word_1_290' title='bbox 2870 2949 3029 3004; x_wconf 78' lang='lat' dir='ltr'><strong>finali</strong></span> <span class='ocrx_word' id='word_1_291' title='bbox 3076 2949 3520 3023; x_wconf 86' lang='lat' dir='ltr'><strong>impoenitentia,</strong></span> 
     </span>
    </p>
   </div>
   <div class='ocr_carea' id='block_1_14' title="bbox 411 3037 3525 3113">
    <p class='ocr_par' dir='ltr' id='par_1_14' title="bbox 411 3037 3525 3113">
     <span class='ocr_line' id='line_1_45' title="bbox 411 3037 3525 3113; baseline -0.001 -17"><span class='ocrx_word' id='word_1_292' title='bbox 411 3043 580 3108; x_wconf 88' lang='lat' dir='ltr'><strong>Quod</strong></span> <span class='ocrx_word' id='word_1_293' title='bbox 609 3057 745 3097; x_wconf 84' lang='lat' dir='ltr'><strong>vero</strong></span> <span class='ocrx_word' id='word_1_294' title='bbox 785 3040 915 3112; x_wconf 87' lang='lat' dir='ltr'><strong>plus</strong></span> <span class='ocrx_word' id='word_1_295' title='bbox 952 3039 1210 3110; x_wconf 90' lang='lat' dir='ltr'><strong>punitur,</strong></span> <span class='ocrx_word' id='word_1_296' title='bbox 1243 3038 1292 3094; x_wconf 89' lang='lat' dir='ltr'><strong>si</strong></span> <span class='ocrx_word' id='word_1_297' title='bbox 1332 3040 1488 3111; x_wconf 90' lang='lat' dir='ltr'><strong>quod</strong></span> <span class='ocrx_word' id='word_1_298' title='bbox 1527 3038 1683 3095; x_wconf 90' lang='lat' dir='ltr'><strong>intus</strong></span> <span class='ocrx_word' id='word_1_299' title='bbox 1716 3055 1917 3096; x_wconf 89' lang='lat' dir='ltr'><strong>conce·</strong></span> <span class='ocrx_word' id='word_1_300' title='bbox 1949 3037 1992 3101; x_wconf 91' lang='lat' dir='ltr'>C</span> <span class='ocrx_word' id='word_1_301' title='bbox 2024 3041 2101 3096; x_wconf 85' lang='lat' dir='ltr'><strong>sit</strong></span> <span class='ocrx_word' id='word_1_302' title='bbox 2147 3041 2449 3113; x_wconf 83' lang='lat' dir='ltr'><strong>peccatum</strong></span> <span class='ocrx_word' id='word_1_303' title='bbox 2504 3038 2562 3094; x_wconf 91' lang='lat' dir='ltr'><strong>in</strong></span> <span class='ocrx_word' id='word_1_304' title='bbox 2610 3037 2889 3110; x_wconf 87' lang='lat' dir='ltr'><strong>Spiritum</strong></span> <span class='ocrx_word' id='word_1_305' title='bbox 2930 3039 3227 3102; x_wconf 85' lang='lat' dir='ltr'><strong>Sanctum,</strong></span> <span class='ocrx_word' id='word_1_306' title='bbox 3272 3037 3424 3097; x_wconf 89' lang='lat' dir='ltr'><strong>sicut</strong></span> <span class='ocrx_word' id='word_1_307' title='bbox 3467 3042 3525 3096; x_wconf 90' lang='lat' dir='ltr'><strong>et</strong></span> 
     </span>
    </p>
   </div>
   <div class='ocr_carea' id='block_1_15' title="bbox 411 3126 1918 4183">
    <p class='ocr_par' dir='ltr' id='par_1_15' title="bbox 411 3126 1918 4183">
     <span class='ocr_line' id='line_1_46' title="bbox 411 3126 1914 3203; baseline -0.002 -18"><span class='ocrx_word' id='word_1_308' title='bbox 411 3134 582 3203; x_wconf 89' lang='lat' dir='ltr'><strong>ptum</strong></span> <span class='ocrx_word' id='word_1_309' title='bbox 631 3132 717 3186; x_wconf 84' lang='lat' dir='ltr'><strong>est</strong></span> <span class='ocrx_word' id='word_1_310' title='bbox 765 3127 1008 3191; x_wconf 88' lang='lat' dir='ltr'><strong>malum,</strong></span> <span class='ocrx_word' id='word_1_311' title='bbox 1041 3144 1212 3200; x_wconf 89' lang='lat' dir='ltr'><strong>opere</strong></span> <span class='ocrx_word' id='word_1_312' title='bbox 1259 3126 1606 3200; x_wconf 80' lang='lat' dir='ltr'><strong>perficiatur,</strong></span> <span class='ocrx_word' id='word_1_313' title='bbox 1639 3145 1818 3200; x_wconf 86' lang='lat' dir='ltr'><strong>quam</strong></span> <span class='ocrx_word' id='word_1_314' title='bbox 1866 3127 1914 3182; x_wconf 91' lang='lat' dir='ltr'><strong>si</strong></span> 
     </span>
     <span class='ocr_line' id='line_1_47' title="bbox 412 3217 1918 3290; baseline -0.001 -15"><span class='ocrx_word' id='word_1_315' title='bbox 412 3220 474 3275; x_wconf 89' lang='lat' dir='ltr'><strong>in</strong></span> <span class='ocrx_word' id='word_1_316' title='bbox 505 3219 629 3274; x_wconf 85' lang='lat' dir='ltr'><strong>sola</strong></span> <span class='ocrx_word' id='word_1_317' title='bbox 659 3218 928 3290; x_wconf 81' lang='lat' dir='ltr'><strong>persistat</strong></span> <span class='ocrx_word' id='word_1_318' title='bbox 955 3217 1322 3290; x_wconf 82' lang='lat' dir='ltr'><strong>cogitatione,</strong></span> <span class='ocrx_word' id='word_1_319' title='bbox 1358 3234 1472 3274; x_wconf 89' lang='lat' dir='ltr'><strong>non</strong></span> <span class='ocrx_word' id='word_1_320' title='bbox 1506 3217 1634 3273; x_wconf 89' lang='lat' dir='ltr'><strong>ideo</strong></span> <span class='ocrx_word' id='word_1_321' title='bbox 1663 3221 1750 3274; x_wconf 88' lang='lat' dir='ltr'><strong>est</strong></span> <span class='ocrx_word' id='word_1_322' title='bbox 1778 3218 1918 3289; x_wconf 83' lang='lat' dir='ltr'><strong>quia</strong></span> 
     </span>
     <span class='ocr_line' id='line_1_48' title="bbox 417 3306 1915 3379; baseline -0.001 -14"><span class='ocrx_word' id='word_1_323' title='bbox 417 3309 647 3365; x_wconf 77' lang='lat' dir='ltr'><strong>diversa</strong></span> <span class='ocrx_word' id='word_1_324' title='bbox 675 3310 813 3364; x_wconf 91' lang='lat' dir='ltr'><strong>sunt</strong></span> <span class='ocrx_word' id='word_1_325' title='bbox 841 3310 1092 3379; x_wconf 87' lang='lat' dir='ltr'><strong>peccata,</strong></span> <span class='ocrx_word' id='word_1_326' title='bbox 1115 3307 1217 3363; x_wconf 88' lang='lat' dir='ltr'><strong>sed</strong></span> <span class='ocrx_word' id='word_1_327' title='bbox 1247 3306 1384 3378; x_wconf 84' lang='lat' dir='ltr'><strong>quia</strong></span> <span class='ocrx_word' id='word_1_328' title='bbox 1412 3325 1481 3365; x_wconf 86' lang='lat' dir='ltr'><strong>ex</strong></span> <span class='ocrx_word' id='word_1_329' title='bbox 1513 3307 1776 3379; x_wconf 89' lang='lat' dir='ltr'><strong>pluribus</strong></span> <span class='ocrx_word' id='word_1_330' title='bbox 1805 3308 1915 3363; x_wconf 88' lang='lat' dir='ltr'><strong>hoc</strong></span> 
     </span>
     <span class='ocr_line' id='line_1_49' title="bbox 419 3395 1914 3470; baseline -0.003 -16"><span class='ocrx_word' id='word_1_331' title='bbox 419 3401 726 3470; x_wconf 85' lang='lat' dir='ltr'><strong>peccatum</strong></span> <span class='ocrx_word' id='word_1_332' title='bbox 780 3395 1056 3469; x_wconf 84' lang='lat' dir='ltr'><strong>procedit.</strong></span> <span class='ocrx_word' id='word_1_333' title='bbox 1112 3395 1226 3452; x_wconf 88' lang='lat' dir='ltr'><strong>Nec</strong></span> <span class='ocrx_word' id='word_1_334' title='bbox 1283 3395 1460 3450; x_wconf 89' lang='lat' dir='ltr'><strong>etiam</strong></span> <span class='ocrx_word' id='word_1_335' title='bbox 1515 3397 1704 3451; x_wconf 80' lang='lat' dir='ltr'><strong>obstat</strong></span> <span class='ocrx_word' id='word_1_336' title='bbox 1758 3397 1914 3467; x_wconf 93' lang='lat' dir='ltr'><strong>quod</strong></span> 
     </span>
     <span class='ocr_line' id='line_1_50' title="bbox 415 3483 1916 3559; baseline -0.002 -16"><span class='ocrx_word' id='word_1_337' title='bbox 415 3484 660 3543; x_wconf 83' lang='lat' dir='ltr'><strong>diversis</strong></span> <span class='ocrx_word' id='word_1_338' title='bbox 699 3484 1018 3559; x_wconf 81' lang='lat' dir='ltr'><strong>praeceptis,</strong></span> <span class='ocrx_word' id='word_1_339' title='bbox 1053 3484 1332 3556; x_wconf 88' lang='lat' dir='ltr'><strong>peccandi</strong></span> <span class='ocrx_word' id='word_1_340' title='bbox 1374 3483 1640 3540; x_wconf 83' lang='lat' dir='ltr'><strong>voluntas</strong></span> <span class='ocrx_word' id='word_1_341' title='bbox 1677 3488 1734 3540; x_wconf 88' lang='lat' dir='ltr'><strong>et</strong></span> <span class='ocrx_word' id='word_1_342' title='bbox 1770 3501 1916 3556; x_wconf 88' lang='lat' dir='ltr'><strong>opus</strong></span> 
     </span>
     <span class='ocr_line' id='line_1_51' title="bbox 413 3573 1912 3650; baseline -0.001 -18"><span class='ocrx_word' id='word_1_343' title='bbox 413 3575 636 3650; x_wconf 87' lang='lat' dir='ltr'><strong>peccati</strong></span> <span class='ocrx_word' id='word_1_344' title='bbox 667 3574 1064 3647; x_wconf 87' lang='lat' dir='ltr'><strong>prohibentur,</strong></span> <span class='ocrx_word' id='word_1_345' title='bbox 1098 3577 1162 3630; x_wconf 90' lang='lat' dir='ltr'><strong>ut</strong></span> <span class='ocrx_word' id='word_1_346' title='bbox 1191 3575 1262 3630; x_wconf 91' lang='lat' dir='ltr'><strong>de</strong></span> <span class='ocrx_word' id='word_1_347' title='bbox 1293 3573 1445 3629; x_wconf 80' lang='lat' dir='ltr'><strong>furto</strong></span> <span class='ocrx_word' id='word_1_348' title='bbox 1472 3573 1559 3630; x_wconf 84' lang='lat' dir='ltr'><strong>vel</strong></span> <span class='ocrx_word' id='word_1_349' title='bbox 1589 3573 1874 3631; x_wconf 87' lang='lat' dir='ltr'><strong>adulterio</strong></span> <span class='ocrx_word' id='word_1_350' title='bbox 1900 3591 1912 3630; x_wconf 74' lang='grc' dir='ltr'><strong>ε</strong></span> 
     </span>
     <span class='ocr_line' id='line_1_52' title="bbox 413 3662 1914 3738; baseline -0.003 -15"><span class='ocrx_word' id='word_1_351' title='bbox 413 3667 573 3738; x_wconf 85' lang='lat' dir='ltr'><strong>quod</strong></span> <span class='ocrx_word' id='word_1_352' title='bbox 619 3682 656 3721; x_wconf 85' lang='lat' dir='ltr'><strong>a</strong></span> <span class='ocrx_word' id='word_1_353' title='bbox 701 3663 881 3719; x_wconf 88' lang='lat' dir='ltr'><strong>simili</strong></span> <span class='ocrx_word' id='word_1_354' title='bbox 929 3667 1084 3736; x_wconf 88' lang='lat' dir='ltr'><strong>patet</strong></span> <span class='ocrx_word' id='word_1_355' title='bbox 1129 3664 1200 3719; x_wconf 90' lang='lat' dir='ltr'><strong>de</strong></span> <span class='ocrx_word' id='word_1_356' title='bbox 1249 3662 1505 3726; x_wconf 83' lang='lat' dir='ltr'><strong>caritate,</strong></span> <span class='ocrx_word' id='word_1_357' title='bbox 1555 3679 1684 3734; x_wconf 82' lang='lat' dir='ltr'><strong>quae</strong></span> <span class='ocrx_word' id='word_1_358' title='bbox 1730 3679 1914 3736; x_wconf 91' lang='lat' dir='ltr'><strong>quum</strong></span> 
     </span>
     <span class='ocr_line' id='line_1_53' title="bbox 415 3752 1914 3824; baseline -0.005 -12"><span class='ocrx_word' id='word_1_359' title='bbox 415 3772 538 3812; x_wconf 85' lang='lat' dir='ltr'><strong>una</strong></span> <span class='ocrx_word' id='word_1_360' title='bbox 566 3753 659 3818; x_wconf 90' lang='lat' dir='ltr'><strong>sit,</strong></span> <span class='ocrx_word' id='word_1_361' title='bbox 683 3753 926 3811; x_wconf 88' lang='lat' dir='ltr'><strong>diversis</strong></span> <span class='ocrx_word' id='word_1_362' title='bbox 953 3756 1152 3809; x_wconf 85' lang='lat' dir='ltr'><strong>tamen</strong></span> <span class='ocrx_word' id='word_1_363' title='bbox 1184 3752 1477 3808; x_wconf 83' lang='lat' dir='ltr'><strong>mandatis</strong></span> <span class='ocrx_word' id='word_1_364' title='bbox 1498 3757 1584 3808; x_wconf 91' lang='lat' dir='ltr'><strong>est</strong></span> <span class='ocrx_word' id='word_1_365' title='bbox 1614 3754 1914 3824; x_wconf 67' lang='lat' dir='ltr'><strong>praecepta.</strong></span> 
     </span>
     <span class='ocr_line' id='line_1_54' title="bbox 413 3841 1917 3915; baseline -0.002 -14"><span class='ocrx_word' id='word_1_366' title='bbox 413 3847 774 3902; x_wconf 87' lang='lat' dir='ltr'><strong>Transeunte</strong></span> <span class='ocrx_word' id='word_1_367' title='bbox 813 3845 1008 3900; x_wconf 83' lang='lat' dir='ltr'><strong>autem</strong></span> <span class='ocrx_word' id='word_1_368' title='bbox 1049 3846 1182 3899; x_wconf 86' lang='lat' dir='ltr'><strong>actu</strong></span> <span class='ocrx_word' id='word_1_369' title='bbox 1222 3841 1438 3915; x_wconf 85' lang='lat' dir='ltr'><strong>peccati</strong></span> <span class='ocrx_word' id='word_1_370' title='bbox 1479 3841 1655 3897; x_wconf 90' lang='lat' dir='ltr'><strong>simul</strong></span> <span class='ocrx_word' id='word_1_371' title='bbox 1695 3845 1752 3898; x_wconf 89' lang='lat' dir='ltr'><strong>ct</strong></span> <span class='ocrx_word' id='word_1_372' title='bbox 1788 3859 1917 3915; x_wconf 87' lang='lat' dir='ltr'><strong>pec·</strong></span> 
     </span>
     <span class='ocr_line' id='line_1_55' title="bbox 415 3933 1917 4004; baseline -0.001 -14"><span class='ocrx_word' id='word_1_373' title='bbox 415 3935 588 3990; x_wconf 88' lang='lat' dir='ltr'><strong>candi</strong></span> <span class='ocrx_word' id='word_1_374' title='bbox 644 3933 957 3998; x_wconf 78' lang='lat' dir='ltr'><strong>voluntate,</strong></span> <span class='ocrx_word' id='word_1_375' title='bbox 1010 3935 1310 4004; x_wconf 90' lang='lat' dir='ltr'><strong>peccatum</strong></span> <span class='ocrx_word' id='word_1_376' title='bbox 1366 3935 1562 3988; x_wconf 85' lang='lat' dir='ltr'><strong>tamen</strong></span> <span class='ocrx_word' id='word_1_377' title='bbox 1621 3934 1784 3988; x_wconf 87' lang='lat' dir='ltr'><strong>reatu</strong></span> <span class='ocrx_word' id='word_1_378' title='bbox 1841 3935 1917 3989; x_wconf 88' lang='lat' dir='ltr'><strong>ad</strong></span> 
     </span>
     <span class='ocr_line' id='line_1_56' title="bbox 413 4021 1914 4096; baseline -0.001 -18"><span class='ocrx_word' id='word_1_379' title='bbox 413 4039 648 4096; x_wconf 85' lang='lat' dir='ltr'><strong>poenam</strong></span> <span class='ocrx_word' id='word_1_380' title='bbox 688 4021 982 4094; x_wconf 83' lang='lat' dir='ltr'><strong>obligante</strong></span> <span class='ocrx_word' id='word_1_381' title='bbox 1029 4037 1268 4078; x_wconf 89' lang='lat' dir='ltr'><strong>manere</strong></span> <span class='ocrx_word' id='word_1_382' title='bbox 1316 4021 1545 4076; x_wconf 88' lang='lat' dir='ltr'><strong>dicitur.</strong></span> <span class='ocrx_word' id='word_1_383' title='bbox 1581 4023 1914 4078; x_wconf 81' lang='lat' dir='ltr'><strong>Notandum</strong></span> 
     </span>
     <span class='ocr_line' id='line_1_57' title="bbox 412 4109 1914 4183; baseline -0.002 -14"><span class='ocrx_word' id='word_1_384' title='bbox 412 4112 614 4176; x_wconf 87' lang='lat' dir='ltr'><strong>etiam,</strong></span> <span class='ocrx_word' id='word_1_385' title='bbox 646 4113 804 4183; x_wconf 90' lang='lat' dir='ltr'><strong>quod</strong></span> <span class='ocrx_word' id='word_1_386' title='bbox 851 4127 1024 4168; x_wconf 88' lang='lat' dir='ltr'><strong>omne</strong></span> <span class='ocrx_word' id='word_1_387' title='bbox 1072 4114 1376 4183; x_wconf 88' lang='lat' dir='ltr'><strong>peccatum</strong></span> <span class='ocrx_word' id='word_1_388' title='bbox 1425 4109 1472 4165; x_wconf 88' lang='lat' dir='ltr'><strong>si</strong></span> <span class='ocrx_word' id='word_1_389' title='bbox 1521 4111 1764 4168; x_wconf 86' lang='lat' dir='ltr'><strong>mortale</strong></span> <span class='ocrx_word' id='word_1_390' title='bbox 1810 4116 1914 4177; x_wconf 88' lang='lat' dir='ltr'><strong>est,</strong></span> 
     </span>
    </p>
   </div>
   <div class='ocr_carea' id='block_1_16' title="bbox 2027 3126 3527 4184">
    <p class='ocr_par' dir='ltr' id='par_1_16' title="bbox 2027 3126 3527 4184">
     <span class='ocr_line' id='line_1_58' title="bbox 2027 3126 3524 3202; baseline 0.001 -18"><span class='ocrx_word' id='word_1_391' title='bbox 2027 3127 2337 3202; x_wconf 86' lang='lat' dir='ltr'><strong>cujuslibet</strong></span> <span class='ocrx_word' id='word_1_392' title='bbox 2364 3127 2582 3200; x_wconf 86' lang='lat' dir='ltr'><strong>peccati</strong></span> <span class='ocrx_word' id='word_1_393' title='bbox 2614 3127 2805 3183; x_wconf 78' lang='lat' dir='ltr'><strong>finalis</strong></span> <span class='ocrx_word' id='word_1_394' title='bbox 2844 3126 3287 3198; x_wconf 82' lang='lat' dir='ltr'><strong>impoenitentia,</strong></span> <span class='ocrx_word' id='word_1_395' title='bbox 3318 3130 3376 3184; x_wconf 84' lang='lat' dir='ltr'><strong>et</strong></span> <span class='ocrx_word' id='word_1_396' title='bbox 3414 3128 3524 3185; x_wconf 90' lang='lat' dir='ltr'><strong>hoc</strong></span> 
     </span>
     <span class='ocr_line' id='line_1_59' title="bbox 2027 3217 3523 3290; baseline 0.001 -16"><span class='ocrx_word' id='word_1_397' title='bbox 2027 3219 2221 3290; x_wconf 87' lang='lat' dir='ltr'><strong>ipsum</strong></span> <span class='ocrx_word' id='word_1_398' title='bbox 2266 3218 2497 3290; x_wconf 86' lang='lat' dir='ltr'><strong>penitus</strong></span> <span class='ocrx_word' id='word_1_399' title='bbox 2540 3217 2940 3274; x_wconf 82' lang='lat' dir='ltr'><strong>irremissibile</strong></span> <span class='ocrx_word' id='word_1_400' title='bbox 2980 3217 3139 3273; x_wconf 89' lang='lat' dir='ltr'><strong>dicit.</strong></span> <span class='ocrx_word' id='word_1_401' title='bbox 3170 3219 3238 3272; x_wconf 89' lang='lat' dir='ltr'><strong>Et</strong></span> <span class='ocrx_word' id='word_1_402' title='bbox 3279 3221 3523 3290; x_wconf 87' lang='lat' dir='ltr'><strong>utraque</strong></span> 
     </span>
     <span class='ocr_line' id='line_1_60' title="bbox 2028 3305 3523 3379; baseline -0.002 -13"><span class='ocrx_word' id='word_1_403' title='bbox 2028 3312 2114 3366; x_wconf 89' lang='lat' dir='ltr'><strong>est</strong></span> <span class='ocrx_word' id='word_1_404' title='bbox 2154 3325 2289 3364; x_wconf 84' lang='lat' dir='ltr'><strong>vera</strong></span> <span class='ocrx_word' id='word_1_405' title='bbox 2330 3309 2656 3364; x_wconf 87' lang='lat' dir='ltr'><strong>secundum</strong></span> <span class='ocrx_word' id='word_1_406' title='bbox 2706 3307 2949 3362; x_wconf 87' lang='lat' dir='ltr'><strong>modum</strong></span> <span class='ocrx_word' id='word_1_407' title='bbox 2996 3325 3111 3379; x_wconf 87' lang='lat' dir='ltr'><strong>quo</strong></span> <span class='ocrx_word' id='word_1_408' title='bbox 3158 3305 3369 3378; x_wconf 85' lang='lat' dir='ltr'><strong>accipit</strong></span> <span class='ocrx_word' id='word_1_409' title='bbox 3412 3307 3523 3363; x_wconf 91' lang='lat' dir='ltr'><strong>hoc</strong></span> 
     </span>
     <span class='ocr_line' id='line_1_61' title="bbox 2027 3395 3526 3470; baseline -0.001 -17"><span class='ocrx_word' id='word_1_410' title='bbox 2027 3398 2349 3470; x_wconf 82' lang='lat' dir='ltr'><strong>peecatum.</strong></span> <span class='ocrx_word' id='word_1_411' title='bbox 2383 3397 2493 3452; x_wconf 92' lang='lat' dir='ltr'><strong>Sed</strong></span> <span class='ocrx_word' id='word_1_412' title='bbox 2532 3396 2790 3452; x_wconf 82' lang='lat' dir='ltr'><strong>secunda</strong></span> <span class='ocrx_word' id='word_1_413' title='bbox 2834 3395 3025 3468; x_wconf 82' lang='lat' dir='ltr'><strong>magis</strong></span> <span class='ocrx_word' id='word_1_414' title='bbox 3068 3395 3335 3452; x_wconf 73' lang='lat' dir='ltr'><strong>convenit</strong></span> <span class='ocrx_word' id='word_1_415' title='bbox 3379 3395 3526 3452; x_wconf 88' lang='lat' dir='ltr'><strong>Scri-</strong></span> 
     </span>
     <span class='ocr_line' id='line_1_62' title="bbox 2029 3483 3524 3559; baseline 0 -18"><span class='ocrx_word' id='word_1_416' title='bbox 2029 3490 2233 3559; x_wconf 84' lang='lat' dir='ltr'><strong>pturae.</strong></span> <span class='ocrx_word' id='word_1_417' title='bbox 2282 3485 2567 3541; x_wconf 79' lang='lat' dir='ltr'><strong>Definitur</strong></span> <span class='ocrx_word' id='word_1_418' title='bbox 2612 3483 2787 3540; x_wconf 85' lang='lat' dir='ltr'><strong>etiam</strong></span> <span class='ocrx_word' id='word_1_419' title='bbox 2839 3484 2949 3540; x_wconf 87' lang='lat' dir='ltr'><strong>hoc</strong></span> <span class='ocrx_word' id='word_1_420' title='bbox 2995 3486 3316 3555; x_wconf 86' lang='lat' dir='ltr'><strong>peccatum,</strong></span> <span class='ocrx_word' id='word_1_421' title='bbox 3365 3485 3524 3556; x_wconf 87' lang='lat' dir='ltr'><strong>quod</strong></span> 
     </span>
     <span class='ocr_line' id='line_1_63' title="bbox 2027 3572 3527 3646; baseline -0.001 -14"><span class='ocrx_word' id='word_1_422' title='bbox 2027 3579 2113 3632; x_wconf 89' lang='lat' dir='ltr'><strong>est</strong></span> <span class='ocrx_word' id='word_1_423' title='bbox 2141 3574 2463 3632; x_wconf 78' lang='lat' dir='ltr'><strong>invidentia</strong></span> <span class='ocrx_word' id='word_1_424' title='bbox 2502 3591 2604 3630; x_wconf 89' lang='lat' dir='ltr'><strong>seu</strong></span> <span class='ocrx_word' id='word_1_425' title='bbox 2638 3573 2994 3646; x_wconf 83' lang='lat' dir='ltr'><strong>oppugnatio</strong></span> <span class='ocrx_word' id='word_1_426' title='bbox 3032 3572 3301 3629; x_wconf 67' lang='lat' dir='ltr'><strong>fraternae</strong></span> <span class='ocrx_word' id='word_1_427' title='bbox 3338 3590 3404 3629; x_wconf 89' lang='lat' dir='ltr'><strong>ac</strong></span> <span class='ocrx_word' id='word_1_428' title='bbox 3434 3591 3527 3631; x_wconf 89' lang='lat' dir='ltr'><strong>su-</strong></span> 
     </span>
     <span class='ocr_line' id='line_1_64' title="bbox 2030 3662 3527 3737; baseline -0.002 -17"><span class='ocrx_word' id='word_1_429' title='bbox 2030 3680 2225 3737; x_wconf 79' lang='lat' dir='ltr'><strong>pernae</strong></span> <span class='ocrx_word' id='word_1_430' title='bbox 2263 3663 2465 3736; x_wconf 64' lang='lat' dir='ltr'><strong>gratiae</strong></span> <span class='ocrx_word' id='word_1_431' title='bbox 2497 3679 2663 3735; x_wconf 85' lang='lat' dir='ltr'><strong>:quae</strong></span> <span class='ocrx_word' id='word_1_432' title='bbox 2694 3665 2892 3718; x_wconf 86' lang='lat' dir='ltr'><strong>tamen</strong></span> <span class='ocrx_word' id='word_1_433' title='bbox 2922 3662 3035 3718; x_wconf 82' lang='lat' dir='ltr'><strong>tale</strong></span> <span class='ocrx_word' id='word_1_434' title='bbox 3066 3665 3367 3733; x_wconf 87' lang='lat' dir='ltr'><strong>peccatum</strong></span> <span class='ocrx_word' id='word_1_435' title='bbox 3398 3678 3527 3733; x_wconf 89' lang='lat' dir='ltr'><strong>pro-</strong></span> 
     </span>
     <span class='ocr_line' id='line_1_65' title="bbox 2029 3750 3522 3828; baseline -0.003 -18"><span class='ocrx_word' id='word_1_436' title='bbox 2029 3754 2151 3828; x_wconf 89' lang='lat' dir='ltr'><strong>prie</strong></span> <span class='ocrx_word' id='word_1_437' title='bbox 2208 3769 2324 3809; x_wconf 92' lang='lat' dir='ltr'><strong>non</strong></span> <span class='ocrx_word' id='word_1_438' title='bbox 2373 3756 2474 3816; x_wconf 91' lang='lat' dir='ltr'><strong>est,</strong></span> <span class='ocrx_word' id='word_1_439' title='bbox 2527 3752 2636 3807; x_wconf 88' lang='lat' dir='ltr'><strong>nisi</strong></span> <span class='ocrx_word' id='word_1_440' title='bbox 2687 3769 2819 3807; x_wconf 89' lang='lat' dir='ltr'><strong>cum</strong></span> <span class='ocrx_word' id='word_1_441' title='bbox 2870 3750 3029 3807; x_wconf 83' lang='lat' dir='ltr'><strong>finali</strong></span> <span class='ocrx_word' id='word_1_442' title='bbox 3078 3751 3522 3824; x_wconf 75' lang='lat' dir='ltr'><strong>impoenitentia,</strong></span> 
     </span>
     <span class='ocr_line' id='line_1_66' title="bbox 2030 3840 3523 3916; baseline -0.002 -17"><span class='ocrx_word' id='word_1_443' title='bbox 2030 3861 2160 3916; x_wconf 78' lang='lat' dir='ltr'><strong>quae</strong></span> <span class='ocrx_word' id='word_1_444' title='bbox 2207 3858 2324 3898; x_wconf 90' lang='lat' dir='ltr'><strong>non</strong></span> <span class='ocrx_word' id='word_1_445' title='bbox 2368 3841 2557 3898; x_wconf 89' lang='lat' dir='ltr'><strong>solum</strong></span> <span class='ocrx_word' id='word_1_446' title='bbox 2601 3845 2771 3912; x_wconf 83' lang='lat' dir='ltr'><strong>neget</strong></span> <span class='ocrx_word' id='word_1_447' title='bbox 2812 3840 3126 3912; x_wconf 85' lang='lat' dir='ltr'><strong>poenitendi</strong></span> <span class='ocrx_word' id='word_1_448' title='bbox 3174 3844 3391 3906; x_wconf 88' lang='lat' dir='ltr'><strong>actum,</strong></span> <span class='ocrx_word' id='word_1_449' title='bbox 3422 3841 3523 3896; x_wconf 84' lang='lat' dir='ltr'><strong>sed</strong></span> 
     </span>
     <span class='ocr_line' id='line_1_67' title="bbox 2029 3929 3527 4001; baseline -0.003 -12"><span class='ocrx_word' id='word_1_450' title='bbox 2029 3933 2206 3989; x_wconf 85' lang='lat' dir='ltr'><strong>etiam</strong></span> <span class='ocrx_word' id='word_1_451' title='bbox 2254 3932 2330 3986; x_wconf 89' lang='lat' dir='ltr'><strong>sit</strong></span> <span class='ocrx_word' id='word_1_452' title='bbox 2378 3930 2436 3986; x_wconf 91' lang='lat' dir='ltr'><strong>in</strong></span> <span class='ocrx_word' id='word_1_453' title='bbox 2486 3930 2797 4001; x_wconf 87' lang='lat' dir='ltr'><strong>proposito.</strong></span> <span class='ocrx_word' id='word_1_454' title='bbox 2846 3930 3103 4001; x_wconf 91' lang='lat' dir='ltr'><strong>Denique</strong></span> <span class='ocrx_word' id='word_1_455' title='bbox 3147 3931 3205 3986; x_wconf 82' lang='lat' dir='ltr'><strong>et</strong></span> <span class='ocrx_word' id='word_1_456' title='bbox 3251 3929 3527 3986; x_wconf 82' lang='lat' dir='ltr'><strong>delinitur</strong></span> 
     </span>
     <span class='ocr_line' id='line_1_68' title="bbox 2028 4017 3525 4094; baseline -0.003 -15"><span class='ocrx_word' id='word_1_457' title='bbox 2028 4039 2150 4080; x_wconf 90' lang='lat' dir='ltr'><strong>esse</strong></span> <span class='ocrx_word' id='word_1_458' title='bbox 2201 4024 2505 4094; x_wconf 87' lang='lat' dir='ltr'><strong>peecatum</strong></span> <span class='ocrx_word' id='word_1_459' title='bbox 2553 4023 2753 4074; x_wconf 89' lang='lat' dir='ltr'><strong>contra</strong></span> <span class='ocrx_word' id='word_1_460' title='bbox 2796 4019 3113 4074; x_wconf 86' lang='lat' dir='ltr'><strong>bonitatem</strong></span> <span class='ocrx_word' id='word_1_461' title='bbox 3160 4022 3217 4074; x_wconf 90' lang='lat' dir='ltr'><strong>et</strong></span> <span class='ocrx_word' id='word_1_462' title='bbox 3251 4017 3525 4074; x_wconf 88' lang='lat' dir='ltr'><strong>virtutem</strong></span> 
     </span>
     <span class='ocr_line' id='line_1_69' title="bbox 2028 4107 3525 4184; baseline -0.003 -16"><span class='ocrx_word' id='word_1_463' title='bbox 2028 4111 2276 4184; x_wconf 88' lang='lat' dir='ltr'><strong>Spiritus</strong></span> <span class='ocrx_word' id='word_1_464' title='bbox 2306 4108 2501 4166; x_wconf 84' lang='lat' dir='ltr'><strong>Sancti</strong></span> <span class='ocrx_word' id='word_1_465' title='bbox 2537 4107 2941 4164; x_wconf 90' lang='lat' dir='ltr'><strong>commissum.</strong></span> <span class='ocrx_word' id='word_1_466' title='bbox 2974 4109 3141 4173; x_wconf 87' lang='lat' dir='ltr'><strong>Quod</strong></span> <span class='ocrx_word' id='word_1_467' title='bbox 3176 4110 3376 4163; x_wconf 84' lang='lat' dir='ltr'><strong>tamen</strong></span> <span class='ocrx_word' id='word_1_468' title='bbox 3408 4123 3525 4163; x_wconf 88' lang='lat' dir='ltr'><strong>non</strong></span> 
     </span>
    </p>
   </div>
   <div class='ocr_carea' id='block_1_17' title="bbox 415 4196 3521 4273">
    <p class='ocr_par' dir='ltr' id='par_1_17' title="bbox 415 4196 3521 4273">
     <span class='ocr_line' id='line_1_70' title="bbox 415 4196 3521 4273; baseline -0.002 -16"><span class='ocrx_word' id='word_1_469' title='bbox 415 4201 682 4273; x_wconf 76' lang='lat' dir='ltr'><strong>provenit</strong></span> <span class='ocrx_word' id='word_1_470' title='bbox 733 4203 835 4256; x_wconf 88' lang='lat' dir='ltr'><strong>aut</strong></span> <span class='ocrx_word' id='word_1_471' title='bbox 894 4215 964 4256; x_wconf 82' lang='lat' dir='ltr'><strong>ex</strong></span> <span class='ocrx_word' id='word_1_472' title='bbox 1020 4199 1335 4272; x_wconf 85' lang='lat' dir='ltr'><strong>cupiditate</strong></span> <span class='ocrx_word' id='word_1_473' title='bbox 1393 4199 1547 4256; x_wconf 88' lang='lat' dir='ltr'><strong>male</strong></span> <span class='ocrx_word' id='word_1_474' title='bbox 1606 4198 1996 4260; x_wconf 88' lang='lat' dir='ltr'><strong>incenden-D</strong></span> <span class='ocrx_word' id='word_1_475' title='bbox 2029 4203 2112 4257; x_wconf 92' lang='lat' dir='ltr'><strong>sic</strong></span> <span class='ocrx_word' id='word_1_476' title='bbox 2169 4202 2229 4256; x_wconf 91' lang='lat' dir='ltr'><strong>in</strong></span> <span class='ocrx_word' id='word_1_477' title='bbox 2285 4199 2565 4272; x_wconf 89' lang='lat' dir='ltr'><strong>Spiritum</strong></span> <span class='ocrx_word' id='word_1_478' title='bbox 2622 4199 2899 4254; x_wconf 88' lang='lat' dir='ltr'><strong>Sanctum</strong></span> <span class='ocrx_word' id='word_1_479' title='bbox 2949 4196 3237 4253; x_wconf 88' lang='lat' dir='ltr'><strong>committi</strong></span> <span class='ocrx_word' id='word_1_480' title='bbox 3289 4197 3521 4263; x_wconf 84' lang='lat' dir='ltr'><strong>dicitur,</strong></span> 
     </span>
    </p>
   </div>
   <div class='ocr_carea' id='block_1_18' title="bbox 413 4288 1926 5434">
    <p class='ocr_par' dir='ltr' id='par_1_18' title="bbox 413 4288 1926 5434">
     <span class='ocr_line' id='line_1_71' title="bbox 413 4288 1918 4353; baseline -0.001 -7"><span class='ocrx_word' id='word_1_481' title='bbox 413 4295 487 4353; x_wconf 90' lang='lat' dir='ltr'><strong>te,</strong></span> <span class='ocrx_word' id='word_1_482' title='bbox 529 4293 632 4346; x_wconf 82' lang='lat' dir='ltr'><strong>aut</strong></span> <span class='ocrx_word' id='word_1_483' title='bbox 675 4289 885 4344; x_wconf 84' lang='lat' dir='ltr'><strong>timore</strong></span> <span class='ocrx_word' id='word_1_484' title='bbox 934 4288 1084 4344; x_wconf 84' lang='lat' dir='ltr'><strong>male</strong></span> <span class='ocrx_word' id='word_1_485' title='bbox 1129 4288 1476 4344; x_wconf 85' lang='lat' dir='ltr'><strong>humiliante</strong></span> <span class='ocrx_word' id='word_1_486' title='bbox 1527 4305 1539 4344; x_wconf 72' lang='grc' dir='ltr'><strong>ε</strong></span> <span class='ocrx_word' id='word_1_487' title='bbox 1589 4292 1647 4343; x_wconf 86' lang='grc' dir='ltr'><strong>ει</strong></span> <span class='ocrx_word' id='word_1_488' title='bbox 1701 4288 1766 4342; x_wconf 83' lang='lat' dir='ltr'><strong>fit</strong></span> <span class='ocrx_word' id='word_1_489' title='bbox 1815 4293 1918 4344; x_wconf 84' lang='lat' dir='ltr'><strong>aut</strong></span> 
     </span>
     <span class='ocr_line' id='line_1_72' title="bbox 414 4377 1914 4450; baseline -0.001 -15"><span class='ocrx_word' id='word_1_490' title='bbox 414 4381 609 4443; x_wconf 79' lang='lat' dir='ltr'><strong>verbo,</strong></span> <span class='ocrx_word' id='word_1_491' title='bbox 645 4383 748 4436; x_wconf 85' lang='lat' dir='ltr'><strong>aut</strong></span> <span class='ocrx_word' id='word_1_492' title='bbox 785 4377 951 4443; x_wconf 79' lang='lat' dir='ltr'><strong>sacto,</strong></span> <span class='ocrx_word' id='word_1_493' title='bbox 992 4382 1095 4435; x_wconf 86' lang='lat' dir='ltr'><strong>aut</strong></span> <span class='ocrx_word' id='word_1_494' title='bbox 1132 4379 1423 4450; x_wconf 78' lang='lat' dir='ltr'><strong>cogitatu;</strong></span> <span class='ocrx_word' id='word_1_495' title='bbox 1464 4383 1522 4435; x_wconf 85' lang='lat' dir='ltr'><strong>et</strong></span> <span class='ocrx_word' id='word_1_496' title='bbox 1558 4379 1666 4435; x_wconf 91' lang='lat' dir='ltr'><strong>hoc</strong></span> <span class='ocrx_word' id='word_1_497' title='bbox 1712 4381 1814 4435; x_wconf 87' lang='lat' dir='ltr'><strong>aut</strong></span> <span class='ocrx_word' id='word_1_498' title='bbox 1857 4379 1914 4434; x_wconf 91' lang='lat' dir='ltr'><strong>in</strong></span> 
     </span>
     <span class='ocr_line' id='line_1_73' title="bbox 417 4468 1916 4541; baseline -0.001 -14"><span class='ocrx_word' id='word_1_499' title='bbox 417 4473 622 4534; x_wconf 87' lang='lat' dir='ltr'><strong>Deum,</strong></span> <span class='ocrx_word' id='word_1_500' title='bbox 642 4469 997 4541; x_wconf 87' lang='lat' dir='ltr'><strong>proximum,</strong></span> <span class='ocrx_word' id='word_1_501' title='bbox 1017 4472 1119 4524; x_wconf 89' lang='lat' dir='ltr'><strong>aut</strong></span> <span class='ocrx_word' id='word_1_502' title='bbox 1147 4487 1207 4524; x_wconf 91' lang='grc' dir='ltr'><strong>εε</strong></span> <span class='ocrx_word' id='word_1_503' title='bbox 1238 4468 1450 4540; x_wconf 88' lang='lat' dir='ltr'><strong>ipsum.</strong></span> <span class='ocrx_word' id='word_1_504' title='bbox 1471 4469 1692 4526; x_wconf 83' lang='lat' dir='ltr'><strong>Dicitur</strong></span> <span class='ocrx_word' id='word_1_505' title='bbox 1719 4473 1916 4526; x_wconf 87' lang='lat' dir='ltr'><strong>autem</strong></span> 
     </span>
     <span class='ocr_line' id='line_1_74' title="bbox 417 4557 1920 4634; baseline -0.002 -17"><span class='ocrx_word' id='word_1_506' title='bbox 417 4563 722 4634; x_wconf 82' lang='lat' dir='ltr'><strong>peccatum</strong></span> <span class='ocrx_word' id='word_1_507' title='bbox 764 4575 798 4614; x_wconf 88' lang='lat' dir='ltr'><strong>a</strong></span> <span class='ocrx_word' id='word_1_508' title='bbox 837 4557 1004 4620; x_wconf 83' lang='lat' dir='ltr'><strong>sacto,</strong></span> <span class='ocrx_word' id='word_1_509' title='bbox 1038 4558 1314 4615; x_wconf 88' lang='lat' dir='ltr'><strong>delictum</strong></span> <span class='ocrx_word' id='word_1_510' title='bbox 1345 4575 1478 4614; x_wconf 84' lang='lat' dir='ltr'><strong>vcro</strong></span> <span class='ocrx_word' id='word_1_511' title='bbox 1508 4577 1543 4615; x_wconf 87' lang='lat' dir='ltr'><strong>a</strong></span> <span class='ocrx_word' id='word_1_512' title='bbox 1582 4558 1714 4614; x_wconf 77' lang='lat' dir='ltr'><strong>facti</strong></span> <span class='ocrx_word' id='word_1_513' title='bbox 1747 4559 1920 4614; x_wconf 89' lang='lat' dir='ltr'><strong>omis-</strong></span> 
     </span>
     <span class='ocr_line' id='line_1_75' title="bbox 418 4646 1918 4720; baseline -0.002 -16"><span class='ocrx_word' id='word_1_514' title='bbox 418 4650 597 4706; x_wconf 85' lang='lat' dir='ltr'><strong>sione.</strong></span> <span class='ocrx_word' id='word_1_515' title='bbox 643 4649 883 4720; x_wconf 89' lang='lat' dir='ltr'><strong>Insuper</strong></span> <span class='ocrx_word' id='word_1_516' title='bbox 920 4651 1222 4719; x_wconf 90' lang='lat' dir='ltr'><strong>peccatum</strong></span> <span class='ocrx_word' id='word_1_517' title='bbox 1275 4646 1334 4702; x_wconf 91' lang='lat' dir='ltr'><strong>in</strong></span> <span class='ocrx_word' id='word_1_518' title='bbox 1377 4650 1598 4718; x_wconf 88' lang='lat' dir='ltr'><strong>septem</strong></span> <span class='ocrx_word' id='word_1_519' title='bbox 1647 4647 1918 4719; x_wconf 80' lang='lat' dir='ltr'><strong>capitalia</strong></span> 
     </span>
     <span class='ocr_line' id='line_1_76' title="bbox 431 4734 1916 4811; baseline -0.003 -17"><span class='ocrx_word' id='word_1_520' title='bbox 431 4737 742 4811; x_wconf 85' lang='lat' dir='ltr'><strong>Gregorius</strong></span> <span class='ocrx_word' id='word_1_521' title='bbox 784 4736 1046 4809; x_wconf 88' lang='lat' dir='ltr'><strong>partitur,</strong></span> <span class='ocrx_word' id='word_1_522' title='bbox 1081 4737 1317 4800; x_wconf 88' lang='lat' dir='ltr'><strong>scilicet,</strong></span> <span class='ocrx_word' id='word_1_523' title='bbox 1361 4737 1594 4793; x_wconf 87' lang='lat' dir='ltr'><strong>inanem</strong></span> <span class='ocrx_word' id='word_1_524' title='bbox 1649 4734 1916 4808; x_wconf 84' lang='lat' dir='ltr'><strong>gloriam,</strong></span> 
     </span>
     <span class='ocr_line' id='line_1_77' title="bbox 422 4825 1924 4898; baseline -0.003 -14"><span class='ocrx_word' id='word_1_525' title='bbox 422 4828 592 4892; x_wconf 85' lang='lat' dir='ltr'><strong>iram,</strong></span> <span class='ocrx_word' id='word_1_526' title='bbox 643 4825 947 4890; x_wconf 87' lang='lat' dir='ltr'><strong>invidiam,</strong></span> <span class='ocrx_word' id='word_1_527' title='bbox 1002 4825 1285 4890; x_wconf 86' lang='lat' dir='ltr'><strong>acediam,</strong></span> <span class='ocrx_word' id='word_1_528' title='bbox 1343 4825 1670 4890; x_wconf 84' lang='lat' dir='ltr'><strong>avaritiam,</strong></span> <span class='ocrx_word' id='word_1_529' title='bbox 1723 4825 1924 4898; x_wconf 82' lang='lat' dir='ltr'><strong>gastri-</strong></span> 
     </span>
     <span class='ocr_line' id='line_1_78' title="bbox 427 4914 1922 4990; baseline -0.002 -17"><span class='ocrx_word' id='word_1_530' title='bbox 427 4915 716 4990; x_wconf 84' lang='lat' dir='ltr'><strong>margiam</strong></span> <span class='ocrx_word' id='word_1_531' title='bbox 756 4920 930 4988; x_wconf 84' lang='lat' dir='ltr'><strong>atque</strong></span> <span class='ocrx_word' id='word_1_532' title='bbox 961 4915 1275 4980; x_wconf 83' lang='lat' dir='ltr'><strong>luxuriam,</strong></span> <span class='ocrx_word' id='word_1_533' title='bbox 1308 4932 1377 4972; x_wconf 88' lang='lat' dir='ltr'><strong>ex</strong></span> <span class='ocrx_word' id='word_1_534' title='bbox 1417 4914 1628 4988; x_wconf 88' lang='lat' dir='ltr'><strong>quibus</strong></span> <span class='ocrx_word' id='word_1_535' title='bbox 1664 4914 1922 4970; x_wconf 80' lang='lat' dir='ltr'><strong>mortife-</strong></span> 
     </span>
     <span class='ocr_line' id='line_1_79' title="bbox 427 5004 1923 5077; baseline -0.002 -15"><span class='ocrx_word' id='word_1_536' title='bbox 427 5023 506 5064; x_wconf 64' lang='grc' dir='ltr'><strong>τε</strong></span> <span class='ocrx_word' id='word_1_537' title='bbox 551 5005 897 5077; x_wconf 69' lang='lat' dir='ltr'><strong>corruptelae</strong></span> <span class='ocrx_word' id='word_1_538' title='bbox 933 5020 1136 5061; x_wconf 83' lang='lat' dir='ltr'><strong>omnes</strong></span> <span class='ocrx_word' id='word_1_539' title='bbox 1181 5005 1346 5077; x_wconf 82' lang='lat' dir='ltr'><strong>quasi</strong></span> <span class='ocrx_word' id='word_1_540' title='bbox 1385 5022 1455 5062; x_wconf 83' lang='lat' dir='ltr'><strong>ex</strong></span> <span class='ocrx_word' id='word_1_541' title='bbox 1497 5005 1750 5061; x_wconf 81' lang='lat' dir='ltr'><strong>sontibus</strong></span> <span class='ocrx_word' id='word_1_542' title='bbox 1796 5004 1923 5076; x_wconf 90' lang='lat' dir='ltr'><strong>qui-</strong></span> 
     </span>
     <span class='ocr_line' id='line_1_80' title="bbox 426 5094 1918 5166; baseline -0.002 -13"><span class='ocrx_word' id='word_1_543' title='bbox 426 5098 674 5154; x_wconf 85' lang='lat' dir='ltr'><strong>busdam</strong></span> <span class='ocrx_word' id='word_1_544' title='bbox 716 5099 963 5152; x_wconf 85' lang='lat' dir='ltr'><strong>manant</strong></span> <span class='ocrx_word' id='word_1_545' title='bbox 994 5110 1010 5150; x_wconf 75' lang='lat' dir='ltr'><strong>t</strong></span> <span class='ocrx_word' id='word_1_546' title='bbox 1039 5097 1195 5152; x_wconf 90' lang='lat' dir='ltr'><strong>unde</strong></span> <span class='ocrx_word' id='word_1_547' title='bbox 1228 5097 1284 5152; x_wconf 89' lang='lat' dir='ltr'><strong>et</strong></span> <span class='ocrx_word' id='word_1_548' title='bbox 1315 5094 1586 5166; x_wconf 82' lang='lat' dir='ltr'><strong>capitalia</strong></span> <span class='ocrx_word' id='word_1_549' title='bbox 1622 5098 1918 5150; x_wconf 83' lang='lat' dir='ltr'><strong>vocantur.</strong></span> 
     </span>
     <span class='ocr_line' id='line_1_81' title="bbox 427 5182 1924 5257; baseline -0.003 -15"><span class='ocrx_word' id='word_1_550' title='bbox 427 5187 538 5242; x_wconf 87' lang='lat' dir='ltr'><strong>Nec</strong></span> <span class='ocrx_word' id='word_1_551' title='bbox 575 5189 777 5242; x_wconf 86' lang='lat' dir='ltr'><strong>tamen</strong></span> <span class='ocrx_word' id='word_1_552' title='bbox 819 5200 922 5257; x_wconf 89' lang='lat' dir='ltr'><strong>per</strong></span> <span class='ocrx_word' id='word_1_553' title='bbox 957 5184 1066 5240; x_wconf 90' lang='lat' dir='ltr'><strong>hoc</strong></span> <span class='ocrx_word' id='word_1_554' title='bbox 1103 5184 1304 5242; x_wconf 89' lang='lat' dir='ltr'><strong>minus</strong></span> <span class='ocrx_word' id='word_1_555' title='bbox 1348 5187 1500 5242; x_wconf 87' lang='lat' dir='ltr'><strong>recte</strong></span> <span class='ocrx_word' id='word_1_556' title='bbox 1543 5200 1614 5240; x_wconf 87' lang='lat' dir='ltr'><strong>ex</strong></span> <span class='ocrx_word' id='word_1_557' title='bbox 1653 5182 1924 5255; x_wconf 85' lang='lat' dir='ltr'><strong>superbia</strong></span> 
     </span>
     <span class='ocr_line' id='line_1_82' title="bbox 429 5271 1926 5338; baseline 0 -9"><span class='ocrx_word' id='word_1_558' title='bbox 429 5274 699 5331; x_wconf 87' lang='lat' dir='ltr'><strong>similiter</strong></span> <span class='ocrx_word' id='word_1_559' title='bbox 725 5277 784 5330; x_wconf 91' lang='lat' dir='ltr'><strong>et</strong></span> <span class='ocrx_word' id='word_1_560' title='bbox 821 5272 1082 5338; x_wconf 80' lang='lat' dir='ltr'><strong>avaritia,</strong></span> <span class='ocrx_word' id='word_1_561' title='bbox 1114 5275 1312 5331; x_wconf 88' lang='lat' dir='ltr'><strong>omnia</strong></span> <span class='ocrx_word' id='word_1_562' title='bbox 1355 5274 1512 5330; x_wconf 86' lang='lat' dir='ltr'><strong>mala</strong></span> <span class='ocrx_word' id='word_1_563' title='bbox 1547 5271 1684 5330; x_wconf 90' lang='lat' dir='ltr'><strong>oriri</strong></span> <span class='ocrx_word' id='word_1_564' title='bbox 1725 5273 1926 5330; x_wconf 90' lang='lat' dir='ltr'><strong>dicun·</strong></span> 
     </span>
     <span class='ocr_line' id='line_1_83' title="bbox 432 5365 1088 5434; baseline -0.003 -16"><span class='ocrx_word' id='word_1_565' title='bbox 432 5367 522 5420; x_wconf 89' lang='lat' dir='ltr'><strong>tur</strong></span> <span class='ocrx_word' id='word_1_566' title='bbox 549 5365 778 5422; x_wconf 77' lang='lat' dir='ltr'><strong>diverso</strong></span> <span class='ocrx_word' id='word_1_567' title='bbox 807 5366 1088 5434; x_wconf 84' lang='lat' dir='ltr'><strong>respectu.</strong></span> 
     </span>
    </p>
   </div>
   <div class='ocr_carea' id='block_1_19' title="bbox 2027 4287 3525 4534">
    <p class='ocr_par' dir='ltr' id='par_1_19' title="bbox 2027 4287 3525 4534">
     <span class='ocr_line' id='line_1_84' title="bbox 2028 4287 3520 4365; baseline -0.003 -17"><span class='ocrx_word' id='word_1_568' title='bbox 2028 4291 2195 4365; x_wconf 87' lang='lat' dir='ltr'><strong>quasi</strong></span> <span class='ocrx_word' id='word_1_569' title='bbox 2224 4307 2327 4362; x_wconf 90' lang='lat' dir='ltr'><strong>per</strong></span> <span class='ocrx_word' id='word_1_570' title='bbox 2356 4290 2465 4345; x_wconf 88' lang='lat' dir='ltr'><strong>hoc</strong></span> <span class='ocrx_word' id='word_1_571' title='bbox 2494 4288 2625 4344; x_wconf 84' lang='lat' dir='ltr'><strong>aliae</strong></span> <span class='ocrx_word' id='word_1_572' title='bbox 2654 4289 2919 4344; x_wconf 85' lang='lat' dir='ltr'><strong>Personae</strong></span> <span class='ocrx_word' id='word_1_573' title='bbox 2948 4303 3065 4342; x_wconf 88' lang='lat' dir='ltr'><strong>non</strong></span> <span class='ocrx_word' id='word_1_574' title='bbox 3105 4287 3475 4344; x_wconf 77' lang='lat' dir='ltr'><strong>offendantur</strong></span> <span class='ocrx_word' id='word_1_575' title='bbox 3506 4303 3520 4343; x_wconf 91' lang='lat'>:</span> 
     </span>
     <span class='ocr_line' id='line_1_85' title="bbox 2027 4377 3525 4452; baseline -0.002 -16"><span class='ocrx_word' id='word_1_576' title='bbox 2027 4383 2128 4437; x_wconf 87' lang='lat' dir='ltr'><strong>sed</strong></span> <span class='ocrx_word' id='word_1_577' title='bbox 2155 4381 2291 4452; x_wconf 82' lang='lat' dir='ltr'><strong>quia</strong></span> <span class='ocrx_word' id='word_1_578' title='bbox 2322 4381 2523 4435; x_wconf 85' lang='lat' dir='ltr'><strong>contra</strong></span> <span class='ocrx_word' id='word_1_579' title='bbox 2550 4377 2989 4450; x_wconf 87' lang='lat' dir='ltr'><strong>appropriatum</strong></span> <span class='ocrx_word' id='word_1_580' title='bbox 3021 4377 3096 4431; x_wconf 88' lang='lat' dir='ltr'><strong>sit</strong></span> <span class='ocrx_word' id='word_1_581' title='bbox 3120 4377 3359 4450; x_wconf 88' lang='lat' dir='ltr'><strong>Spiritui</strong></span> <span class='ocrx_word' id='word_1_582' title='bbox 3388 4378 3525 4434; x_wconf 83' lang='lat' dir='ltr'><strong>San·</strong></span> 
     </span>
     <span class='ocr_line' id='line_1_86' title="bbox 2028 4465 3075 4534; baseline -0.006 -7"><span class='ocrx_word' id='word_1_583' title='bbox 2028 4475 2136 4534; x_wconf 81' lang='lat' dir='ltr'><strong>etc,</strong></span> <span class='ocrx_word' id='word_1_584' title='bbox 2178 4469 2395 4525; x_wconf 88' lang='lat' dir='ltr'><strong>scilicet</strong></span> <span class='ocrx_word' id='word_1_585' title='bbox 2436 4470 2753 4525; x_wconf 89' lang='lat' dir='ltr'><strong>bonitatem</strong></span> <span class='ocrx_word' id='word_1_586' title='bbox 2796 4465 3075 4524; x_wconf 85' lang='lat' dir='ltr'><strong>divinam.</strong></span> 
     </span>
    </p>
   </div>
   <div class='ocr_carea' id='block_1_20' title="bbox 2025 4592 3518 4728">
    <p class='ocr_par' dir='ltr' id='par_1_20' title="bbox 2025 4592 3518 4728">
     <span class='ocr_line' id='line_1_87' title="bbox 2025 4592 3518 4656; baseline -0.003 -9"><span class='ocrx_word' id='word_1_587' title='bbox 2025 4599 2185 4648; x_wconf 89' lang='lat' dir='ltr'><strong>Tunc</strong></span> <span class='ocrx_word' id='word_1_588' title='bbox 2219 4595 2461 4645; x_wconf 85' lang='lat' dir='ltr'><strong>animam</strong></span> <span class='ocrx_word' id='word_1_589' title='bbox 2498 4593 2655 4642; x_wconf 83' lang='lat' dir='ltr'><strong>vitiat</strong></span> <span class='ocrx_word' id='word_1_590' title='bbox 2686 4594 2971 4644; x_wconf 81' lang='lat' dir='ltr'><strong>teterrima</strong></span> <span class='ocrx_word' id='word_1_591' title='bbox 3004 4592 3171 4656; x_wconf 88' lang='lat' dir='ltr'><strong>culpa</strong></span> <span class='ocrx_word' id='word_1_592' title='bbox 3206 4597 3518 4650; x_wconf 85' lang='lat' dir='ltr'><strong>nocentem,</strong></span> 
     </span>
     <span class='ocr_line' id='line_1_88' title="bbox 2091 4664 3235 4728; baseline -0.003 -11"><span class='ocrx_word' id='word_1_593' title='bbox 2091 4665 2360 4717; x_wconf 83' lang='lat' dir='ltr'><strong>Flaminis</strong></span> <span class='ocrx_word' id='word_1_594' title='bbox 2393 4665 2583 4714; x_wconf 85' lang='lat' dir='ltr'><strong>irridet</strong></span> <span class='ocrx_word' id='word_1_595' title='bbox 2611 4680 2738 4714; x_wconf 88' lang='lat' dir='ltr'><strong>cum</strong></span> <span class='ocrx_word' id='word_1_596' title='bbox 2772 4665 2863 4728; x_wconf 83' lang='lat' dir='ltr'><strong>pia</strong></span> <span class='ocrx_word' id='word_1_597' title='bbox 2894 4665 3041 4716; x_wconf 86' lang='lat' dir='ltr'><strong>dona</strong></span> <span class='ocrx_word' id='word_1_598' title='bbox 3071 4664 3235 4715; x_wconf 84' lang='lat' dir='ltr'><strong>sacri.</strong></span> 
     </span>
    </p>
   </div>
   <div class='ocr_carea' id='block_1_21' title="bbox 2441 4896 3107 4959">
    <p class='ocr_par' dir='ltr' id='par_1_21' title="bbox 2441 4896 3107 4959">
     <span class='ocr_line' id='line_1_89' title="bbox 2441 4896 3107 4959; baseline 0 -1"><span class='ocrx_word' id='word_1_599' title='bbox 2441 4896 2866 4959; x_wconf 84' lang='lat' dir='ltr'><strong>DISTINCTIO</strong></span> <span class='ocrx_word' id='word_1_600' title='bbox 2910 4897 3107 4958; x_wconf 83' lang='lat' dir='ltr'><strong>XLIV.</strong></span> 
     </span>
    </p>
   </div>
   <div class='ocr_carea' id='block_1_22' title="bbox 2030 5047 3519 5131">
    <p class='ocr_par' dir='ltr' id='par_1_22' title="bbox 2030 5047 3519 5131">
     <span class='ocr_line' id='line_1_90' title="bbox 2030 5047 3519 5131; baseline -0.001 -20"><span class='ocrx_word' id='word_1_601' title='bbox 2030 5049 2169 5112; x_wconf 90' lang='lat' dir='ltr'><strong>Post</strong></span> <span class='ocrx_word' id='word_1_602' title='bbox 2205 5048 2525 5131; x_wconf 57' lang='lat' dir='ltr'><strong>praedicta,</strong></span> <span class='ocrx_word' id='word_1_603' title='bbox 2551 5047 3053 5111; x_wconf 87' lang='lat' dir='ltr'><strong>consideratione</strong></span> <span class='ocrx_word' id='word_1_604' title='bbox 3083 5048 3371 5130; x_wconf 83' lang='lat' dir='ltr'><strong>dignum,</strong></span> <span class='ocrx_word' id='word_1_605' title='bbox 3400 5057 3519 5112; x_wconf 89' lang='lat' dir='ltr'><strong>etc.</strong></span> 
     </span>
    </p>
   </div>
   <div class='ocr_carea' id='block_1_23' title="bbox 2164 5269 3526 5432">
    <p class='ocr_par' dir='ltr' id='par_1_23' title="bbox 2164 5269 3526 5432">
     <span class='ocr_line' id='line_1_91' title="bbox 2164 5269 3521 5342; baseline 0 -16"><span class='ocrx_word' id='word_1_606' title='bbox 2164 5271 2395 5326; x_wconf 79' lang='lat' dir='ltr'><strong>PINATI</strong></span> <span class='ocrx_word' id='word_1_607' title='bbox 2436 5273 2574 5326; x_wconf 88' lang='lat' dir='ltr'><strong>sunt</strong></span> <span class='ocrx_word' id='word_1_608' title='bbox 2610 5269 2850 5342; x_wconf 84' lang='lat' dir='ltr'><strong>quidam</strong></span> <span class='ocrx_word' id='word_1_609' title='bbox 2889 5269 3167 5341; x_wconf 85' lang='lat' dir='ltr'><strong>peccandi</strong></span> <span class='ocrx_word' id='word_1_610' title='bbox 3205 5271 3521 5342; x_wconf 84' lang='lat' dir='ltr'><strong>potentiam</strong></span> 
     </span>
     <span class='ocr_line' id='line_1_92' title="bbox 2184 5358 3526 5432; baseline 0 -15"><span class='ocrx_word' id='word_1_611' title='bbox 2184 5378 2219 5417; x_wconf 87' lang='lat' dir='ltr'><strong>a</strong></span> <span class='ocrx_word' id='word_1_612' title='bbox 2266 5360 2380 5416; x_wconf 90' lang='lat' dir='ltr'><strong>Deo</strong></span> <span class='ocrx_word' id='word_1_613' title='bbox 2423 5375 2539 5415; x_wconf 89' lang='lat' dir='ltr'><strong>non</strong></span> <span class='ocrx_word' id='word_1_614' title='bbox 2587 5375 2728 5425; x_wconf 88' lang='grc' dir='ltr'><strong>εεεε,</strong></span> <span class='ocrx_word' id='word_1_615' title='bbox 2764 5360 2865 5416; x_wconf 88' lang='lat' dir='ltr'><strong>sed</strong></span> <span class='ocrx_word' id='word_1_616' title='bbox 2912 5375 2945 5415; x_wconf 85' lang='lat' dir='ltr'><strong>a</strong></span> <span class='ocrx_word' id='word_1_617' title='bbox 2994 5358 3159 5416; x_wconf 89' lang='lat' dir='ltr'><strong>nobis</strong></span> <span class='ocrx_word' id='word_1_618' title='bbox 3204 5358 3346 5432; x_wconf 86' lang='lat' dir='ltr'><strong>ipsis</strong></span> <span class='ocrx_word' id='word_1_619' title='bbox 3388 5363 3445 5416; x_wconf 91' lang='lat' dir='ltr'><strong>et</strong></span> <span class='ocrx_word' id='word_1_620' title='bbox 3490 5377 3526 5417; x_wconf 85' lang='lat' dir='ltr'><strong>a</strong></span> 
     </span>
    </p>
   </div>
  </div>
 </body>
</html>
