4334 6242
830 485 946 551 154

1498 511 1563 557 IN
1602 510 1825 558 LIBRUM
1864 510 1910 558 11
1950 512 2434 559 summanum.
2479 531 2560 541 —
2600 514 2754 559 ms'r.
2801 513 2886 577 113
2928 514 3152 569 QUAEST.
3199 515 3266 561 111

826 676 892 741 in
934 680 1295 743 manufacta
1338 689 1555 743 sancta
1588 682 1767 745 Jesus
1812 681 2076 755 introiit,
2108 702 2318 744 exem·
2347 680 2400 744 A
2433 683 2774 759 minosum,
2815 684 3109 767 quamvis
3153 683 3552 747 luminositas
3591 683 3698 745 illa
3738 683 3934 746 lateat

824 776 1026 858 plaria
1074 797 1392 853 verorum,
1445 779 1555 841 sed
1616 779 1679 841 in
1742 780 1955 861 ipsum
2013 780 2246 843 coelum
2301 798 2315 842 :

821 894 948 938 non
992 876 1115 938 nisi
1159 878 1236 939 de
1281 877 1441 940 coelo
1489 896 1790 960 empyreo
1831 878 2165 959 aptissime
2213 898 2315 940 su-

821 974 1035 1036 mitur.
1087 976 1292 1058 Atque
1345 976 1409 1037 in
1460 976 1579 1039 hoc
1630 976 1791 1039 coelo
1840 977 1927 1039 ait
1978 976 2316 1057 Gregorius

820 1092 1112 1155 peccasse
1154 1074 1501 1143 diabolum,
1535 1093 1608 1136 ac
1651 1074 1797 1137 inde
1838 1074 2189 1157 delapsum.
2232 1077 2316 1138 De

820 1189 946 1253 quo
994 1171 1215 1235 itidem
1268 1172 1429 1235 coelo
1480 1172 1901 1255 Hieronymus
1956 1174 2019 1235 in
2078 1192 2314 1236 sermo·

818 1290 897 1333 ne
938 1272 1014 1333 de
1053 1272 1489 1353 assumptione
1530 1271 2004 1352 gloriosissimae
2032 1272 2314 1352 Virginis

819 1368 1019 1431 multa
1060 1369 1532 1451 deprompsisse
1577 1370 1899 1452 probatur.

900 1468 1079 1530 Circa
1118 1468 1253 1531 haec
1292 1468 1575 1551 loquitur
1615 1469 1829 1531 Petrus
1865 1487 1879 1531 :
1914 1468 2141 1531 Omnia
2180 1487 2312 1531 cor-

820 1584 974 1647 pora
1000 1567 1165 1628 facta
1194 1576 1341 1629 sunt
1383 1575 1642 1649 propter
1671 1586 1902 1649 corpus
1934 1568 2309 1640 humanum,

820 1665 988 1745 quod
1027 1673 1123 1726 est
1163 1664 1368 1727 forma
1407 1666 1675 1728 naturali
1718 1665 2185 1747 perfectissima
2219 1666 2311 1727 in-

820 1762 1184 1825 formatum.
1246 1764 1406 1825 Hinc
1466 1765 1818 1827 secundum
1888 1765 2307 1827 intentionem

2429 800 2652 843 sensus
2687 781 3069 844 mortalium.
3103 781 3277 855 Quod
3311 789 3406 843 est
3435 781 3536 843 vel
3577 782 3740 855 ide0‚
3773 800 3933 863 quo-

2429 880 2603 942 niam
2665 880 3317 962 improportionabilis
3377 888 3474 941 est
3531 880 3734 942 oculis
3796 898 3928 943 non

2427 979 2820 1059 glorificatis,
2855 979 3393 1061 quemadmodum
3440 979 3545 1040 lux
3585 996 3928 1061 corporum

2425 1077 2965 1158 glorificatorum3
3025 1078 3126 1140 vel
3184 1078 3488 1160 quoniam
3543 1096 3722 1159 aquae
3780 1096 3930 1158 quae

2426 1184 2576 1238 sunt
2617 1197 2809 1258 supra
2852 1176 3354 1250 firmamentum,
3389 1193 3516 1238 non
3559 1184 3706 1237 sunt
3750 1174 3928 1237 illius

2427 1273 2687 1337 luminis
2737 1275 3142 1354 traductivae;
3181 1276 3282 1337 vel
3327 1275 3477 1357 quia
3523 1275 3607 1337 ob
3655 1274 3926 1336 nimiam

2424 1373 2564 1454 ejus
2609 1374 2972 1436 distantiam
3023 1373 3473 1455 multiplicatio
3513 1372 3612 1434 sui
3657 1372 3928 1435 luminis

2423 1489 2550 1533 non
2583 1472 2982 1553 protenditur
3015 1490 3216 1553 usque
3245 1472 3323 1534 ad
3354 1471 3564 1533 visum
3607 1477 3924 1541 nostrum,

2422 1570 2548 1631 nisi
2603 1570 2813 1631 forsan
2864 1570 2951 1631 ita
2999 1570 3295 1631 debiliter
3334 1578 3402 1631 ut
3442 1588 3479 1631 a
3517 1568 3658 1631 visu
3708 1576 3928 1632 nostro

2422 1677 2695 1750 nequeat
2755 1669 3031 1751 percipi;
3083 1670 3184 1731 vel
3241 1669 3391 1750 quia
3453 1686 3580 1730 non
3637 1668 3814 1730 adest
3863 1669 3924 1730 ei

2424 1766 2761 1829 influentia
2818 1768 2928 1830 Dei
2989 1768 3066 1829 ad
3124 1769 3245 1831 hoc
3305 1775 3375 1829 ut
3422 1787 3489 1829 se
3539 1766 3926 1848 multiplicet

818 1870 1080 1935 natum,
1114 1862 1267 1925 finis
1310 1871 1405 1924 est
1452 1880 1789 1945 corporum
1840 1863 2131 1926 aliorum.
2168 1864 2312 1925 Cor·
2347 1870 2394 1932 B
2423 1866 2814 1928 sensibiliter
2875 1886 3076 1948 usque
3131 1867 3208 1929 ad
3274 1885 3406 1929 neS.
3469 1867 3922 1928 Verumtamen

819 1979 939 2042 pus
969 1969 1181 2022 autem
1211 1961 1563 2023 humanum
1605 1962 1928 2043 duplicem
1970 1961 2158 2023 habet
2191 1969 2311 2023 sta-

816 2067 953 2121 tum
975 2071 1211 2121 :unum
1244 2059 1643 2123 mortalitatis
1675 2061 1739 2121 in
1771 2060 2099 2142 praesenti3
2122 2060 2316 2122 alium

817 2156 1311 2219 immortalitatis
1360 2158 1426 2219 in
1468 2156 1704 2220 futuro.
1748 2158 1895 2220 Ideo
1938 2158 2103 2220 Deus
2148 2177 2314 2240 quae-

814 2256 959 2318 dam
1004 2256 1062 2319 ei
1107 2258 1485 2339 praeparavit
1527 2258 1879 2319 secundum
1930 2264 2308 2339 praesentem

814 2361 1045 2417 statum
1076 2355 1408 2437 praecipue,
1426 2363 1495 2416 ut
1525 2354 1805 2418 visibilia
1836 2372 2130 2437 corpora;
2153 2374 2316 2436 quae-

816 2454 960 2516 dam
1008 2472 1157 2517 vero
1204 2455 1556 2517 secundum
1608 2462 1841 2516 statum
1892 2453 2206 2527 futurum,
2247 2462 2314 2515 ut

816 2553 1050 2616 coelum
1092 2572 1465 2636 empyreum
1500 2570 1514 2615 :
1548 2561 1608 2614 et
1649 2553 1783 2615 haec
1821 2560 1917 2615 est
1954 2572 2143 2614 causa
2181 2571 2314 2615 cre--

815 2652 1045 2717 ationis
1097 2652 1268 2713 illius
1324 2652 1664 2733 praecipua,
1721 2652 2013 2732 quamvis
2064 2659 2126 2713 et
2175 2652 2314 2715 aliae

818 2751 1064 2833 possint
1105 2768 1243 2813 esse
1285 2768 1489 2812 causae
1531 2749 1869 2811 creationis
1913 2749 2084 2811 illius
2128 2750 2313 2811 nobis

818 2848 1100 2911 occultae.
1137 2849 1265 2911 Hoc
1306 2848 1499 2929 igitur
1536 2848 1768 2911 coelum
1810 2849 1875 2909 in
1915 2848 2172 2929 propria
2211 2867 2315 2910 na-

817 2955 959 3009 tura
1007 2948 1309 3011 sensibile
1366 2956 1483 3022 est,
1535 2948 1829 3029 quamvis
1885 2946 2313 3010 intellectuale

2423 1984 2620 2046 quum
2664 1984 2843 2046 aquae
2872 1985 3014 2046 quae
3045 1984 3239 2047 super
3266 1963 3748 2027 firmamentum
3781 1984 3924 2027 esse
3987 1987 4115 2031 Gen.
4139 2002 4172 2031 ι.
4193 1991 4230 2029 τ.
4309 2032 4311 2035 Α

2420 2062 2742 2137 dicuntur,
2775 2064 2904 2125 sint
2948 2064 3036 2125 ita
3081 2064 3433 2145 perspicuae
3477 2070 3546 2125 ut
3589 2063 3669 2125 ab
3712 2071 3926 2125 aucto-

2420 2161 2598 2223 ribus
2640 2161 2873 2225 coelum
2916 2162 3354 2244 crystallinum
3385 2170 3716 2236 vocentur,
3750 2162 3924 2243 quod

2422 2260 2770 2341 impediant.
2796 2260 2968 2322 illius
2996 2260 3252 2322 luminis
3277 2259 3768 2323 transfusionem
3793 2278 3924 2323 non

2419 2358 2626 2429 video,
2671 2357 2793 2419 nisi
2843 2358 3088 2420 adesset
3136 2357 3260 2420 alia
3309 2377 3513 2420 causa.
3557 2358 3770 2420 Voluit
3818 2360 3925 2420 de-

2421 2475 2601 2519 mum
2635 2457 2800 2518 Deus
2835 2456 3065 2519 coelum
3099 2475 3472 2538 empyreum
3507 2475 3646 2519 esse
3677 2456 3922 2538 absque

2419 2562 2644 2617 ornatu
2685 2554 3035 2628 stellarum,
3069 2555 3370 2637 quoniam
3412 2554 3584 2616 cives
3624 2554 3828 2636 ipsius
3855 2563 3923 2617 et

2421 2672 2686 2735 corpora
2724 2654 3058 2715 Beatorum
3099 2660 3286 2716 erunt
3320 2653 3377 2715 ei
3419 2672 3534 2734 pro
3576 2654 3924 2735 praeclaris-

2421 2753 2584 2814 simo
2641 2759 3032 2813 ornamento.
3095 2752 3268 2813 Unde
3327 2751 3405 2813 ad
3467 2751 3623 2813 illud
3683 2752 3922 2815 coelum

2421 2850 2686 2912 forsitan
2737 2850 3011 2931 pertinet
3060 2848 3218 2910 illud
3261 2849 3673 2931 Apocalypsis
3709 2866 3722 2911 ε
3758 2850 3926 2913 civi·
3985 2870 4248 2923 Almam,

2421 2956 2514 3010 tas
2559 2965 2686 3010 non
2728 2955 2870 3027 eget
2912 2947 3042 3009 sole
3088 2966 3295 3029 neque
3339 2948 3510 3021 luna,
3553 2958 3626 3009 ut
3669 2949 3924 3011 luceant
3955 2934 4038 2973 ²³·

815 3046 1062 3109 dicatur
1094 3046 1300 3128 quoad
1332 3065 1467 3121 neS,
1490 3054 1554 3109 et
1586 3054 1844 3129 propter
1874 3053 2169 3108 contenta
2199 3065 2312 3108 seu
2348 3043 2390 3107 C
2423 3047 2486 3108 in
2531 3064 2640 3124 ea;
2685 3064 2830 3107 nam
2874 3045 3122 3107 claritas
3168 3046 3277 3107 Dei
3324 3045 3714 3109 illuminabit
3754 3066 3921 3119 eam,

816 3144 1173 3207 habitantes
1218 3144 1282 3207 in
1328 3145 1485 3226 ips0.

880 3242 1277 3304 Inducuntur
1306 3242 1497 3303 etiam
1530 3241 1805 3304 rationes
1837 3241 2007 3324 quod
2036 3239 2312 3302 sit.Nam

814 3342 981 3403 sicut
1043 3340 1315 3422 simplex
1374 3348 1471 3402 est
1530 3347 1675 3401 ante
1738 3340 2188 3421 compositum,
2250 3346 2312 3399 et

816 3458 1019 3501 unum
1052 3446 1197 3501 ante
1230 3439 1463 3519 multa3
1495 3438 1587 3499 sic
1619 3438 1937 3500 uniforme
1977 3446 2123 3499 ante
2153 3438 2315 3499 mul-

816 3537 1263 3617 tiforme.Ergo
1292 3544 1439 3599 ante
1471 3538 1703 3600 coelum
1736 3536 2125 3598 firmamenti
2158 3535 2315 3597 mul·

818 3636 1094 3708 tiforme,
1128 3644 1225 3697 est
1272 3636 1505 3698 coelum
1560 3634 1879 3697 uniforme
1927 3654 2040 3716 per
2083 3642 2309 3708 totum,

818 3741 973 3817 puta
1028 3753 1420 3817 empyreum.
1482 3770 1563 3779 —
1618 3735 1797 3806 Item,
1859 3734 2010 3795 dnm
2068 3732 2313 3813 aliquid

817 3832 1240 3915 compositum
1284 3840 1378 3894 est
1418 3852 1494 3894 ex
1535 3831 1805 3905 duobuS,
1840 3832 1893 3894 si
1935 3851 2132 3893 unum
2176 3831 2315 3893 illo-

816 3952 961 3993 rum
1004 3931 1327 3993 invenitur
1368 3951 1479 4014 per
1516 3951 1605 4004 se,
1640 3939 1702 3993 et
1738 3931 1931 3992 aliud.
1972 3930 2037 3991 ln
2082 3948 2312 4011 genere

814 4039 1027 4093 autem
1069 4029 1373 4093 coelorum
1407 4038 1503 4091 est
1534 4049 1733 4091 unum
1776 4037 2070 4091 constans
2109 4047 2187 4089 ex
2220 4028 2312 4088 lu-

819 4130 1067 4192 minoso
1096 4136 1159 4190 et
1189 4146 1313 4191 non
1357 4128 1694 4198 luminos0,
1730 4135 1795 4189 ut
1830 4126 2062 4189 coelum
2104 4126 2312 4188 stella-

2421 3153 2486 3207 et
2529 3145 2788 3206 lucerna
2829 3144 2969 3224 ejus
3011 3152 3108 3205 est
3150 3144 3385 3225 Agnus.

2501 3244 2766 3324 Insuper
2807 3243 2884 3304 de
2924 3242 3022 3303 his
3067 3241 3290 3303 scribit
3328 3243 3767 3305 Bonaventura
3803 3243 3926 3305 dif-

2423 3340 2581 3403 fuse.
2613 3341 2846 3402 Verum
2891 3340 3204 3402 sententia
3241 3360 3356 3402 sua
3385 3341 3566 3422 quasi
3597 3346 3728 3402 tota
3761 3360 3924 3423 prae-

2421 3439 2636 3501 habita
2664 3446 2778 3500 est.
2814 3440 3067 3501 Fatetur
3107 3438 3172 3501 in
3213 3439 3458 3521 primiS,
3492 3440 3662 3521 quod
3691 3441 3770 3502 de
3799 3441 3922 3503 hoc

2422 3536 2585 3600 coelo
2632 3555 2934 3619 empyreo
2981 3537 3243 3618 exponit
3275 3538 3701 3600 Damascenus
3750 3538 3922 3619 quod

2423 3634 2732 3717 scriptum
2791 3642 2908 3709 est,
2958 3635 3028 3696 In
3087 3635 3408 3717 principio
3465 3636 3702 3698 creavit
3753 3637 3922 3699 Deus
3983 3654 4236 3703 aex-...n

2423 3734 2658 3795 coelum
2705 3740 2770 3795 et
2818 3741 3068 3795 terram.
3123 3733 3197 3794 Et
3255 3734 3430 3795 addit
3486 3752 3500 3795 ε
3551 3734 3922 3796 Ponendum

2423 3852 2562 3895 esse
2613 3832 2731 3893 hoc
2781 3831 3039 3905 coelum,
3093 3833 3431 3913 persuadet
3480 3832 3710 3915 triplex
3760 3833 3925 3896 ratio

2422 3932 2598 4005 finis,
2651 3931 2713 3992 id
2761 3938 2858 3993 est
2904 3950 3108 3993 causae
3157 3931 3370 3993 finalis
3418 3940 3676 4013 propter
3725 3950 3924 4013 quam

2423 4031 2662 4092 factum
2716 4037 2828 4092 est.
2865 4029 3072 4091 Prima
3117 4037 3209 4091 est
3257 4028 3565 4110 perfectio
3613 4029 3920 4092 universi.

2423 4129 2628 4202 Quum
2672 4127 2844 4189 enim
2889 4126 3120 4189 coelum
3168 4127 3485 4208 quoddam
3530 4127 3612 4189 sit
3653 4127 3930 4190 lumino-

813 4237 990 4305 tum;
1026 4234 1089 4289 et
1134 4246 1333 4288 unum
1378 4233 1581 4290 totum
1626 4243 1753 4288 non
1802 4225 2193 4286 luminosum
2236 4243 2313 4285 ex
2345 4229 2394 4290 D
2424 4246 2566 4289 sum
2609 4234 2672 4287 et
2717 4225 3037 4299 difforme,
3072 4226 3125 4287 si
3171 4243 3298 4287 non
3341 4234 3508 4287 esset
3551 4225 3785 4288 coelum
3830 4234 3926 4287 to-

816 4346 906 4399 se,
959 4332 1027 4385 ut
1075 4324 1247 4388 orbis
1298 4323 1481 4387 lunae.
1533 4324 1695 4403 Ergo
1744 4332 1838 4386 est
1886 4324 2058 4385 aliud
2109 4330 2312 4384 totum

819 4424 1229 4485 luminosum.
1254 4457 1335 4467 —-
1356 4423 1615 4495 RursuS,
1641 4430 1931 4483 centrum
1962 4428 2023 4482 et
2052 4420 2319 4483 circum-

818 4520 1088 4583 ferentia
1118 4528 1265 4583 sunt
1303 4521 1762 4582 contrariarum
1799 4519 2261 4601 proprietatum
2298 4538 2312 4582 t

822 4620 989 4682 unde
1027 4627 1089 4681 et
1131 4620 1267 4700 ipsa
1306 4626 1454 4680 sunt
1496 4619 1751 4680 termini
1796 4626 2084 4680 motuum
2124 4636 2319 4700 oppo-

821 4718 1109 4781 sitorum.
1147 4718 1449 4780 Centrum
1486 4724 1698 4778 autem
1730 4716 1951 4778 mundi
1985 4726 2081 4779 est
2112 4723 2312 4778 totum

822 4834 1094 4898 opacum
1143 4833 1157 4877 z
1204 4833 1353 4896 ergo
1400 4822 1755 4876 extremum
1813 4815 2032 4876 mundi
2088 4824 2182 4877 est
2231 4824 2320 4876 to-

822 4923 959 4977 tum
1008 4914 1251 4975 clarum
1300 4920 1365 4975 et
1412 4912 1839 4993 splendidum.
1883 4914 2026 4975 Haec
2075 4914 2314 4975 Petrus

901 5013 1075 5075 Idem
1120 5010 1488 5074 RicharduS.
1522 5010 1637 5083 Qui
1682 5011 1874 5073 etiam
1918 5012 2145 5092 quaerit
2190 5012 2316 5086 hic,

824 5118 1038 5172 utrum
1069 5109 1305 5171 coelum
1335 5126 1705 5189 empyreum
1738 5109 1819 5170 sit
1850 5109 2191 5171 stellatum.
2226 5109 2320 5171 Ad

824 5208 995 5289 quod
1054 5206 1393 5287 respondet
1446 5222 1459 5266 :
1514 5206 1758 5268 Coeluni
1821 5206 1979 5268 illud
2040 5224 2167 5269 non
2226 5215 2322 5269 est

827 5306 1170 5378 stellatum,
1204 5304 1315 5367 sed
1360 5321 1475 5385 per
1524 5311 1725 5366 totum
1777 5303 2181 5368 uniformiter
2230 5306 2320 5367 lu-

2425 4334 2560 4387 tum
2602 4323 2993 4385 luminosum
3032 4332 3096 4384 et
3125 4322 3466 4395 uniforme,
3500 4323 3744 4385 deesset
3785 4323 3930 4385 uni-

2427 4440 2608 4485 verso
2655 4422 2943 4503 quaedam
2997 4420 3320 4503 perfectio.
3366 4421 3654 4484 Secunda
3703 4428 3818 4493 est,
3853 4430 3926 4484 ut

2427 4519 2657 4583 coelum
2714 4538 3087 4601 supremum
3137 4519 3374 4581 mobile
3423 4518 3651 4581 habeat
3697 4519 3924 4582 orbem

2427 4617 2654 4691 fixum,
2689 4616 2855 4680 infra
2899 4636 3086 4698 quem
3131 4625 3193 4678 et
3235 4616 3300 4678 in
3345 4635 3473 4698 quo
3509 4624 3810 4699 tanquam
3857 4618 3926 4680 in

2430 4716 2566 4779 loco
2619 4722 2962 4777 moveatur.
3010 4715 3239 4787 Tertia,
3291 4723 3360 4776 ut
3409 4732 3762 4795 congruum
3815 4716 3925 4777 ha-

2428 4814 2779 4875 bitaculum
2813 4814 3170 4887 Beatorum,
3201 4813 3552 4894 praesertim
3583 4812 3922 4877 hominum

2426 4912 2950 4993 glorificatorum,
2983 4910 3304 4972 consistat.
3349 4910 3519 4973 Finis
3564 4919 3779 4974 autem
3820 4932 3928 4974 ne-

2430 5010 2786 5073 cessitatem
2829 5008 3103 5089 imponit.
3132 5008 3232 5071 his
3266 5028 3408 5091 quae
3441 5009 3820 5071 ordinantur
3857 5010 3926 5072 in

2431 5109 2664 5191 ipsum.
2716 5142 2798 5152 —
2845 5107 2970 5169 Nec
3029 5107 3408 5188 putandum,
3459 5107 3628 5188 quod
3687 5106 3925 5170 coelum

2431 5224 2807 5288 empyreum
2853 5203 3255 5266 illuminetur
3295 5223 3332 5265 a
3374 5204 3524 5265 sole.
3565 5203 3702 5267 Non
3749 5206 3926 5268 enim

2431 5304 2513 5367 ab
2546 5302 2957 5365 inferioribus
2990 5302 3217 5384 recipit
3248 5302 3487 5378 lumen,
3509 5320 3629 5365 nec
3661 5302 3920 5385 indiget.
