4334 6242
542 496 769 555 onais-r.
812 498 852 542 v
886 498 901 543 :
942 498 1028 545 AN
1069 499 1259 546 rna-ro
1300 490 1590 545 rosumur
1628 498 1773 543 ’rma
1816 497 2121 545 mmmm
2165 498 2490 557 rucuma-A,
2533 500 2606 547 ar
2647 501 2711 546 ιΝ
2752 500 2965 557 omnus
3007 498 3286 548 nnmcm‘r
3387 476 3468 546 89

346 669 777 749 quantitativi
836 668 1076 732 infiniti
1132 686 1149 731 τ

350 775 593 830 natura
632 787 909 831 vacuum
949 767 1287 830 abhorrere
1318 767 1641 841 asseritur,
1675 775 1739 830 et
1778 768 1868 829 in-

350 864 633 929 finitum
666 866 945 941 horrere,
980 874 1106 928 tam
1150 865 1477 928 infinitum
1523 867 1587 929 in
1628 867 1865 946 magni-

350 965 587 1027 tudine
641 984 835 1046 quam
880 965 945 1027 in
988 965 1218 1027 actuali
1267 964 1675 1027 multitudine
1728 984 1869 1047 per-

351 1071 685 1125 manente.
740 1064 885 1125 Ideo
935 1063 987 1124 si
1046 1064 1499 1125 concederetur
1543 1064 1867 1144 generatio

348 1162 705 1223 hominum
760 1162 841 1224 ab
892 1169 1127 1225 aeterno
1177 1164 1458 1236 durasse,
1502 1163 1713 1245 potius
1761 1180 1865 1223 ex-

349 1260 599 1341 egisset
652 1268 875 1322 natura
921 1260 1176 1323 easdem
1229 1260 1475 1322 animas
1531 1261 1866 1323 rationales

352 1377 475 1439 per
506 1358 993 1421 circulationem
1032 1357 1418 1421 Platonicam
1459 1359 1707 1420 diversa
1736 1376 1869 1420 cor-

354 1476 517 1539 pora
549 1457 1127 1538 informare‚quam
1158 1476 1263 1519 eas
1294 1457 1359 1518 in
1400 1457 1727 1519 infinitum
1759 1476 1865 1518 au-

350 1556 517 1634 geri,
553 1554 852 1636 quamvis
891 1553 1140 1635 Algazel
1188 1555 1253 1616 in
1292 1555 1717 1637 Metaphysica
1754 1574 1869 1617 sua

352 1673 465 1715 eas
500 1653 813 1716 concedat
852 1670 1121 1714 numero
1162 1652 1469 1727 infinitaS,
1504 1672 1619 1715 nec
1656 1654 1869 1715 incon-

356 1752 633 1815 veniens
673 1751 1019 1813 arbitretur
1047 1751 1167 1813 hoc
1209 1769 1445 1833 ponere
1486 1752 1551 1813 in
1591 1752 1691 1813 his
1727 1772 1867 1833 quae

1206 670 1743 752 quemadmodum
1804 677 1864 730 et
1895 667 1946 730 A
2054 670 2317 733 Videtur
2356 674 2524 754 quod
2571 690 2694 735 non
2736 674 2948 756 posuit
2993 674 3110 735 tria
3152 672 3469 755 principia

1977 767 2272 831 increata.
2307 769 2461 832 Nam
2507 770 2571 832 in
2612 771 2820 853 primo
2849 772 3064 835 'rimaei
3106 771 3372 853 pulchre
3406 779 3469 832 et

1974 866 2346 948 eloquenter
2393 869 2802 945 demonstrat,
2851 870 3022 951 quod
3069 870 3236 932 Deus
3285 888 3469 931 mun-

1975 966 2127 1027 dum
2169 967 2467 1047 produxit
2502 968 2683 1048 juxta
2723 969 2996 1050 propriae
3031 968 3262 1030 mentis
3291 976 3468 1031 aeter-

1976 1084 2153 1137 num,
2202 1066 2552 1127 increatum
2611 1073 2676 1127 et
2734 1085 2860 1129 non
2917 1066 3308 1129 elaboratum
3368 1086 3470 1129 ex-

1975 1163 2246 1244 emplar.
2323 1163 2396 1224 Et
2470 1163 2534 1225 in
2607 1165 2726 1227 hoc
2794 1164 3185 1245 Augustinus
3256 1165 3468 1245 ipsum

1977 1262 2380 1323 commendat
2417 1280 2489 1323 ac
2533 1262 2822 1344 sequitur
2861 1263 2924 1324 in
2972 1262 3134 1326 libro
3176 1261 3469 1325 LXXXIII

1975 1358 2424 1430 Quaestionum.
2459 1394 2541 1404 —
2573 1360 2882 1435 SecundO,
2922 1361 3072 1442 quia
3115 1361 3467 1423 secundum

1976 1453 2321 1528 Platonem,
2377 1457 2584 1519 omnis
2648 1458 2987 1520 multitudo
3046 1458 3332 1540 procedit
3387 1459 3467 1521 ab

1978 1569 2126 1625 uno,
2177 1559 2239 1613 et
2297 1559 2424 1614 tota
2483 1552 2861 1616 universitas
2917 1573 3127 1617 rerum
3175 1574 3212 1616 a
3257 1556 3470 1637 primo

1976 1649 2297 1731 principio
2328 1651 2598 1713 mediate
2627 1660 2734 1713 aut
2767 1651 3153 1726 immediate,
3185 1652 3472 1716 efficien-

1979 1747 2213 1808 tialiter
2242 1747 2688 1830 fontaliterque
2720 1749 3046 1831 profluxit.
3075 1750 3153 1812 Et
3181 1750 3301 1813 hoc
3331 1751 3472 1814 Pro-

355 1869 491 1913 non
539 1850 949 1913 essentialem
994 1850 1103 1911 sed
1152 1850 1608 1912 accidentalem
1652 1850 1730 1911 ad
1774 1850 1866 1911 in·
1898 1846 1946 1909 B
1977 1845 2136 1920 clus,
2164 1846 2438 1909 Platonis
2470 1846 2845 1929 discipuluS,
2871 1848 2936 1911 in
2969 1849 3470 1912 Elementatione

355 1948 574 2010 vicem
604 1947 897 2009 ordinem
930 1946 1299 2009 sortiuntur.
1329 1946 1557 2007 Mirum
1586 1964 1861 2028 quoque,

358 2046 535 2127 quod
568 2046 895 2107 Avicenna
923 2052 987 2105 et
1016 2044 1153 2125 ipse
1186 2050 1309 2105 tam
1335 2043 1623 2107 absolute
1654 2045 1867 2106 dicant

362 2144 687 2206 mundum
739 2143 818 2205 ab
861 2151 1097 2205 ae'terno
1142 2142 1365 2216 fuisse,
1414 2151 1477 2205 et
1522 2144 1869 2223 generatio-

359 2262 515 2305 nem
585 2249 975 2304 cessaturam
1040 2259 1165 2303 non
1228 2261 1389 2315 esse,
1455 2241 1866 2323 infinitasque

357 2342 615 2403 animas
668 2348 813 2401 act-u
864 2340 1191 2414 exsistere,
1242 2359 1442 2421 quum
1495 2340 1685 2402 ambo
1740 2339 1869 2401 fue-

360 2440 497 2501 rint
534 2439 615 2502 de
658 2438 793 2519 Iege
834 2438 1193 2512 Mahometi,
1229 2438 1294 2500 in
1339 2458 1465 2519 qua
1506 2439 1721 2500 omnia
1760 2438 1869 2500 illa

360 2537 812 2619 reprobantur,
846 2537 1249 2617 mundusque
1293 2536 1608 2618 incepisse
1646 2544 1709 2598 et
1746 2537 1869 2617 pri-

362 2656 513 2697 mus
555 2635 749 2697 homo
792 2634 855 2695 in
901 2634 1194 2715 paradiso
1231 2634 1429 2696 fuisse
1467 2654 1540 2696 ac
1577 2635 1867 2715 generale

359 2734 687 2815 judicium
746 2752 820 2794 ac
878 2732 1190 2795 infernale
1250 2740 1557 2795 aeternum
1620 2733 1869 2815 suppli-

362 2832 545 2893 cium
590 2830 807 2892 futura
850 2838 1209 2904 narrantur,
1242 2830 1408 2893 sicut
1450 2830 1515 2892 in
1559 2831 1869 2893 Alcorano

358 2930 642 3011 aliisque
672 2928 939 2991 diversis
980 2928 1311 2991 codicibus
1343 2928 1497 3010 Iegis
1537 2929 1711 2991 illius
1750 2928 1870 2992 fre-

1975 1963 2090 2005 sua
2139 1944 2492 2026 theologica
2541 1945 2894 2009 efficaciter
2942 1948 3186 2029 probat.
3221 1949 3470 2010 —Ter-

1978 2043 2085 2116 tio,
2120 2042 2292 2104 Plato
2338 2042 2401 2104 in
2446 2044 2653 2125 primo
2693 2044 2908 2108 Timaei
2953 2054 3234 2121 testatur,
3269 2046 3468 2109 Deum

1978 2140 2043 2202 in
2085 2159 2299 2202 rerum
2339 2142 2758 2223 productione
2801 2163 3202 2227 nequaquam
3245 2146 3322 2207 ad
3368 2164 3470 2207 ex-

1977 2240 2224 2321 emplar
2253 2248 2428 2302 extra
2467 2260 2534 2301 se
2565 2242 2846 2321 positum
2885 2243 3238 2325 respexisse
3274 2262 3286 2304 :
3320 2262 3470 2325 ergo

1977 2337 2184 2400 ideam
2237 2339 2457 2400 mundi
2503 2340 2848 2414 sensibilis,
2883 2341 3001 2403 hoc
3047 2348 3142 2402 est
3188 2342 3471 2424 archety—

1977 2456 2133 2518 pum
2185 2438 2519 2512 mundum,
2570 2439 2840 2500 asseruit
2886 2457 3024 2501 esse
3073 2438 3140 2501 in
3189 2440 3356 2518 Deo;
3407 2447 3470 2501 et

1976 2535 2280 2616 quoniam
2331 2535 2530 2598 Deum
2577 2555 2717 2599 esse
2765 2537 3314 2619 simplicissimum
3365 2555 3472 2599 no-

1976 2632 2089 2706 vit,
2125 2634 2436 2700 mundum
2487 2634 2670 2695 illum
2718 2633 3133 2717 archetypum
3178 2636 3472 2698 idealem-

1978 2752 2101 2815 que
2135 2734 2440 2797 rationem
2471 2733 2771 2795 disseruit
2800 2734 3052 2797 realiter
3079 2753 3218 2797 esse
3249 2735 3474 2817 ipsum-

1979 2839 2106 2893 met
2151 2832 2372 2893 Deum.

2043 2930 2111 2991 ln
2144 2931 2530 2993 contrarium
2559 2938 2703 2993 sunt
2729 2932 3130 3015 auctoritates
3155 2931 3469 2995 Ambrosii

362 3035 643 3109 quenter
685 3026 909 3108 legisse
950 3045 1051 3088 me
1098 3026 1323 3089 recolO.
1360 3028 1533 3089 Unde
1574 3027 1869 3089 videntur
1905 3022 1947 3085 C
1978 3046 2050 3090 ac
2096 3029 2396 3109 Magistri,
2445 3037 2514 3091 ut
2556 3036 2728 3111 patet
2771 3030 2836 3091 in
2881 3029 3106 3093 littera.

360 3127 571 3189 fuisse
614 3126 893 3189 haeretici
941 3125 1290 3200 Sarraceni‚
1323 3134 1387 3188 et
1427 3126 1625 3207 magis
1666 3127 1866 3189 secuti

365 3225 843 3307 philosophiam
885 3243 1077 3306 quam
1121 3225 1323 3305 legem
1365 3224 1563 3296 illam,
1596 3224 1761 3287 sicut
1803 3225 1867 3287 in

366 3324 509 3405 lege
550 3324 819 3386 Mosaica
856 3332 919 3385 et
948 3324 1313 3404 evangelica
1352 3323 1635 3386 diversos
1671 3323 1868 3385 fuisse

366 3423 701 3485 haereticos
734 3422 1091 3485 innotescit.
1126 3455 1203 3467 —-
1236 3422 1325 3483 Ex
1358 3421 1457 3483 his
1488 3420 1708 3483 itidem
1740 3421 1870 3483 elu-

366 3520 589 3593 cescit,
623 3521 793 3602 quod
841 3520 1133 3602 quamvis
1183 3519 1459 3581 mundus
1508 3519 1587 3582 ab
1634 3526 1868 3581 aeterno

366 3619 622 3693 fuisset,
658 3637 783 3681 non
814 3627 1026 3680 tamen
1058 3625 1222 3679 esset
1254 3618 1537 3680 continui
1568 3625 1870 3679 evacuata

368 3738 483 3780 seu
518 3724 959 3779 consummata
999 3715 1232 3779 divisio
1265 3724 1523 3798 propter
1555 3716 1869 3798 incapaci-

365 3824 564 3879 tatem
608 3823 870 3888 naturae,
904 3834 1043 3896 quae
1090 3814 1565 3877 multitudinem
1613 3815 1870 3877 actuali-

366 3924 465 3977 ter
510 3914 833 3976 infinitam
878 3930 1005 3976 non
1048 3912 1337 3975 sustinet.

450 4013 543 4075 Ex
575 4012 676 4074 his
706 4029 850 4073 reor
880 4018 1314 4093 competenter
1342 4019 1558 4093 patere
1598 4012 1871 4093 qualiter

368 4120 431 4174 ct
471 4111 719 4192 reliqua
755 4108 917 4171 solvi
958 4118 1193 4190 queant
1231 4109 1500 4189 objecta,
1536 4130 1675 4191 quae
1710 4130 1747 4171 a
1776 4111 1867 4173 di-

2054 3224 2148 3286 Ad
2181 3224 2314 3287 haec
2346 3226 2684 3307 respondet
2713 3225 3008 3288 Albertus
3029 3243 3042 3287 :
3062 3226 3472 3300 Quemadmo-
3511 3255 3675 3297 Sum.
3699 3254 3761 3297 u„

1978 3323 2128 3384 dum
2184 3323 2392 3386 Sancti
2445 3324 2687 3399 dicunt,
2721 3332 2782 3387 et
2825 3324 3097 3387 Platonis
3139 3324 3332 3387 verba
3373 3343 3470 3387 os·
3498 3319 3761 3373 ²⁸W²·⁴¹·⁴·

1979 3423 2269 3495 tendunt,
2305 3421 2442 3503 ipse
2481 3421 2652 3485 Plato
2691 3422 2862 3484 circa
2894 3424 3210 3506 principia
3238 3423 3472 3485 erravit

1977 3520 2334 3601 tripliciter.
2374 3520 2604 3594 Primo,
2640 3521 2942 3602 quoniam
2992 3522 3110 3585 tria
3158 3522 3474 3605 principia

1977 3620 2114 3681 sine
2155 3618 2474 3700 principio
2513 3619 2592 3681 ab
2631 3626 2867 3682 aeterno
2905 3640 3044 3683 esse
3081 3621 3260 3694 dixit,
3297 3629 3468 3703 puta,

1977 3717 2304 3798 opificem,
2348 3717 2694 3799 exemplar,
2743 3725 2932 3799 atque
2979 3719 3327 3781 materiam.
3371 3720 3474 3782 Se-

1980 3817 2210 3888 cund0,
2230 3834 2376 3877 nam
2404 3814 2566 3876 dixit
2593 3816 3065 3897 exemplaribus
3093 3817 3468 3891 rationibuS,

1980 3932 2136 3995 quas
2194 3913 2445 3975 vocavit
2513 3914 2824 3975 mundum
2884 3915 3322 3996 archetypum,
3385 3916 3472 3977 ita

1980 4011 2281 4074 constitui
2314 4011 2624 4073 mundum
2658 4012 2847 4073 istum
2881 4011 3274 4087 sensibilem,
3300 4015 3469 4096 quod

1977 4110 2267 4173 omnium
2312 4128 2525 4170 rerum
2568 4117 2917 4172 sementem
2962 4110 3025 4172 in
3069 4110 3224 4191 ipsis
3262 4131 3471 4174 exem-

370 4210 571 4273 versis
602 4208 1027 4271 diversimode
1058 4206 1511 4270 dissolvunt-ur.
1548 4207 1707 4270 Hinc
1736 4209 1870 4271 bre·
1900 4215 1948 4277 D
1977 4208 2264 4291 plaribus
2296 4227 2407 4269 seu
2449 4208 2672 4270 formis
2710 4208 2984 4283 aeterni3‚
3017 4208 3140 4271 diis
3172 4212 3470 4273 secundis

370 4308 549 4370 vitati
596 4308 860 4369 studens
909 4306 1218 4379 transilio,
1267 4306 1617 4387 praesertim
1668 4326 1868 4388 quum

370 4412 433 4467 et
462 4424 633 4467 nunc
662 4403 1032 4486 quaestionis
1074 4403 1266 4485 hujus
1300 4411 1597 4467 tractatus
1639 4405 1703 4466 in
1736 4424 1869 4467 ver-

370 4500 599 4565 borum
644 4500 997 4564 excreverit
1040 4501 1295 4564 molem.

822 4774 1295 4849 QUAESTIO
1352 4774 1413 4837 V

514 4996 701 5059 Uinto
733 4992 1171 5076 principaliter
1200 4995 1521 5075 quaeritur,
1544 4994 1673 5060 An
1702 4994 1866 5061 Pla-

548 5098 633 5161 to
682 5094 1039 5175 posuerit
1092 5094 1251 5159 tria
1305 5094 1703 5174 principia
1755 5094 1865 5158 in-

374 5196 653 5357 (ἑιέἓῗι,
682 5193 767 5259 et
796 5192 884 5257 in
917 5190 1204 5272 quibus
1235 5193 1527 5272 positio
1560 5206 1704 5258 sua
1737 5192 1861 5258 de-

1976 4307 2305 4369 attribuit:
2330 4307 2548 4388 sic-que
2579 4306 2814 4369 formas
2840 4307 3122 4369 universi
3151 4316 3329 4371 extra
3358 4310 3467 4371 Dei

1979 4413 2259 4467 mentem
2302 4404 2560 4487 positas,
2595 4424 2708 4487 per
2745 4407 2894 4468 deos
2937 4406 3246 4482 coelestes,
3281 4408 3345 4469 id
3375 4418 3472 4471 est

1975 4503 2189 4565 stellas
2232 4511 2294 4565 et
2336 4502 2520 4566 orbes
2563 4511 2626 4565 et
2665 4504 2998 4585 qualitates
3035 4504 3466 4582 elementaleS‚

1978 4600 2258 4663 materiae
2306 4601 2540 4663 invehi.
2586 4601 2730 4663 Illas
2780 4620 3032 4683 quoque
3080 4602 3316 4666 formas
3365 4624 3471 4687 ap-

1977 4699 2172 4780 pellat
2203 4718 2416 4761 rerum
2447 4699 2753 4761 essentias
2782 4719 2853 4761 ac
2881 4700 3200 4775 veritateS‚
3225 4720 3302 4763 ex
3331 4704 3469 4783 qui-

1975 4798 2116 4872 bus,
2152 4805 2222 4859 ut
2268 4797 2376 4871 ait,
2412 4798 2820 4860 constituitur
2865 4817 3002 4861 esse
3051 4800 3140 4861 rei
3185 4819 3260 4861 ac
3309 4800 3467 4864 ratio

1975 4897 2417 4977 cognoscendi.
2443 4896 2674 4972 Tertio,
2707 4896 2939 4958 erravit
2967 4897 3224 4976 gemino
3254 4916 3465 4961 errore

1973 4995 2143 5056 circa
2192 4994 2541 5057 materiam.
2576 4995 2750 5057 Hanc
2800 4994 3037 5076 quippe
3084 4995 3245 5058 dixit
3293 5004 3468 5060 mter-

1974 5112 2117 5154 nam
2173 5100 2236 5154 et
2295 5092 2660 5167 increatam,
2714 5092 3270 5175 receptionemque
3325 5095 3465 5176 ejus

1973 5211 2096 5272 qua
2137 5191 2362 5273 recipit
2400 5190 2694 5263 formam,
2728 5210 2866 5252 esse
2905 5192 3334 5273 receptionem
3382 5195 3467 5257 lo—

1970 5290 2050 5364 ci,
2085 5298 2146 5352 et
2197 5290 2363 5352 sicut
2405 5296 2500 5352 est
2545 5296 2753 5351 motus
2802 5290 2880 5351 ad
2930 5289 3163 5363 locum,
3198 5289 3282 5353 ita
3325 5311 3464 5355 esse
