4334 6242
554 486 642 532 AN
680 486 957 534 ANGELUS
996 488 1089 534 sn·
1125 487 1375 534 Dte-Nion
1415 488 1669 545 nonum,
1704 487 1777 533 BT
1816 488 2017 533 Unum
2054 488 2256 534 ANmA
2296 489 2369 533 ΕΤ
2404 488 2681 535 ANGELUS
2718 488 3058 535 olrrERANT
3098 486 3305 535 SPEGOE
3367 467 3482 533 ¹17

368 656 666 732 homine,
699 658 809 733 ait,
842 666 939 721 est
980 659 1359 733 intellectus,
1393 677 1510 720 nec
1544 665 1758 720 tamen
1798 657 1879 720 ob
1909 657 1960 718 A
1990 676 2067 719 ex
2107 678 2221 720 sua
2260 666 2483 721 natura
2523 659 2770 742 corpori
2809 665 3012 721 exstet·
3051 657 3316 721 unibilis
3353 664 3485 721 tan-

368 756 504 819 hoc
534 756 599 818 in
631 758 854 819 ordine
888 757 1416 821 intellectualium
1459 757 1735 838 ponitur.
1769 756 1881 817 Illa

370 874 661 938 namque
705 856 1060 918 substantia
1104 856 1552 917 intellectualis
1595 863 1877 928 vocatur,

372 954 570 1035 eujus
604 962 733 1016 tota
772 954 1051 1035 cognitio
1090 955 1442 1017 secundum
1484 953 1878 1015 intellectum

372 1061 477 1115 est
504 1054 843 1135 :quoniam
875 1054 1090 1116 omnia
1118 1073 1261 1135 quae
1292 1052 1634 1134 cognoscit,
1670 1052 1880 1114 subito

372 1160 439 1215 et
498 1152 634 1213 sine
692 1152 1100 1233 inquisitione
1151 1152 1448 1213 intuetur.
1502 1151 1731 1223 Anima
1781 1169 1881 1211 ve-

373 1269 451 1312 ro
506 1268 619 1331 per
677 1250 1157 1332 inquisitionem
1207 1257 1268 1312 et
1319 1250 1579 1311 rationis
1637 1249 1879 1311 discur-

374 1369 525 1411 sum
559 1350 637 1411 ad
678 1350 970 1411 notitiam
1011 1350 1104 1411 rei
1144 1350 1337 1411 venit.
1372 1349 1517 1411 Ideo
1556 1348 1879 1411 rationalis

376 1448 637 1520 dicitur,
666 1447 818 1528 quia
847 1448 987 1528 ejus
1018 1447 1296 1528 cognitio
1325 1447 1676 1509 secundum
1710 1447 1882 1528 prin-

377 1545 625 1627 cipium
690 1552 936 1607 tantum
992 1554 1054 1607 et
1112 1546 1466 1607 secundum
1530 1546 1879 1607 terminum

378 1644 833 1707 intellectualis
884 1644 1132 1707 exsistit
1178 1664 1191 1707 ε
1244 1644 1596 1705 secundum
1647 1643 1880 1725 princi-

378 1742 585 1823 pium,
620 1742 771 1823 quia
804 1742 1015 1824 prima
1054 1741 1372 1823 principia
1405 1742 1619 1803 statim
1652 1759 1879 1821 cogno-

1990 775 2182 837 quam
2226 776 2371 838 pars
2413 758 2786 821 essentialis,

2070 855 2345 918 Ulterius
2393 856 2565 918 addit
2615 857 2836 919 Scotus
2871 874 2884 917 :
2921 857 3151 918 Dicunt
3197 855 3481 938 quidam,

1990 955 2159 1036 quod
2206 954 2412 1035 prima
2455 955 2614 1017 ratio
2657 955 2850 1036 hujus
2899 954 3218 1037 specificae
3265 954 3486 1017 distin-

1991 1052 2219 1114 ctionis
2259 1060 2355 1114 est
2396 1052 2722 1115 unibilitas
2765 1054 2842 1115 ad
2883 1053 3212 1115 materiam
3251 1061 3316 1115 et
3355 1070 3485 1115 non

1993 1150 2340 1221 unibilitas.
2375 1151 2495 1214 Sed
2536 1159 2774 1225 contra,
2809 1150 3012 1214 forma
3050 1159 3145 1214 est
3175 1150 3328 1213 finis
3359 1170 3487 1213 ma-

1989 1250 2186 1323 teriae,
2228 1268 2305 1310 ex
2354 1252 2634 1313 secundo
2681 1250 3111 1333 Physicorum.
3155 1250 3317 1330 Ergo
3362 1248 3486 1311 dis-

1991 1347 2214 1409 tinctio
2257 1348 2537 1410 materiae
2579 1356 2676 1409 est
2713 1355 2970 1429 propter
3007 1347 3483 1411 distinctionem

1988 1445 2233 1519 formae,
2267 1463 2392 1508 non
2424 1464 2786 1509 econverso.
2809 1482 2889 1491 —
2908 1445 3068 1507 Hinc
3097 1445 3206 1507 alii
3235 1445 3478 1518 dicunt,

1990 1544 2158 1625 quod
2203 1546 2433 1623 gradus
2479 1543 2927 1606 intellectualis
2973 1544 3176 1625 major
3216 1552 3325 1605 aut
3368 1543 3483 1606 mi-

1988 1660 2107 1705 nor
2136 1642 2202 1704 in
2232 1643 2456 1723 angelo
2493 1652 2556 1705 et
2589 1643 2654 1705 in
2688 1644 2920 1718 anima,
2955 1652 3052 1705 est
3089 1642 3481 1726 principium

1991 1741 2430 1803 distinctivum
2473 1742 2661 1803 unius
2691 1742 2771 1804 ab
2810 1742 2972 1822 alio;
3004 1749 3295 1805 asserunt
3331 1760 3484 1823 quo—

378 1842 521 1913 scit,
574 1847 835 1922 propter
882 1841 1051 1921 quod
1108 1840 1366 1902 habitus
1415 1840 1877 1924 principiorum
1915 1841 1963 1902 B
1991 1840 2323 1922 que,quod
2355 1840 2472 1901 iste
2502 1840 2838 1903 distinctus
2871 1841 3096 1903 modus
3128 1840 3482 1920 intelligen-

381 1938 1049 2001 indemonstrabilium
1078 1939 1314 2001 dicitur
1353 1938 1747 2018 intellectus3
1789 1958 1881 2000 se-

381 2037 665 2099 cundum
718 2036 1066 2098 ‘terminum
1116 2054 1392 2119 quoque,
1434 2035 1737 2117 quoniam
1791 2036 1883 2098 in-

380 2134 645 2216 quisitio
686 2134 949 2197 rationis
987 2134 1063 2195 ad
1103 2134 1195 2196 rei
1234 2133 1719 2215 intelligentiam
1758 2142 1880 2197 ter-

382 2233 683 2295 minatur.
735 2233 978 2295 Idcirco
1034 2233 1248 2295 anima
1306 2233 1701 2295 intellectum
1753 2249 1879 2294 non

380 2331 575 2394 habet
604 2339 675 2393 ut
704 2331 1025 2413 propriam
1058 2332 1497 2404 naturam,sed
1529 2350 1643 2413 per
1674 2350 1884 2412 quam-

381 2430 527 2492 dam
576 2430 1255 2511 participationem.—
1290 2430 1356 2492 Si
1401 2438 1612 2493 autem
1658 2430 1881 2510 objici-

380 2535 544 2603 atur,
590 2528 756 2609 quod
808 2528 966 2590 ratio
1003 2528 1195 2590 etiam
1244 2527 1563 2590 interdum
1615 2528 1878 2609 angelis,

382 2626 515 2689 imo
556 2634 623 2689 et
664 2627 791 2689 Deo
837 2625 1223 2689 adscribitur
1259 2627 1435 2706 (nam
1486 2634 1549 2688 et
1590 2626 1883 2706 Magister

382 2722 753 2787 rationalem
788 2730 1144 2785 creaturam
1174 2722 1239 2784 in
1270 2723 1555 2804 angelum
1591 2722 1884 2784 animam-

379 2842 503 2904 que
553 2822 926 2903 distinguit3
969 2821 1307 2901 Gregorius
1355 2839 1609 2904 quoque
1657 2821 1721 2883 in
1773 2821 1880 2883 ho-

379 2920 578 2993 milia,
624 2920 924 3001 AngeluS‚
971 2920 1201 3001 inquit,
1249 2920 1553 2982 rationale
1602 2926 1697 2981 est
1744 2919 1877 2981 ani-

1992 1939 2077 2012 di,
2110 1947 2208 2001 est
2237 1939 2407 2019 quod
2439 1940 2700 2019 angelus
2738 1939 3035 2020 intelligit
3063 1938 3201 2001 sine
3239 1938 3482 2001 discur-

1992 2056 2087 2110 su,
2107 2038 2320 2099 anima
2352 2056 2499 2098 cum
2530 2037 2842 2099 discursu.
2869 2038 2987 2099 Sed
3014 2044 3253 2111 contra,
3272 2038 3485 2100 anima

1992 2152 2119 2197 non
2180 2134 2482 2197 discurrit
2539 2135 2709 2197 circa
2768 2134 3103 2217 principia,
3156 2135 3264 2197 sed
3315 2135 3486 2197 circa

1992 2233 2470 2312 conclusiones;
2510 2252 2626 2295 nec
2666 2233 2834 2295 circa
2873 2232 3198 2313 objectum
3239 2231 3486 2295 beatifi-

1992 2350 2163 2405 cum,
2198 2331 2307 2393 sed
2353 2331 2522 2392 circa
2566 2330 2892 2411 objectum
2939 2332 3265 2411 cognitum
3308 2340 3486 2393 natu-

1992 2430 2226 2491 raliter.
2262 2429 2326 2491 Si
2359 2448 2507 2510 ergo
2543 2430 2649 2491 isti
2682 2430 2807 2491 duo
2851 2429 3020 2492 modi
3061 2430 3482 2510 cognoscendi

1991 2527 2302 2590 differunt
2345 2528 2557 2609 specie
2607 2536 2670 2590 et
2713 2527 3084 2609 specificam
3129 2528 3481 2591 distinctio-

1991 2646 2138 2689 nem
2174 2627 2705 2700 inducunt‚erunt
2735 2625 2800 2688 in
2829 2627 3042 2689 anima
3072 2628 3213 2690 duae
3241 2626 3484 2689 intelle-

1991 2726 2347 2787 ctualitates
2388 2725 2600 2807 specie
2634 2723 3026 2787 differentes.
3060 2726 3203 2789 Haec
3235 2724 3477 2787 Scotus.

2072 2823 2251 2885 Circa
2281 2843 2421 2904 quaa
2451 2823 2615 2897 dico,
2636 2824 2804 2904 quod
2836 2823 3040 2905 prima
3069 2823 3179 2885 illa
3205 2822 3484 2903 objectio

1991 2921 2167 2983 rudis
2221 2930 2336 2995 est,
2383 2929 2446 2983 et
2500 2940 2618 2983 nec
2667 2929 2886 2984 contra
2931 2921 3125 2983 verba
3171 2940 3289 2983 nec
3339 2939 3484 2983 con-

380 3018 543 3098 ma13
592 3018 722 3081 imo
768 3026 834 3079 et
873 3018 1046 3081 Plato
1095 3018 1159 3079 in
1204 3018 1414 3099 primo
1457 3018 1675 3081 Timaei
1722 3018 1877 3080 fate·
1915 3016 1958 3079 C
1992 3027 2085 3080 tra
2116 3027 2398 3082 mentem
2427 3021 2757 3083 doctorum
2790 3019 3020 3081 militat
3051 3019 3477 3101 praefatorum.

379 3125 501 3189 tur,
534 3117 707 3198 quod
739 3117 904 3179 Deus
934 3124 1156 3179 auctor
1182 3123 1280 3178 est
1310 3116 1627 3178 maximus
1665 3116 1877 3197 operis

378 3216 474 3277 sui
506 3215 749 3277 ratione
778 3222 967 3297 atque
999 3214 1457 3296 providentia);
1492 3215 1877 3296 responden-

378 3315 548 3388 dum,
576 3313 745 3397 quod
780 3312 938 3375 ratio
968 3330 1095 3375 uno
1127 3314 1315 3376 modo
1343 3312 1659 3394 accipitur
1689 3321 1878 3394 prout

382 3420 598 3475 contra
656 3430 918 3473 sensum
981 3410 1308 3485 dividitur,
1371 3412 1590 3492 sicque
1654 3429 1879 3473 conve-

382 3511 473 3573 nit
514 3512 642 3573 Deo
685 3517 749 3572 et
790 3508 1052 3589 angelis,
1096 3508 1239 3572 Haec
1282 3509 1552 3572 Thomas
1603 3508 1667 3570 in
1714 3508 1875 3571 Scri—

380 3618 504 3691 pt0.
550 3644 633 3653 -—-
675 3608 849 3671 Idem
894 3607 1219 3670 Udalricus
1271 3606 1334 3668 in
1381 3608 1663 3680 Summa,
1713 3607 1877 3669 libro

382 3714 621 3789 quarto.

482 3806 789 3868 Praeterea
853 3803 1077 3866 Scotus
1135 3802 1386 3865 videtur
1447 3803 1876 3865 contradicere

380 3902 791 3984 praeinductis
827 3902 905 3963 de
942 3901 1247 3982 specifica
1286 3901 1451 3963 inter
1489 3902 1785 3983 angelum
1814 3909 1876 3962 et

378 4000 651 4062 animam
718 3999 1149 4062 distinctione.
1218 4000 1519 4062 Concedit
1575 4000 1873 4081 equidem

382 4100 545 4181 quod
584 4098 889 4181 specifice
929 4097 1259 4171 differunt,
1296 4116 1419 4159 non
1463 4106 1673 4161 tamen
1710 4098 1877 4160 siout

1988 3119 2232 3200 Nempe
2260 3117 2634 3193 Alexander,
2668 3118 2986 3192 AlbertuS,
3019 3119 3480 3193 Bonaventura,

1988 3225 2051 3279 et
2107 3216 2219 3279 alii
2277 3215 2539 3298 quidam
2590 3215 3021 3279 differentiam
3083 3216 3258 3278 illam
3317 3216 3485 3279 inter

1989 3316 2285 3396 angelum
2335 3321 2397 3376 et
2443 3314 2724 3376 animam
2771 3314 3186 3395 assignanteS,
3218 3331 3345 3376 non
3394 3315 3484 3376 di-

1989 3421 2163 3487 cunt,
2198 3414 2366 3494 quod
2396 3413 2610 3476 anima
2640 3420 2702 3474 et
2733 3412 2996 3493 angelus
3036 3412 3346 3474 differunt
3369 3430 3484 3494 per

1991 3511 2321 3573 materiam
2366 3519 2428 3573 et
2471 3528 2597 3573 non
2644 3512 2994 3585 materiam,
3030 3518 3219 3593 prout
3260 3510 3482 3573 Scotus

1988 3629 2093 3673 eos
2125 3610 2336 3672 dicere
2371 3610 2576 3672 innuit
2608 3618 2671 3671 et
2701 3609 3045 3684 concludit,
3067 3610 3177 3672 sed
3208 3628 3322 3691 per
3352 3609 3485 3671 uni-

1988 3708 2300 3771 bilitatem
2351 3715 2414 3770 et
2465 3726 2590 3770 non
2645 3707 3072 3770 unibilitatem
3123 3708 3200 3770 ad
3251 3726 3480 3790 corpus

1986 3808 2121 3870 sive
2164 3808 2493 3869 materiam
2530 3824 2543 3869 z
2579 3826 2720 3888 quae
2761 3806 3089 3868 unibilitas
3127 3814 3222 3869 est
3261 3826 3338 3871 ex
3378 3825 3482 3869 na-

1988 3914 2128 3968 tura
2182 3905 2433 3977 animae,
2485 3924 2597 3967 seu
2655 3926 2732 3967 ex
2790 3905 2988 3986 gradu
3049 3924 3178 3968 suae
3236 3905 3480 3967 intelle-

1988 4004 2330 4066 ctualitatis
2370 4010 2668 4065 extremae
2707 4022 2818 4065 seu
2851 4002 3091 4065 ultimae
3123 4010 3187 4064 et
3225 4003 3479 4084 penitus

1989 4100 2398 4183 imperfectae,
2431 4119 2509 4161 ex
2540 4120 2665 4182 qua
2697 4100 2936 4180 indiget
2965 4099 3318 4162 ministerio
3349 4119 3482 4163 cor-

384 4198 515 4260 duae
546 4197 793 4279 species
825 4198 1055 4278 (quum
1094 4196 1309 4258 anima
1337 4215 1462 4258 non
1493 4196 1577 4258 sit
1606 4196 1872 4278 species,
1908 4201 1955 4262 D
1987 4200 2159 4283 poris
2190 4218 2264 4261 ac
2295 4217 2597 4261 sensuum
2629 4198 2768 4279 ejus
2799 4198 3130 4260 scientiam
3169 4197 3478 4272 obtinere,

385 4299 488 4360 sed
545 4316 693 4380 pars
751 4296 1011 4379 speciei,
1048 4296 1344 4359 videlicet
1396 4296 1723 4375 hominis),
1766 4296 1874 4358 sed

385 4396 545 4458 sicut
572 4395 820 4478 species
850 4401 916 4456 et
946 4413 1090 4476 pars
1130 4393 1387 4475 speciei.
1423 4395 1599 4468 Quod
1631 4394 1875 4455 dietum

384 4514 419 4555 a
444 4494 683 4557 Thoma
723 4500 786 4555 et
824 4492 1267 4555 Bonaventura
1307 4492 1459 4553 satis
1505 4499 1600 4553 est
1643 4492 1877 4572 impro-

384 4592 635 4671 batum3
678 4610 795 4654 nec
832 4592 1043 4654 locum
1084 4590 1275 4654 habet
1304 4590 1622 4653 cavillatio
1662 4590 1771 4652 illa
1810 4589 1875 4652 in

384 4691 590 4753 anima
648 4696 957 4771 separata,
1010 4708 1151 4769 quae
1210 4706 1339 4751 non
1395 4697 1491 4751 est
1546 4688 1878 4751 actualiter

388 4808 523 4870 pars
580 4787 841 4869 speciei.
894 4787 1185 4849 Attamen
1243 4806 1467 4849 verum
1528 4794 1645 4861 est,
1708 4787 1878 4869 quod

386 4886 591 4949 anima
657 4884 1003 4957 rationaliS,
1065 4886 1417 4966 praesertim
1476 4886 1723 4967 corpori
1782 4903 1879 4947 so—

388 4986 563 5059 ciata,
616 5002 744 5047 non
803 4992 899 5047 est
955 4984 1040 5047 ita
1096 4984 1353 5066 proprie
1410 4984 1654 5067 species
1714 4984 1880 5046 sicut

391 5083 572 5145 homo
616 5090 682 5145 et
717 5082 1017 5163 angelus;
1060 5102 1177 5145 nec
1220 5083 1410 5145 etiam
1452 5082 1665 5145 anima
1708 5101 1882 5164 sepa-

394 5188 519 5242 rata
565 5190 663 5243 est
713 5188 842 5242 tam
897 5181 1150 5262 proprie
1194 5189 1480 5262 separata
1528 5180 1882 5243 substantia

397 5297 465 5341 ac
494 5296 763 5360 persona
794 5279 1333 5361 quemadmodum
1364 5279 1648 5360 angeluS,
1683 5297 1881 5359 quum

1988 4300 2153 4361 sicut
2195 4297 2554 4379 expositum
2601 4304 2727 4373 est3
2758 4304 2822 4358 et
2865 4314 3007 4377 quae
3052 4313 3178 4358 non
3226 4294 3483 4358 unibili-

1986 4405 2081 4459 tas
2121 4395 2330 4476 angeli
2369 4402 2465 4457 est
2501 4413 2579 4456 ex
2619 4401 2844 4455 natura
2882 4393 3106 4475 ipsiuS,
3138 4413 3250 4456 seu
3284 4394 3482 4475 gradu

1988 4514 2118 4557 suae
2151 4492 2713 4555 intellectualitatis
2744 4490 3132 4573 perfectiori,
3151 4511 3278 4573 qua
3308 4499 3485 4553 natu-

1988 4592 2119 4654 rale
2148 4598 2245 4653 est
2273 4590 2396 4653 sibi
2429 4598 2824 4652 concreatam
2857 4589 3090 4652 habere
3124 4590 3476 4653 scientiam.

1988 4689 2286 4764 Quamvis
2317 4689 2508 4751 etiam
2539 4688 2744 4751 forma
2773 4689 2856 4750 sit
2888 4688 3038 4750 finis
3072 4689 3369 4762 materiae,
3402 4709 3480 4751 ex

1989 4789 2108 4852 hoc
2156 4796 2370 4849 tamen
2421 4805 2548 4850 non
2597 4785 2906 4867 sequitur,
2941 4787 3108 4867 quod
3156 4786 3481 4850 distinctio

1990 4887 2212 4950 formae
2254 4886 2618 4948 nullatenus
2661 4884 2744 4947 sit
2784 4904 2821 4946 a
2863 4884 3174 4947 materia:
3219 4884 3347 4947 imo
3389 4905 3482 4949 se-

1991 4985 2272 5047 cundum
2293 4982 2764 5064 Philosophum,
2781 4981 3039 5043 materia
3069 4988 3163 5044 est
3193 5000 3334 5063 quae
3363 4982 3483 5045 dis·

1992 5081 2226 5163 tinguit
2270 5088 2332 5143 et
2373 5087 2639 5161 separat.
2676 5078 2778 5141 Sic
2817 5086 2881 5139 et
2921 5077 3155 5140 sanitas
3192 5086 3287 5140 est
3326 5077 3480 5140 finis

1994 5179 2348 5251 medicinae,
2385 5176 2584 5238 nihilo
2625 5175 2837 5237 minus
2878 5175 3218 5237 sanitatum
3258 5174 3482 5237 distin-

1996 5278 2122 5340 ctio
2165 5296 2202 5338 a
2253 5274 2586 5339 medicinis
2629 5281 2942 5335 causatur.
2977 5308 3056 5318 —
3085 5274 3350 5354 Insuper
3393 5273 3484 5336 in—
