4334 6242
1054 507 1277 566 QUAEST.
1322 511 1390 556 111
1432 511 1446 555 :
1492 509 1577 555 AN
1620 509 1819 556 OMNES
1860 509 2082 557 ANGELI
2128 511 2264 557 s1NT
2304 510 2572 560 mosomi
2615 513 2844 560 srssctm

3377 491 3498 557 217

460 677 730 740 Videtur
753 696 905 760 ergo
936 679 1093 742 mihi
1127 679 1326 762 magis
1353 679 1893 762 dicendum,quod
1926 678 1977 741 A
2008 687 2261 756 uantur,
2297 681 2539 766 aliquid
2583 702 2731 745 cum
2773 682 3108 746 temeraria
3151 683 3498 747 assertione

386 795 601 858 quum
652 797 753 839 res
801 777 883 840 ab
930 779 1153 841 eodem
1202 778 1429 841 habeat
1476 798 1615 842 esse
1664 788 1728 841 et
1774 779 1893 842 hoc

382 893 537 938 esse
567 875 675 956 (ab
716 876 965 950 eodem,
998 876 1281 958 inquam,
1314 878 1674 940 efficienter
1706 885 1894 959 atque

386 975 753 1036 secundum
801 974 1033 1037 realem
1078 975 1448 1055 influxum),
1490 975 1895 1057 quemadmo-

382 1073 554 1134 dum
598 1073 793 1135 etiam
834 1073 900 1136 in
944 1074 1167 1137 eodem
1213 1075 1465 1136 realiter
1509 1074 1679 1137 idem
1722 1083 1890 1148 sunt,

381 1189 535 1233 esse
566 1179 631 1234 et
660 1172 781 1235 hoc
818 1192 989 1258 esse,
1015 1173 1330 1254 loquendo
1364 1174 1441 1235 de
1474 1193 1613 1235 esse
1652 1173 1895 1255 simpli-

381 1270 576 1345 citer,
609 1289 813 1352 quum
851 1271 1042 1333 unius
1070 1279 1133 1333 et
1163 1271 1449 1352 ejusdem
1491 1290 1616 1334 non
1658 1271 1740 1333 sit
1769 1271 1892 1334 nisi

382 1387 599 1430 unum
649 1374 711 1431 et
761 1369 929 1431 idem
978 1389 1116 1432 esse
1164 1370 1544 1452 simpliciter
1590 1370 1830 1432 dictum
1874 1389 1889 1432 t

382 1466 556 1528 illud
586 1476 683 1529 est
715 1467 1015 1530 effectiva
1044 1487 1233 1530 causa
1272 1468 1795 1531 individuationis
1825 1469 1892 1530 in

382 1565 571 1627 omni
603 1565 955 1640 individuo,
972 1567 1305 1649 supposito
1334 1575 1397 1629 et
1420 1586 1707 1649 persona,
1723 1569 1893 1649 quod

380 1671 485 1725 est
516 1663 818 1727 effectiva
848 1685 1037 1728 causa
1066 1665 1354 1745 illorum3
1384 1666 1723 1748 ipsumque
1753 1685 1891 1728 esse

380 1763 658 1826 actualis
707 1763 1113 1838 exsistentiae,
1157 1765 1222 1825 in
1266 1771 1576 1846 quantum
1626 1772 1719 1826 est
1768 1772 1888 1826 ter-

2005 787 2099 841 est
2131 780 2584 861 proferendum
2621 789 2730 843 aut
2758 781 2940 863 quasi
2972 781 3501 844 certitudinaliter

2002 878 2553 941 determinandum
2610 897 2625 941 ε
2678 899 3041 963 quanquam
3090 880 3382 944 nonnulli
3432 880 3496 941 in

2004 976 2239 1040 talibus
2297 977 2492 1040 nimis
2549 979 2852 1041 assertive
2902 981 3265 1061 loquantur,
3315 980 3495 1061 quasi

2002 1074 2128 1156 ipsi
2168 1074 2284 1138 soli
2327 1094 2481 1138 sano
2517 1095 2590 1138 ac
2633 1077 3016 1158 praecellenti
3061 1078 3371 1160 pollerent
3401 1078 3496 1140 in-

2001 1191 2208 1253 genio.

2082 1371 2176 1432 Ad
2216 1370 2497 1451 primum
2541 1371 2606 1433 in
2641 1371 2959 1455 principio
2988 1374 3357 1455 quaestionis
3385 1375 3494 1438 ob-

1998 1469 2263 1549 jectum,
2325 1468 2668 1532 dicendum
2730 1472 2898 1552 quod
2958 1473 3024 1533 in
3083 1472 3496 1536 universitate

2003 1567 2428 1648 corporalium
2470 1586 2704 1641 rerum,
2747 1587 2936 1631 causa
2977 1569 3496 1634 individua'tionis

2000 1663 2204 1726 fertur
2233 1665 2516 1738 materia,
2551 1674 2660 1727 aut
2688 1667 2951 1728 materia
2980 1668 3136 1742 haec,
3169 1668 3270 1730 vel
3303 1688 3497 1750 quan-

1999 1763 2184 1842 titas3
2227 1763 2432 1843 angeli
2481 1772 2692 1826 autem
2742 1765 3088 1846 superioris
3135 1775 3284 1829 sunt
3330 1767 3495 1830 ordi-

372 1861 607 1923 minus
638 1861 1074 1942 productionis
1106 1862 1292 1923 realis
1321 1881 1396 1924 ac
1424 1862 1758 1936 effectivae,
1792 1872 1888 1926 est
1924 1860 1971 1922 B
2001 1863 2122 1936 niS,
2157 1870 2220 1924 et
2260 1863 2423 1925 alius
2475 1863 2700 1926 modus
2751 1863 3272 1927 individuationis
3316 1865 3496 1945 juxta

382 1960 682 2040 proxima
730 1959 1016 2022 formalis
1072 1968 1261 2041 atque
1310 1960 1653 2022 intrinseca
1699 1980 1889 2024 causa

380 2056 937 2120 individuationis.
966 2058 1095 2120 Hoc
1126 2058 1363 2120 etenim
1393 2077 1554 2134 esse,
1588 2060 1667 2121 de
1696 2079 1763 2122 se
1793 2069 1889 2122 est

380 2155 543 2238 quid
584 2155 997 2230 individuale,
1029 2173 1106 2218 eo
1146 2157 1284 2238 ipso
1327 2157 1497 2238 quod
1538 2164 1635 2218 est
1675 2157 1887 2220 termi-

380 2273 509 2316 nus
554 2254 743 2316 realis
786 2255 1245 2336 productioniS‚
1287 2274 1487 2337 quum
1538 2257 1887 2337 producere

379 2361 445 2414 et
488 2353 757 2434 produci
800 2353 927 2414 sint
970 2354 1469 2435 suppositorum,
1504 2373 1614 2416 seu
1660 2355 1886 2418 indivi-

379 2449 673 2512 dualium
708 2457 815 2513 aut
840 2451 1323 2532 particularium
1354 2470 1585 2514 rerum.
1602 2451 1889 2514 Essentia

378 2566 645 2630 quoque
692 2568 805 2610 seu
862 2549 1067 2611 forma
1125 2557 1195 2611 ut
1242 2551 1363 2612 hoc
1416 2569 1556 2613 esse
1613 2558 1882 2624 actuata,

374 2645 741 2709 subsistens
796 2655 893 2708 est
950 2667 1061 2708 seu
1111 2648 1485 2721 consistenS‚
1536 2656 1601 2710 et
1652 2649 1888 2712 incom-

380 2744 799 2806 municabilis
858 2745 1170 2827 pluribuS‚
1216 2748 1347 2809 imo
1393 2755 1456 2809 et
1513 2748 1694 2809 alteri
1753 2749 1885 2809 cui-

379 2861 683 2924 cumque.
719 2844 908 2907 Porro
951 2844 1103 2926 quid
1148 2845 1299 2906 huic
1342 2845 1640 2926 positioni
1687 2845 1881 2927 objici

376 2941 609 3024 possit,
642 2960 790 3004 cum
836 2961 951 3004 sua
997 2943 1309 3006 solutione
1354 2951 1724 3025 praetactum
1764 2952 1879 3006 est.

1998 1960 2347 2042 praehabita
2386 1961 2692 2042 competit
2729 1962 2841 2023 eis.
2875 1997 2958 2007 —
2982 1963 3074 2024 Ad
3116 1963 3491 2037 secundum,

1999 2058 2166 2140 quod
2221 2058 2444 2140 angelo
2497 2060 2848 2121 secundum
2910 2079 3048 2123 esse
3103 2060 3491 2123 abstractum

1998 2164 2276 2239 sumpt0,
2308 2164 2370 2219 et
2417 2158 2480 2218 in
2525 2165 2836 2238 quantum
2885 2164 2980 2221 est
3023 2159 3229 2222 forma
3275 2178 3496 2222 secun-

1997 2256 2149 2318 dum
2212 2273 2620 2318 communem
2681 2257 2988 2320 rationem
3045 2257 3288 2333 formae,
3351 2277 3494 2321 con·

1997 2354 2216 2416 venire
2280 2362 2486 2436 potest
2543 2355 3161 2418 communicabilitas
3216 2365 3280 2418 et
3334 2357 3492 2420 ratio

1997 2452 2413 2532 universalis3
2465 2461 2675 2517 tamen
2730 2454 2793 2516 in
2846 2463 3154 2536 quantum
3207 2462 3301 2517 est
3350 2455 3491 2518 talis

1996 2550 2223 2624 forma,
2277 2551 2574 2613 convenit
2620 2551 2677 2614 ei
2738 2571 2853 2633 per
2901 2571 2968 2614 36
3017 2552 3494 2616 individualiter

1997 2648 2622 2731 substantialiterque
2653 2650 2975 2713 exsistere.
2999 2652 3234 2714 Verum
3263 2654 3342 2714 de
3371 2652 3491 2715 hoc

1998 2746 2187 2828 paulo
2235 2753 2378 2828 post
2426 2748 2678 2829 plenius
2727 2748 3054 2811 reseretur.
3108 2786 3188 2795 —
3233 2752 3326 2813 Ad
3376 2758 3494 2812 ter-

1996 2845 2180 2918 tium,
2241 2845 2411 2926 quod
2473 2845 2538 2906 in
2601 2846 2791 2908 rebus
2857 2848 3290 2910 materialibus
3351 2849 3493 2912 abs-

1994 2943 2220 3005 tractio
2271 2963 2307 3004 a
2361 2943 2624 3006 materia
2683 2945 2942 3026 ponitur
3000 2947 3491 3010 universalitatis

374 3040 683 3112 Quamvis
718 3040 912 3102 etiam
944 3059 1103 3115 esse,
1125 3042 1649 3104 communissime
1679 3044 1883 3124 accipi
1918 3039 1961 3103 C
1996 3040 2796 3124 communicabilitatisque
2840 3062 3046 3106 causa.
3083 3045 3170 3107 De
3211 3045 3493 3109 immate-

375 3145 575 3220 queat
618 3139 785 3200 sicut
827 3140 1121 3214 essentia,
1155 3148 1369 3202 tamen
1415 3147 1484 3201 ut
1527 3148 1624 3203 est
1670 3143 1883 3203 termi-

374 3256 507 3298 nus
536 3237 721 3298 realis
752 3238 1201 3319 productioniS‚
1216 3239 1574 3301 necessario
1598 3247 1699 3304 est
1728 3241 1883 3321 quid

354 3335 777 3398 individuale
818 3344 879 3398 et
921 3336 1285 3398 limitatum.
1320 3337 1443 3399 Ista
1481 3356 1736 3420 quoque
1779 3357 1883 3420 po-

376 3434 534 3496 sitio
575 3441 783 3516 potest
821 3434 1022 3496 teneri
1064 3442 1189 3496 tam
1229 3436 1581 3497 secundum
1623 3454 1729 3499 eos
1770 3436 1879 3518 qui

376 3533 551 3594 inter
579 3550 717 3594 esse
746 3541 811 3594 et
840 3533 1179 3594 essentiam
1212 3541 1499 3595 statuunt
1528 3533 1881 3597 distinctio-

377 3649 532 3693 nem
564 3632 821 3704 realem,
856 3650 1047 3712 quam
1088 3632 1441 3694 secundum
1471 3633 1660 3694 aliam
1692 3633 1880 3694 tradi-

376 3729 643 3791 tionem.
676 3730 804 3792 Nec
844 3736 1093 3811 oportet
1122 3729 1693 3793 individuationem
1735 3731 1879 3793 fieri

376 3847 497 3909 per
543 3827 697 3909 quid
757 3827 1013 3890 realiter
1068 3827 1147 3889 ab
1210 3827 1602 3890 individuato
1658 3831 1879 3892 distin-

376 3933 579 3998 ctum,
617 3933 685 3987 ut
714 3925 907 3987 etiam
939 3926 1209 3989 Thomas
1250 3926 1483 3989 fatetur
1515 3928 1579 3990 in
1614 3929 1874 4010 angelis.

372 4059 457 4068 —
487 4023 814 4098 Praeterea,
848 4024 903 4086 si
933 4024 1275 4105 objiciatur
1303 4027 1472 4108 quod
1508 4027 1691 4106 juxta
1720 4028 1877 4104 haec,

376 4142 516 4186 esse
560 4122 947 4186 exsistentiae
990 4131 1157 4184 esset
1194 4124 1273 4186 de
1318 4123 1644 4187 intellectu
1690 4133 1752 4188 et..
1790 4145 1883 4188 ra-

378 4223 551 4285 tione
596 4221 934 4296 individui,
968 4229 1034 4283 et
1076 4221 1453 4284 mentiretur
1495 4224 1879 4308 Porphyrius
1912 4231 1959 4293 D

377 4321 669 4404 loquenS,
723 4320 869 4383 Sive
919 4320 1204 4382 Socrates
1256 4321 1360 4394 sit,
1414 4322 1547 4384 sive
1597 4341 1721 4385 non
1752 4326 1874 4398 sit,

376 4420 665 4482 Socrates
698 4426 908 4481 tamen
938 4427 1035 4480 est
1064 4419 1292 4498 homo;
1335 4419 1675 4484 dicendum
1708 4426 1876 4504 quod

378 4517 579 4580 multa
640 4525 1051 4590 concurrunt,
1106 4517 1522 4599 requiruntur
1567 4539 1641 4581 ac
1690 4523 1879 4602 perti-

376 4624 530 4680 nent
558 4616 638 4677 ad
670 4633 807 4676 esse
847 4615 1093 4677 actuale
1134 4634 1246 4677 seu
1287 4615 1746 4680 individualem
1776 4638 1878 4682 ex-

374 4714 730 4779 sistentiam
776 4713 1077 4788 hominis,
1120 4733 1261 4795 quae
1304 4732 1431 4776 non
1474 4723 1623 4777 sunt
1664 4717 1742 4779 de
1787 4718 1877 4779 in-

372 4813 633 4876 tellectu
679 4819 743 4872 et
786 4810 1027 4872 ratione
1075 4811 1297 4892 ipsius,
1342 4818 1411 4872 ut
1454 4812 1875 4878 accidentales

370 4909 823 4992 dispositiones
866 4909 1149 4972 diversae.

450 5010 624 5072 Istud
656 5009 1032 5071 scholastice
1061 5009 1304 5070 dictum
1336 5008 1439 5082 sit,
1474 5015 1544 5069 ut
1572 5011 1873 5076 studiosis

372 5107 730 5190 praebeatur
772 5106 1205 5188 inquisitionis
1253 5105 1556 5168 acutioris
1598 5110 1867 5174 occasio.

366 5206 497 5269 Nec
526 5205 701 5268 enim
736 5203 801 5264 in
832 5203 1266 5285 opinabilibus
1298 5204 1437 5268 istis
1470 5205 1775 5280 materiiS,
1806 5207 1870 5269 in

368 5302 603 5386 quibus
632 5301 826 5365 etiam
870 5302 1082 5383 magni
1114 5310 1245 5364 tam
1275 5303 1700 5367 diversimode
1736 5305 1869 5387 opi-

1997 3139 2263 3202 rialibus
2305 3159 2457 3202 vero
2499 3149 2594 3202 est
2637 3141 2822 3202 aliter
2859 3141 3278 3223 judicandum
3313 3166 3326 3209 :
3362 3145 3491 3208 imo

1995 3258 2121 3323 quo
2169 3241 2432 3321 angelus
2483 3241 2695 3304 minus
2745 3241 2934 3304 habet
2981 3244 3057 3305 de
3106 3245 3490 3326 proprietate

1994 3345 2055 3399 et
2088 3345 2312 3400 natura
2352 3339 2630 3402 materiae
2667 3348 2857 3421 atque
2890 3342 3206 3422 potentiae,
3240 3361 3316 3406 eo
3346 3343 3491 3426 plus

1994 3437 2299 3518 competit
2347 3436 2469 3499 sibi
2532 3456 2645 3520 per
2690 3457 2756 3500 se
2805 3439 3280 3521 suppositaliter
3327 3461 3488 3518 esse,

1995 3542 2215 3616 utpote
2268 3535 2413 3616 plus
2462 3535 2539 3597 de
2587 3535 2970 3599 formalitate
3021 3546 3084 3600 et
3129 3540 3492 3604 actualitate

1992 3633 2273 3695 habenti.
2307 3669 2388 3678 —
2414 3634 2508 3696 Ad
2550 3642 2871 3716 quartum,
2906 3638 3073 3717 quod
3118 3640 3361 3719 species
3403 3640 3492 3702 in-

1991 3731 2347 3812 telligibilis
2391 3739 2485 3793 est
2530 3732 2682 3814 quid
2729 3751 3068 3797 commune
3111 3757 3225 3819 per
3269 3757 3491 3820 reprae-

1991 3829 2432 3902 sentationem,
2468 3848 2591 3892 non
2638 3847 2752 3911 per
2793 3832 3248 3908 exsistentiam,
3283 3855 3490 3918 neque

1993 3945 2106 4008 per
2149 3927 2588 3990 inhaerentiam
2638 3928 2701 3989 in
2747 3929 3054 4010 subjecto.

2413 4255 2886 4329 QUAESTIO
2954 4258 3078 4322 III

2116 4521 2289 4583 Ertio
2338 4519 2779 4602 principaliter
2827 4522 3134 4604 quaeritur
3180 4524 3258 4586 de
3307 4525 3490 4588 disse-

2131 4619 2336 4680 rentia
2384 4619 2706 4682 essentiali
2763 4620 3131 4701 angelorum
3181 4622 3347 4685 inter
3394 4644 3482 4698 se,

1987 4717 2306 4792 videlicet,
2327 4719 2455 4783 An
2485 4732 2757 4784 omnes
2786 4718 3053 4797 angeli
3084 4719 3252 4786 sint
3283 4721 3485 4802 ejus-

1987 4816 2167 4882 dem
2211 4816 2530 4896 spee1ei.

2054 4915 2130 4976 Et.
2160 4914 2280 4976 ista
2311 4915 2577 4995 quaest-io
2609 4915 3057 4996 complectitur
3084 4917 3484 5002 multaS,quae

1986 5013 2179 5075 simul
2225 5019 2373 5074 sunt
2411 5012 2842 5094 expediendae,
2878 5021 2948 5075 ut
2987 5015 3222 5076 vitetur
3264 5016 3487 5080 immo-

1984 5113 2199 5173 derata
2241 5110 2590 5192 prolixitas.
2627 5111 2832 5173 Potest
2870 5112 3106 5173 etenim
3148 5114 3369 5194 quaeri,
3403 5135 3482 5177 an

1983 5209 2103 5270 sub
2137 5227 2264 5269 una
2294 5207 2506 5290 specie
2536 5208 2743 5289 angeli
2777 5208 2902 5270 sint
2932 5217 3037 5270 aut
3065 5230 3204 5273 esse
3232 5212 3483 5275 valeant

1983 5306 2168 5387 plura
2217 5305 2546 5368 individua
2601 5324 2714 5367 seu
2764 5322 3072 5387 personae,
3128 5310 3480 5390 praesertim
