4334 6242
787 477 910 545 376

1476 496 1542 544 m
1581 497 1803 545 mamm
1845 498 1890 544 11
1931 496 2415 545 SENTBNUARUR.
2460 516 2542 526 —
2580 496 2733 543 msr.
2770 497 2897 560 vu;
2940 498 3165 553 Qum.
3206 497 3228 543 1

793 687 920 751 que
972 668 1051 730 ad
1108 669 1563 751 inquirendum
1616 689 1871 733 causam
1925 669 2301 732 obstinatio-
2326 669 2378 732 A
2407 669 2529 732 Sed
2558 670 2777 732 Petrus
2806 670 2883 732 ad
2917 669 3160 731 nullam
3189 669 3567 751 opinionum
3598 676 3913 731 tactuum

796 767 896 829 nis
937 766 1144 842 istiuS,
1179 769 1574 850 pensandum
1616 770 1785 852 quod
1815 768 1912 831 vis
1950 768 2300 851 appetitiva

796 866 862 927 in
894 864 1185 928 omnibus
1216 867 1731 949 proportionatur
1757 867 2234 950 apprehensivae
2261 885 2300 928 a

796 983 925 1046 qua
956 972 1267 1040 movetur,
1292 964 1456 1027 sicut
1489 966 1726 1028 mobile
1761 966 2006 1029 motori.
2041 965 2300 1048 Appeti-

795 1070 893 1125 tus
922 1063 1163 1146 quippe
1194 1064 1553 1138 sensitivuS,
1568 1073 1661 1127 est
1693 1064 1833 1128 boni
1869 1065 2296 1147 particularis3

752 1209 761 1219 .
796 1162 1089 1226 voluntas
1120 1181 1291 1238 vern,
1316 1164 1694 1226 universalis
1720 1164 2294 1246 :quemadmodum

508 3631 574 3688 Cf.
585 3635 710 3688 p.³28
721 3630 768 3677 B.

798 1279 1023 1323 sensus
1052 1262 1558 1344 apprehensivus
1588 1270 1684 1326 est
1726 1263 2170 1344 singularium,
2207 1262 2300 1325 in-

796 1359 1088 1422 tellectus
1134 1360 1614 1423 universalium.
1663 1360 1892 1423 Differt
1930 1368 2145 1423 autem
2188 1380 2297 1443 ap-

799 1458 1140 1539 prehensio
1181 1459 1389 1540 angeli
1433 1457 1514 1520 ab
1553 1459 2057 1541 apprehensione
2098 1459 2298 1521 homi-

796 1555 898 1617 nis
968 1555 1032 1617 in
1103 1557 1244 1630 hoc,
1310 1557 1480 1639 quod
1548 1557 1810 1637 angelus
1876 1557 2297 1639 apprehendit

798 1652 1215 1716 immobiliter
1266 1672 1380 1737 per
1424 1655 1842 1728 intellectum,
1886 1656 2298 1737 quemadmo-

795 1753 947 1814 dum
981 1770 1096 1815 nos
1138 1752 1345 1834 prima
1385 1752 1737 1835 principia3
1770 1753 1962 1816 homo
1993 1773 2143 1816 vero
2183 1773 2298 1835 per

2404 767 2702 830 declinat.

2493 868 2684 930 Porro
2740 867 2979 949 scripta
3032 866 3326 929 Richardi
3386 867 3454 927 in
3513 866 3918 949 praeinducta

2409 966 2723 1048 positione
2770 966 3227 1028 Bonaventurae
3274 973 3573 1027 contenta
3615 973 3782 1026 sunt.
3833 964 3920 1026 Et

2409 1065 2544 1147 ipse
2585 1064 2935 1127 Richardus
2977 1082 3233 1125 causam
3273 1061 3920 1145 irrecuperabilitatis

2406 1172 2595 1246 atque
2659 1163 3144 1245 impoenitentiae
3205 1162 3566 1224 daemonum
3628 1162 3915 1234 tradens,

2407 1263 2621 1345 plures
2651 1262 2922 1324 rationes
2951 1262 3029 1324 de
3061 1260 3182 1323 hoc
3210 1260 3589 1344 praehabitas
3621 1261 3683 1322 in
3711 1280 3917 1322 unum

2406 1368 2807 1435 commassat,
2849 1360 3031 1442 quasi
3080 1377 3477 1441 unaquaeque
3521 1377 3739 1420 earum
3791 1377 3919 1440 per

2406 1478 2474 1521 se
2507 1477 2629 1521 non
2663 1458 2745 1521 sit
2775 1456 3132 1531 sufficienS,
3151 1457 3260 1519 sed
3291 1474 3514 1519 omnes
3543 1475 3655 1518 seu
3687 1456 3918 1538 plum

2407 1556 2598 1619 simul
2628 1564 2926 1637 acceptae,
2962 1574 3088 1616 una
3127 1572 3274 1616 cum
3314 1554 3730 1635 dispositione
3759 1571 3918 1636 pro—

2405 1655 2705 1718 videntiae
2745 1654 2879 1727 Dei,
2911 1653 3381 1735 sapientissime
3420 1652 3918 1714 rationabiliter-

2407 1772 2533 1836 que
2577 1752 2969 1816 instituentis
3016 1759 3087 1813 ut
3128 1751 3233 1814 via
3273 1750 3641 1832 angelorum
3692 1750 3921 1813 termi-

796 1850 1106 1913 rationem
1165 1851 1588 1933 apprehendit
1643 1850 1987 1927 mobiliter,
2045 1852 2294 1915 discur·
2332 1857 2668 1918 Bnaretur
2725 1851 2789 1913 in
2851 1851 3058 1933 prima
3114 1868 3336 1912 eorum
3393 1850 3724 1922 electione,
3785 1868 3917 1912 nec

796 1949 993 2011 rendo
1031 1949 1109 2011 de
1150 1966 1276 2011 uno
1313 1950 1390 2011 ad
1436 1949 1631 2023 aliud,
1666 1949 1906 2013 habens
1945 1951 2114 2013 viam
2158 1969 2301 2033 pro-

795 2046 1061 2109 cedendi
1107 2048 1184 2109 ad
1236 2043 1578 2129 utrumque
1624 2048 2084 2130 oppositorum.
2122 2049 2297 2112 Unde

796 2153 858 2208 et
898 2145 1190 2207 voluntas
1231 2145 1511 2207 hominis
1553 2145 1830 2208 adhaeret
1868 2146 2060 2209 alicui
2099 2146 2300 2210 mobi-

797 2244 961 2318 liter,
1007 2251 1308 2326 tanquam
1349 2252 1574 2325 potens
1612 2243 1692 2306 ab
1734 2245 1843 2307 illo
1881 2247 2198 2319 recedere,
2236 2255 2300 2308 et

797 2343 1115 2406 contrario
1162 2342 1529 2420 adhaerere3
1580 2344 1690 2405 sed
1741 2344 2034 2407 voluntas
2087 2345 2293 2426 angeli

795 2441 926 2505 fixe
969 2441 1512 2523 immobiliterque
1549 2441 1844 2504 adhaeret.
1880 2441 2027 2505 Ideo
2063 2442 2115 2505 si
2153 2461 2299 2506 con-

795 2539 1110 2603 sideretur
1157 2546 1301 2601 ante
1349 2539 1800 2614 adhaesionem,
1839 2549 2048 2622 potest
2095 2540 2297 2603 libere

795 2637 1114 2700 adhaerere
1155 2636 1305 2699 huic
1335 2644 1398 2699 et
1427 2636 1568 2718 ejus
1598 2638 1914 2720 opposito,
1948 2639 2013 2700 in
2049 2639 2149 2700 his
2180 2640 2298 2700 sci-

798 2735 948 2797 licet
989 2755 1132 2817 quae
1174 2753 1299 2797 non
1343 2735 1714 2799 naturaliter
1760 2736 1929 2815 vult3
1969 2737 2079 2799 sed
2131 2744 2297 2818 post-

796 2852 991 2915 quam
1041 2834 1325 2908 adhaesit,
1364 2833 1780 2897 immobiliter
1821 2836 2116 2898 adhaeret.
2151 2836 2298 2898 Ideo

795 2932 1005 3013 angeli
1057 2930 1206 2994 boni
1263 2951 1516 3014 semper
1561 2932 1953 2997 adhaerentes
2005 2934 2294 3014 justitiae,

2407 1958 2627 2033 postea
2656 1950 2749 2013 eis
2778 1950 3034 2012 daretur
3062 1949 3369 2010 auxilium
3403 1949 3729 2011 redeundi.
3754 1949 3922 2011 Prae-

2408 2050 2596 2132 cipue
2634 2056 2845 2111 autem
2886 2047 3289 2110 commendat
3329 2046 3677 2109 Richardus
3720 2047 3919 2109 ratio-

2407 2166 2554 2210 nem
2588 2148 2763 2209 illam
2802 2165 3164 2229 expressam
3206 2164 3283 2208 ex
3315 2153 3492 2227 parte
3530 2145 3918 2228 simplicita-

2406 2247 2487 2309 tis
2529 2255 2769 2309 naturae
2810 2244 3134 2326 angelicae,
3170 2245 3257 2306 ita
3292 2244 3461 2326 quod
3505 2243 3797 2308 diabolus
3838 2264 3917 2307 se

2406 2354 2538 2408 toto
2591 2344 2905 2407 convertit
2962 2351 3189 2405 conatu
3246 2342 3324 2405 ad
3376 2361 3557 2404 suam
3612 2342 3919 2406 ambitio-

2407 2463 2579 2517 nem,
2613 2442 2779 2505 sicut
2809 2450 2871 2504 et
2909 2442 3117 2522 angeli
3148 2441 3331 2504 electi
3370 2441 3449 2503 ad
3480 2440 3759 2504 divinam
3795 2442 3914 2504 ad-

2408 2543 2773 2605 haesionem.
2828 2541 2944 2603 Per
3002 2540 3172 2622 quod
3231 2539 3391 2603 solvi
3450 2547 3661 2621 posset
3719 2539 3916 2620 obje-

2408 2641 2535 2703 ctio
2564 2647 2783 2703 contra
2812 2639 2974 2701 hanc
3000 2656 3251 2699 causam
3283 2638 3574 2710 adducta,
3604 2638 3917 2700 videlicet

2408 2738 2577 2820 quod
2607 2736 2900 2800 diabolus
2940 2738 3233 2818 quamvis
3270 2736 3354 2796 sit
3390 2735 3659 2817 simplex
3700 2735 3763 2797 in
3798 2755 3920 2798 na-

2409 2845 2570 2910 tura,
2622 2843 2831 2897 tamen
2882 2843 2977 2896 est
3029 2832 3367 2915 multiplex
3419 2833 3484 2894 in
3533 2833 3785 2905 virtute,
3842 2842 3916 2895 et

2407 2934 2706 2996 dominus
2736 2932 2834 2995 sui
2865 2941 3044 2994 actus
3072 2950 3086 2993 ε
3122 2931 3361 2994 idcirco
3389 2948 3513 2993 non
3544 2931 3913 3013 oportuisse

797 3038 946 3093 sunt
978 3030 1040 3092 in
1075 3030 1183 3093 illa
1221 3030 1621 3110 confirmati3
1654 3031 1801 3093 mali
1844 3050 1995 3094 vero
2029 3051 2295 3114 peccan-
2333 3035 2377 3098 C
2407 3032 2576 3114 quod
2617 3038 2747 3094 toto
2787 3038 3015 3092 conatu
3055 3048 3123 3091 se
3153 3030 3229 3091 ad
3261 3029 3601 3091 vanitatem
3643 3046 3912 3090 conver-

796 3138 914 3204 teS,
948 3136 1096 3190 sunt
1127 3129 1190 3190 in
1226 3137 1484 3211 peccato
1513 3128 1834 3192 obstinati.
1858 3167 1939 3176 —
1968 3131 2112 3193 Haec
2142 3132 2302 3194 Tho-

799 3246 954 3290 maS.
1018 3227 1108 3289 Ex
1167 3226 1403 3308 quibus
1463 3227 1676 3289 verbis
1738 3246 1957 3291 rursus
2019 3229 2294 3302 videtur,

798 3326 967 3408 quod
1018 3325 1072 3387 si
1112 3326 1318 3406 angeli
1370 3326 1622 3407 reprobi
1671 3326 1801 3389 Deo
1851 3347 2131 3409 unquam
2183 3347 2300 3409 per

796 3423 1110 3486 actualem
1178 3424 1458 3486 caritatis
1520 3424 1926 3487 dilectionem
1993 3425 2296 3489 adhaesis-

798 3531 960 3597 sent,
1006 3541 1334 3604 nunquam
1376 3522 1651 3585 fuissent
1691 3522 1771 3585 ab
1814 3541 1890 3586 eo
1931 3525 2158 3587 aversi.

879 3622 1162 3704 Insuper,
1196 3641 1395 3703 quum
1436 3622 1603 3684 dicat
1634 3630 1876 3685 ceteros
1914 3622 2170 3704 angelos
2202 3643 2297 3686 re-

799 3720 1030 3804 probos
1079 3721 1481 3802 suggestione
1530 3739 1828 3803 peccasse
1876 3720 2178 3792 Luciferi,
2219 3741 2296 3785 ex

798 3838 926 3902 quo
984 3820 1162 3900 sequi
1213 3818 1465 3881 videtur
1519 3838 1626 3882 eos
1688 3820 2071 3903 reparabiles
2129 3840 2292 3896 esse,

795 3918 976 3999 juxta
1042 3918 1210 3998 quod
1280 3917 1539 3999 quidam
1609 3918 1829 3980 dicunt
1895 3920 2292 3994 Sanctorum,

797 4016 989 4079 etiam
1040 4016 1376 4096 Gregorius
1426 4025 1489 4079 et
1536 4016 1915 4089 BernarduS,
1967 4017 2110 4080 ideo
2160 4018 2294 4099 pri-

801 4133 937 4177 mos
976 4122 1268 4196 parentes
1309 4114 1672 4177 liberabiles
1715 4115 1934 4188 fuisse,
1968 4116 2119 4196 quia
2158 4136 2297 4199 per-

799 4311 920 4374 hoc
951 4330 1078 4374 non
1117 4330 1255 4374 esse
1296 4319 1487 4373 totam
1530 4310 2019 4393 reparabilitatis
2054 4313 2296 4375 redem-

799 4410 1163 4493 ptionisque
1206 4430 1483 4473 causam.

878 4510 967 4572 De
998 4509 1098 4571 his
1128 4509 1316 4572 etiam
1351 4509 1574 4571 scribit
1611 4509 1677 4572 B.
1712 4509 1982 4572 Thomas
2014 4510 2079 4571 in
2112 4510 2294 4573 Sum-

807 4626 899 4671 ma
951 4615 1163 4667 muti-a
1211 4607 1495 4683 gvsntilva.
1536 4607 1699 4670 libro
1741 4616 1968 4689 quarto
2011 4609 2181 4670 circa
2219 4609 2296 4671 si-

630 4731 766 4767 ustm.
802 4731 967 4771 lirun„
1011 4707 1091 4767 lix
1147 4707 1375 4787 quilius·
1435 4707 1627 4767 multa
1675 4705 1880 4789 accipi
1924 4715 2166 4788 queunt
2216 4708 2291 4769 ad

802 4811 1023 4867 ΙὶιιιῚιιῑι
1083 4807 1567 4867 ιΙι-υΙεΗῚὶῑίῑιῐιιῚΠ
1621 4807 2032 4868 accommoda
2085 4824 2098 4867 Ζ
2152 4827 2295 4889 quae

802 4915 1007 4967 lanivii
1043 4907 1115 4963 iu]
1151 4917 1443 4983 εμιῑιΗηιιι
1479 4904 1944 4966 mittendarum
1978 4905 2123 4986 plus
2154 4925 2294 4988 per-

802 5007 1039 5067 mmm:
1083 5015 1135 5063 vt
1199 5007 1303 5063 itai.
1351 5007 1395 5063 rai
1459 5007 1615 5065 liniis
1665 5004 2071 5079 concesserit,
2115 5004 2298 5066 indu-

1115 5233 1119 5243 ·
1167 5203 1415 5263 uir-unum
1471 5200 1627 5263 [⁵⁴⁴lri
1672 5202 1750 5263 de
1795 5201 1916 5275 his,
1952 5201 2017 5263 in
2059 5201 2298 5283 pl‘aeha-

1139 5303 1203 5359 ''ll-s
1251 5303 1495 5363 ‘flium-:-
1547 5299 1819 5366 totaliter
1863 5300 2289 5365 continentur.

2407 3130 2571 3191 terit.
2625 3129 2746 3192 Sed
2803 3137 2867 3191 et
2925 3128 3195 3191 Thomas
3252 3126 3674 3207 objectionem
3733 3126 3905 3189 hanc

2407 3227 2671 3302 faciens,
2706 3226 2909 3289 nihilo
2951 3226 3166 3288 minus
3207 3225 3439 3287 fatetur
3465 3225 3563 3304 (ut
3602 3224 3766 3286 infra
3803 3224 3903 3286 di·

2408 3326 2614 3407 cetur)
2651 3326 2820 3408 quod
2864 3312 3072 3405 angeli
3117 3340 3245 3405 quo
3286 3329 3464 3384 erant
3505 3322 3745 3384 altioris
3787 3342 3905 3385 na—

2407 3435 2586 3497 turae,
2621 3431 2794 3486 tanto
2822 3421 3261 3485 eminentioris
3290 3421 3438 3483 facti
3469 3430 3614 3482 sunt
3642 3421 3897 3502 gloriae:

2408 3524 2558 3607 quia
2588 3522 2887 3585 videlicet
2920 3529 3048 3583 toto
3086 3527 3313 3583 conatu
3353 3539 3421 3583 se
3452 3527 3903 3582 converterunt

2406 3632 2515 3685 aut
2552 3630 2937 3685 averterunt.
2973 3621 3147 3683 Unde
3187 3627 3250 3682 et
3279 3619 3437 3681 ratio
3478 3618 3584 3680 illa
3622 3619 3896 3682 multum

2404 3721 2659 3785 videtur
2688 3720 2917 3783 fecisse
2956 3719 3034 3780 ad
3072 3717 3561 3781 obstinationem
3603 3718 3900 3799 impoeni·

2404 3820 2797 3900 tentiamque
2828 3817 3084 3879 diaboli.
3110 3817 3367 3898 Propter
3394 3814 3562 3897 quod
3591 3822 3654 3876 et
3682 3814 3901 3877 Alber-

2403 3928 2505 3982 tus
2548 3938 2684 3982 eam
2728 3916 2967 3980 alicubi
3008 3915 3225 3995 tangit.

2483 4018 2600 4092 Qui
2631 4024 2691 4079 et
2724 4016 2829 4077 hic
2864 4011 3660 4077 contestatur20bstinatio
3692 4014 3901 4095 dupli·
3963 4043 4264 4091 summu..
4315 3980 4316 3988 ‘

2404 4117 2563 4179 citer
2593 4115 2888 4177 sumitur.
2911 4112 3141 4186 Primo,
3170 4130 3284 4194 pro
3314 4110 3627 4173 immobili
3658 4111 3893 4173 affectu
3934 4109 4002 4211 ἐξ
4033 4117 4176 4163 9⁸¹¹·
4214 4126 4265 4167 q·

714 4262 724 4273 .
799 4213 1092 4276 suasione
1142 4221 1565 4295 peccaverunt
1611 4212 1883 4291 diaboli;
1929 4215 2292 4296 respondet,
2325 4213 2374 4274 D
2407 4216 2473 4277 in
2514 4214 2699 4275 malo.
2736 4212 2967 4294 Sicque
3010 4209 3294 4292 procedit
3333 4228 3370 4270 a
3407 4209 3726 4272 voluntate
3763 4210 3898 4271 dia-

2404 4313 2533 4376 boli
2567 4311 2878 4385 indurata,
2913 4328 3030 4372 nec
3070 4310 3297 4371 timore
3337 4325 3667 4390 poenarum
3703 4315 3898 4370 retra-

2403 4412 2600 4484 hitur,
2633 4428 2752 4471 nec
2796 4409 3028 4492 pietate
3072 4406 3375 4480 mollitur,
3414 4406 3592 4485 juxta
3631 4406 3785 4468 illud
3829 4406 3895 4468 in

2402 4511 2518 4575 Job
2553 4529 2567 4573 :
2611 4510 2771 4572 Ecce
2821 4526 2929 4571 cor
2970 4507 3111 4588 ejus
3153 4514 3223 4567 ut
3266 4505 3426 4588 lapis
3469 4504 3892 4577 indurabitur,
3930 4528 4037 4572 ,ιώ
4064 4546 4164 4584 m,
4191 4541 4260 4577 ιε.

2403 4618 2466 4672 et
2515 4608 2861 4689 stringetur
2901 4605 3081 4689 quasi
3134 4604 3511 4667 malleatoris
3560 4604 3754 4667 incus.
3788 4605 3899 4667 Se-

2404 4708 2615 4770 cundo
2644 4706 2920 4768 sumitur
2946 4722 3058 4787 pro
3088 4702 3592 4787 poenavidelicet
3624 4720 3736 4785 pro
3765 4721 3894 4765 non

2405 4824 2592 4890 posse
2621 4805 2828 4867 redire
2857 4804 2932 4865 ad
2977 4802 3212 4864 bonum
3250 4820 3263 4863 :
3297 4802 3466 4884 quod
3495 4810 3587 4863 est
3619 4802 3898 4864 maxima

2406 4923 2611 4988 poena.
2648 4904 2724 4965 Et
2755 4903 2839 4964 ita
2869 4921 2905 4963 a
2935 4901 3062 4964 Deo
3084 4909 3201 4975 est,
3235 4909 3296 4964 et
3328 4899 3572 4962 inflicta
3600 4908 3695 4963 est
3719 4900 3897 4981 justo

2405 5003 2546 5085 ejus
2586 5001 2850 5083 judicic,
2884 5000 3417 5083 quemadmodum
3461 5000 3669 5063 omnis
3708 5018 3898 5082 poena

2406 5121 2521 5184 pro
2572 5108 2832 5183 peccato
2875 5099 3142 5172 inflicta,
3174 5119 3211 5161 a
3253 5099 3360 5160 Dei
3405 5099 3686 5180 procedit
3724 5099 3896 5179 judi-

2406 5202 2524 5263 cio.
2552 5201 2794 5282 Nempe
2821 5198 3250 5278 justissimum
3283 5198 3405 5259 fuit
3432 5198 3599 5280 quod
3630 5199 3893 5278 angelus

2406 5300 2516 5386 qui
2560 5298 2904 5363 deiformis.
2934 5304 3067 5363 erat
3104 5296 3481 5373 intellectuS‚
3514 5305 3576 5360 et
3618 5296 3775 5361 nihil
3822 5296 3888 5362 in
