4334 6242
559 2769 594 2814 u
613 2767 712 2814 Cor.
726 2781 798 2820 ιιι,

531 3068 660 3114 Rom.
673 3079 716 3118 v,
731 3066 798 3109 20.

827 485 948 549 544

1513 505 1578 553 IN
1619 507 1844 554 unum(
1883 507 1930 552 11
1970 505 2455 554 SENTENTIARUH.
2498 524 2581 536 —
2622 505 2775 554 ms'r.
2818 505 2923 571 1113
2968 507 3191 565 QUAEST.
3238 507 3261 555 1

821 683 886 738 te
919 694 933 738 :
969 675 1136 738 sicut
1163 675 1291 752 hic,
1323 677 1446 740 Iste
1474 683 1570 740 est
1606 685 1900 759 comptus
1930 684 1992 740 et
2022 677 2325 740 errabun-
2357 676 2409 740 A
2442 677 2596 740 dum
2628 695 2857 760 corpus
2890 678 3131 760 indiget
3158 679 3352 742 homo
3393 680 3653 742 custode
3682 687 3745 742 et
3778 681 3943 744 duce

822 774 940 836 dus
988 774 1066 837 de
1124 782 1330 849 nocte,
1381 793 1530 856 ergo
1577 782 1674 837 est
1728 775 1992 837 adulter.
2047 775 2326 855 Angelus

823 878 1035 934 tamen
1093 891 1348 954 semper
1405 872 1818 956 consequitur
1875 871 2076 936 finem
2129 893 2326 954 quan-

821 976 957 1032 tum
1007 970 1073 1032 in
1115 990 1182 1034 se
1232 979 1348 1046 est,
1391 971 1692 1054 quoniam
1743 971 1904 1033 nihil
1956 971 2195 1034 omittit
2247 971 2325 1032 de

821 1069 1289 1150 pertinentibus
1319 1069 1397 1131 ad
1429 1088 1520 1145 se,
1544 1069 2083 1151 quemadmodum
2115 1077 2327 1132 orator

820 1185 932 1229 seu
985 1167 1270 1230 medicus
1319 1167 1459 1231 vult
1518 1166 1712 1230 istum
1763 1168 1996 1242 curari,
2049 1168 2217 1230 sicut
2262 1175 2325 1231 et

819 1265 1007 1339 DeuS,
1053 1265 1302 1328 scilicet
1345 1273 1657 1347 quantum
1703 1265 1769 1328 in
1813 1285 1880 1328 se
1923 1273 2037 1328 est.

902 1363 1082 1426 Circa
1118 1364 1239 1426 hoc
1280 1365 1608 1445 quaeritur,
1640 1372 1858 1427 utrum
1895 1364 2159 1446 angelus
2193 1384 2324 1427 ma-

821 1461 920 1523 lus
951 1461 1034 1524 sit
1064 1463 1246 1525 datus
1275 1482 1312 1524 a
1351 1463 1478 1525 Deo
1516 1463 1764 1526 homini
1803 1463 1881 1525 ad
1921 1462 2321 1538 exercitium,

821 1567 1136 1642 quatenus
1201 1561 1394 1624 homo
1461 1561 1703 1624 cautior
1763 1569 1952 1643 atque
2017 1561 2326 1624 humilior

820 1657 955 1720 fiat.
1001 1659 1077 1721 Et
1126 1667 1389 1722 testatur
1437 1660 1778 1723 auctoritas
1827 1660 1995 1742 quod
2047 1659 2157 1722 sic.
2204 1660 2323 1722 Sed

820 1757 1163 1839 objicitur:
1188 1760 1354 1821 Deus
1384 1759 1714 1841 deputavit
1745 1758 1990 1821 homini
2025 1759 2324 1840 angelum

2439 783 2629 858 atque
2659 776 2963 858 magistro
2991 777 3145 838 dum
3177 777 3482 859 parvulus
3512 785 3630 852 est,
3662 797 3743 840 ne
3773 786 3948 840 erret

2440 881 2503 935 et
2552 882 2727 953 ruat3
2770 875 2857 936 ita
2904 875 3257 937 secundum
3307 876 3585 938 animam
3634 876 3945 958 quamdiu

2439 971 2625 1034 durat
2654 972 2787 1036 haec
2818 973 2970 1048 vita,
3005 973 3071 1034 in
3102 992 3227 1055 qua
3264 974 3681 1055 spiritualiter
3711 974 3945 1036 debilis

2440 1077 2556 1142 est,
2590 1070 3009 1152 hostibusque
3040 1071 3333 1142 vallatuS‚
3367 1089 3607 1154 pronus
3642 1073 3719 1134 ad
3750 1073 3941 1147 mala,

2439 1167 2714 1230 faciliter
2763 1187 3017 1252 quoque
3060 1168 3368 1232 fallibilis.
3401 1171 3494 1232 Ad
3536 1171 3947 1234 auctoritates

2439 1284 2591 1329 vero
2629 1266 2968 1348 Augustini
3011 1267 3209 1350 aliqui
3262 1268 3506 1343 dicunt,
3542 1269 3709 1350 quod
3758 1287 3945 1332 mens

2442 1365 2720 1427 humana
2769 1365 3094 1447 duplicem
3146 1365 3337 1427 habet
3385 1365 3517 1428 vim
3568 1385 3680 1429 seu
3728 1385 3944 1448 respe-

2442 1471 2639 1538 ctum,
2674 1463 2972 1526 videlicet
3007 1481 3021 1526 :
3056 1464 3474 1546 superiorem,
3516 1484 3657 1546 quae
3706 1465 3943 1527 intelli-

2438 1561 2654 1643 gentia
2698 1569 3127 1643 nuncupatur,
3174 1580 3289 1643 per
3336 1581 3525 1645 quam
3580 1563 3941 1626 Creatorem

2440 1661 2808 1742 cognoscit;
2860 1669 2923 1722 et
2980 1660 3371 1736 inferiorem,
3432 1681 3560 1744 qua
3614 1663 3944 1743 cognoscit

2440 1767 2665 1822 creata.
2720 1759 2795 1822 Et
2843 1759 2921 1822 de
2970 1759 3178 1842 prima
3223 1761 3287 1822 vi
3341 1762 3593 1836 mentis,
3645 1781 3786 1844 quae
3840 1769 3945 1824 est

822 1857 1084 1931 malum,
1119 1865 1188 1918 ut
1220 1859 1410 1920 homo
1446 1858 1690 1920 cautior
1719 1857 2154 1940 humiliorque
2186 1858 2323 1919 red·
2362 1861 2408 1924 B
2438 1877 2601 1940 apex
2632 1858 3058 1932 intellectivae,
3086 1857 3365 1940 loquitur
3394 1860 3803 1941 Augustinus.
3824 1860 3945 1923 No-

819 1958 1041 2036 datm-3
1077 1957 1376 2019 similiter
1420 1957 1718 2038 angelum
1767 1957 2006 2020 bonum
2056 1957 2326 2019 contulit

817 2056 895 2118 ad
939 2056 1317 2130 custodiam,
1361 2063 1431 2117 ut
1478 2056 1758 2119 salvetur
1806 2074 1924 2118 nec
1968 2063 2226 2137 peccet3
2263 2063 2325 2117 et

818 2163 1033 2217 tamen
1078 2153 1166 2217 ita
1207 2172 1335 2216 non
1378 2153 1455 2216 fit
1490 2172 1503 2216 :
1537 2171 1686 2236 ergo
1733 2153 2002 2216 intentio
2041 2154 2152 2216 Dei
2196 2151 2325 2216 fru-

819 2261 1073 2327 stratur,
1101 2272 1220 2316 nec
1249 2252 1327 2315 fit
1357 2253 1669 2335 quidquid
1701 2253 1840 2314 vult
1871 2253 2054 2315 Deus.
2078 2252 2169 2314 Ad
2204 2253 2325 2314 hoc

822 2350 1083 2434 quidam
1127 2352 1535 2433 respondent,
1569 2350 1737 2432 quod
1783 2351 1846 2412 in
1893 2348 2020 2412 illis
2066 2349 2327 2413 locutio-

822 2450 1037 2526 nibus,
1081 2451 1177 2512 hae
1225 2449 1558 2522 dictiones,
1605 2457 1680 2509 ut
1727 2467 1841 2510 seu
1887 2451 1998 2518 ad,
2042 2447 2324 2511 diversas

823 2549 1061 2612 habent
1107 2547 1627 2629 significationes,
1671 2547 1996 2610 Interdum
2047 2565 2324 2628 namque

825 2646 1194 2729 significant
1250 2666 1506 2709 causam
1562 2645 1846 2720 finalem,
1897 2645 2064 2707 sicut
2123 2665 2324 2728 quum

825 2746 1060 2809 dicitur
1095 2765 1108 2808 :
1142 2746 1332 2809 Paulo
1363 2745 1648 2828 apostolo
1686 2744 1870 2807 datus
1899 2752 1996 2807 est
2025 2744 2324 2807 stimulus

829 2847 1058 2920 carniS,
1092 2852 1164 2906 ut
1191 2844 1662 2917 humiliaretur,
1694 2843 1796 2906 vel
1827 2843 1906 2905 ad
1935 2842 2325 2905 humiliatio-

827 2963 995 3006 nem.
1029 2942 1354 3006 Interdum
1385 2949 1606 3005 notant
1640 2932 2221 3015 concomitantiam,
2256 2949 2325 3004 ut

2440 1955 2539 2018 bis
2578 1974 2740 2019 vero
2768 1957 3020 2019 videtur
3060 1956 3245 2019 aliter
3282 1958 3816 2038 respondendum,
3848 1959 3943 2021 vi-

2438 2055 2669 2116 delicet
2700 2053 2867 2136 quod
2910 2073 3090 2116 mens
3130 2055 3410 2117 humana
3451 2064 3718 2138 utroque
3750 2057 3941 2120 modo

2436 2154 2627 2216 habet
2657 2154 3009 2216 custodiam
3041 2154 3248 2235 angeli
3280 2155 3633 2216 secundum
3661 2155 3941 2238 aliquam

2436 2252 2746 2314 rationem
2805 2252 3109 2315 custodiae
3161 2270 3175 2314 ε
3228 2260 3440 2314 tamen
3499 2261 3736 2336 quanto
3790 2255 3939 2336 plus

2436 2350 2831 2412 descendunt
2861 2349 3181 2431 potentiae,
3217 2357 3388 2412 tanto
3418 2359 3515 2413 est
3554 2352 3620 2412 in
3652 2351 3745 2414 eis
3775 2353 3939 2416 ratio

2438 2449 2641 2529 maj0r
2688 2448 3008 2512 custodiae.
3046 2449 3120 2511 Et
3161 2449 3453 2530 quamvis
3494 2449 3795 2532 quaelibet
3836 2451 3938 2514 vis

2433 2547 2685 2622 animae,
2717 2554 2845 2609 tam
2886 2548 3205 2628 cognitiva
3234 2567 3423 2630 quam
3459 2548 3779 2626 affectiva,
3816 2551 3937 2612 im-

2435 2646 2709 2708 mediate
2756 2665 2792 2708 a
2841 2646 2967 2708 Deo
3016 2643 3328 2708 formetur
3375 2645 3581 2710 forma
3626 2649 3937 2713 ultimatae

2436 2743 2901 2826 completioniS,
2934 2744 3138 2807 nihilo
3186 2745 3400 2807 minus
3440 2746 3648 2827 angeli
3696 2747 3937 2809 habent

2434 2842 2567 2904 vim
2609 2841 2987 2923 disponendi
3030 2861 3105 2904 ac
3148 2844 3541 2925 praeparandi
3582 2863 3689 2907 eas
3730 2846 3809 2907 ad
3848 2822 3937 2908 ta-

2438 2940 2564 3003 lem
2607 2941 3117 3022 completionem.
3152 2941 3230 3003 Et
3272 2943 3565 3024 quamvis
3610 2943 3775 3006 Deus
3818 2963 3935 3027 per

828 3042 920 3105 ibi
969 3059 984 3104 :
1028 3042 1156 3105 Lex
1202 3040 1607 3114 subintravit,
1654 3048 1726 3102 ut
1769 3039 2122 3102 abundaret
2169 3040 2325 3104 deli·
2361 3044 2404 3107 C
2436 3059 2503 3102 se
2549 3040 2763 3122 ipsum
2800 3039 3017 3102 omnia
3059 3039 3281 3122 possit,
3311 3047 3590 3104 attamen
3632 3043 3935 3105 convenit

827 3149 1021 3205 ctum.
1066 3139 1422 3223 Aliquando
1462 3157 1634 3213 vero,
1676 3138 1965 3201 debitum
2009 3157 2121 3202 seu
2163 3138 2325 3202 obli-

822 3241 1164 3320 gationem,
1207 3247 1278 3300 ut
1322 3238 1388 3300 in
1439 3237 1755 3320 praesenti.
1797 3237 1923 3299 Nos
1972 3254 2122 3300 vero
2169 3237 2325 3300 dici-

820 3359 971 3412 mus,
987 3339 1148 3421 quod
1179 3337 1482 3400 dictiones
1513 3335 1636 3399 illae
1669 3336 1733 3398 in
1765 3335 1975 3397 verbis
2006 3336 2323 3418 praetactis

822 3436 1156 3518 designant
1209 3454 1462 3497 causam
1507 3432 1790 3495 finalem.
1841 3433 1969 3495 Nec
2012 3432 2181 3495 valet
2228 3453 2323 3495 ar—

819 3533 1214 3616 gumentatio
1246 3532 1376 3606 illa,
1397 3532 1561 3594 Deus
1593 3531 1764 3593 dedit
1796 3530 1990 3592 istum
2023 3531 2319 3611 angelum

823 3633 902 3695 ad
959 3631 1436 3695 exercitandum
1497 3629 1706 3703 illum,
1756 3646 1907 3710 ergo
1963 3628 2203 3691 directe
2260 3637 2323 3691 et

823 3731 1163 3794 causaliter
1200 3729 1338 3792 vult
1383 3737 1454 3791 ut
1497 3728 1614 3790 iste
1659 3727 2061 3802 exercitetur,
2096 3728 2322 3791 saltem

821 3851 896 3894 ea
927 3829 1277 3893 intentione
1309 3846 1436 3910 qua
1473 3828 1594 3889 hoc
1623 3825 1762 3889 vult
1798 3825 2060 3907 angelus
2093 3826 2317 3888 maluS.

821 3929 1271 3992 Verumtamen
1319 3926 1397 3988 ad
1436 3925 1606 3986 istud
1647 3931 2094 4005 argumentum
2138 3924 2325 3986 aliter

764 4061 770 4066 ’
825 4026 1212 4109 respondent
1257 4023 1366 4106 qui
1410 4023 1652 4098 dicunt,
1692 4023 1862 4106 quod
1904 4024 2113 4086 omnis
2156 4023 2323 4086 actio

823 4133 920 4188 est
949 4145 987 4187 a
1015 4125 1144 4187 Deo
1163 4141 1180 4203 ;
1212 4131 1274 4185 et
1306 4121 1400 4185 illi
1432 4121 1543 4205 qui
1573 4121 1924 4196 affirmant,
1958 4122 2125 4204 quod
2156 4121 2323 4184 actio

2436 3137 2642 3202 ordini
2694 3157 2929 3212 rerum,
2970 3145 3042 3199 ut
3090 3137 3392 3201 inferiora
3440 3159 3555 3222 per
3602 3141 3932 3223 superiora

2436 3245 2733 3318 regantur
2774 3245 2837 3300 et
2881 3237 3337 3299 custodiantur.

2514 3335 2805 3398 Secundo
2847 3336 3093 3418 quaerit,
3126 3354 3205 3397 an
3247 3336 3508 3417 angelus
3549 3336 3781 3400 habeat
3824 3357 3935 3421 po—

2433 3440 2726 3497 testatem
2769 3434 2934 3496 hanc
2977 3434 3374 3496 custodiendi
3419 3434 3711 3498 homines
3751 3456 3789 3498 a
3828 3458 3936 3500 na-

2434 3540 2574 3594 tura
2604 3532 2706 3594 vel
2734 3552 2771 3594 a
2798 3532 3017 3613 gratia.
3054 3532 3427 3608 Dicendum,
3452 3534 3621 3617 quod
3650 3553 3727 3597 ex
3760 3544 3933 3599 utro-

2434 3649 2579 3712 que,
2613 3632 2722 3694 sed
2772 3630 3191 3693 differenter:
3226 3630 3378 3713 quia
3416 3651 3453 3693 a
3494 3640 3721 3696 natura
3766 3635 3936 3697 sicut

2432 3748 2468 3791 a
2521 3729 2841 3811 principio
2897 3730 3105 3811 primo
3161 3728 3536 3811 dispositivo
3588 3739 3652 3794 et
3706 3730 3931 3795 funda-

2434 3827 2718 3900 mentali,
2752 3836 2815 3890 et
2857 3846 2895 3889 a
2934 3827 3135 3908 gratia
3181 3834 3483 3910 tanquam
3532 3848 3569 3890 a
3612 3830 3934 3914 principio

2435 3925 2724 4007 proximo
2764 3925 3168 4006 completivo.
3205 3925 3377 3987 Dona
3407 3926 3581 3988 enim
3620 3929 3935 3992 naturalia

2433 4044 2574 4106 quae
2640 4024 2899 4104 angelus
2961 4023 3149 4086 habet
3220 4024 3577 4086 eminenter
3636 4035 3933 4109 respectu

2431 4122 2681 4195 animae,
2715 4129 2865 4183 sunt
2906 4121 3040 4184 haec
3085 4129 3356 4203 quatuor
3398 4122 3702 4185 attributa
3734 4141 3749 4186 ε
3784 4124 3935 4188 sim—

824 4225 990 4288 mala
1028 4241 1155 4286 non
1193 4229 1288 4285 est
1326 4241 1364 4284 a
1401 4221 1548 4284 Deo.
1583 4221 1726 4284 Haec
1763 4220 2317 4283 AntisiodorensiS.
2353 4226 2402 4288 D
2434 4220 2683 4302 plicitas
2714 4219 3025 4292 essentiae,
3058 4219 3357 4282 discretio
3386 4221 3757 4302 personaliS‚
3792 4241 3936 4305 per·

902 4324 1092 4386 Porro
1136 4321 1490 4384 Alexander
1535 4320 1740 4401 primo
1781 4317 1887 4380 hic
1937 4318 2317 4393 sciscitatur,

823 4431 1037 4486 utrum
1090 4419 1353 4501 angelus
1407 4417 1636 4480 habeat
1688 4424 2065 4500 potestatem
2114 4425 2323 4480 custo-

821 4520 1037 4584 diendi
1068 4517 1395 4582 hominem
1425 4516 1779 4579 secundum
1807 4515 2108 4578 animam.
2142 4515 2325 4578 Vide-

819 4628 925 4682 tur
983 4618 1152 4700 quod
1211 4635 1361 4692 non,
1416 4615 1565 4697 quia
1619 4614 1972 4677 secundum
2030 4612 2325 4694 Augusti-

821 4737 1000 4792 num,
1065 4733 1246 4778 mens
1314 4713 1594 4777 hominis
1656 4732 1692 4775 a
1758 4712 1888 4775 Deo
1956 4712 2323 4775 immediate

820 4816 1166 4894 formatur3
1198 4821 1260 4875 et
1305 4813 1535 4875 iterum
1580 4811 1690 4886 ait,
1730 4811 1901 4893 quod
1947 4809 2112 4872 inter
2151 4810 2327 4873 Crea-

821 4923 1023 4978 torem
1054 4921 1118 4975 et
1151 4918 1430 4976 mentem
1461 4909 1764 4972 rationale
1795 4909 2045 4970 nullum
2076 4917 2173 4970 est
2203 4927 2327 4970 me-

821 5014 1000 5077 dium
1037 5030 1051 5074 ε
1086 5030 1234 5093 ergo
1265 5029 1384 5074 nec
1415 5007 1832 5072 intermedius
1863 5013 2094 5069 custos.
2119 5042 2202 5052 —
2230 5005 2329 5068 Di-

823 5113 1120 5184 cendum,
1172 5109 1341 5192 quod
1390 5107 1652 5188 angelus
1705 5105 1894 5167 habet
1947 5112 2323 5186 potestatem

824 5209 1224 5275 custodiendi
1254 5207 1521 5280 animas,
1551 5225 1662 5268 seu
1688 5204 1982 5267 homines
2013 5209 2323 5285 quantum

823 5311 904 5376 ad
956 5309 1219 5372 animas,
1271 5304 1816 5381 Quemadmodum
1869 5302 2042 5365 enim
2101 5319 2326 5364 secun-

2432 4317 2768 4400 spicacitas
2819 4316 3275 4398 intelligentiae,
3319 4317 3578 4384 libertas
3627 4320 3927 4384 arbitrii:

2432 4435 2573 4498 quae
2612 4424 2758 4478 sunt
2791 4415 3123 4497 dispositio
3154 4416 3458 4478 naturalis
3493 4418 3559 4480 in
3588 4419 3814 4500 angelo
3850 4421 3932 4483 ad

2433 4513 2787 4576 custodiam
2833 4513 3080 4576 animae.
3118 4513 3239 4577 Sed
3278 4531 3403 4576 non
3446 4515 3691 4578 sufficit
3726 4519 3933 4581 excel-

2434 4612 2630 4675 lentia
2657 4613 2777 4674 ista
2808 4619 3071 4686 naturae,
3104 4611 3234 4675 imo
3261 4614 3669 4694 superaddita
3696 4625 3790 4679 est
3819 4636 3932 4679 an-

2432 4710 2589 4792 gelis
2640 4709 2823 4772 bonis
2871 4710 3071 4791 gratia
3118 4711 3622 4775 confirmationis
3670 4731 3685 4775 ε
3732 4723 3797 4776 et
3845 4715 3935 4778 ita

2434 4817 2582 4872 sunt
2608 4809 2847 4890 jugiter
2874 4817 2936 4871 et
2976 4809 3462 4874 inavertibiliter
3492 4820 3765 4893 stantes3
3798 4815 3935 4876 ani-

2435 4927 2555 4970 mae
2585 4925 2736 4969 vero
2767 4907 3194 4970 communiter
3224 4909 3289 4970 in
3321 4909 3437 4971 hac
3468 4911 3600 4972 vita
3631 4910 3937 4976 labuntur

2435 5004 2805 5087 frequenter
2832 5013 2940 5067 aut
2973 5004 3196 5067 labiles
3231 5015 3397 5068 sunt.
3432 5007 3648 5090 ltaque
3684 5010 3933 5073 homini

2437 5103 2735 5166 convenit
2767 5104 2897 5184 regi
2929 5109 2992 5164 et
3023 5103 3325 5167 custodiri
3359 5124 3473 5187 per
3500 5107 3781 5188 angelos,
3802 5116 3937 5172 tan-

2437 5221 2629 5285 quam
2668 5201 2988 5264 firmiores
3026 5202 3091 5263 in
3122 5221 3271 5265 vera
3309 5203 3621 5286 sapientia
3657 5214 3723 5269 et
3750 5208 3931 5270 omni

2438 5300 2671 5364 virtute
2730 5299 3128 5382 immobiles3
3178 5319 3306 5364 non
3350 5310 3566 5367 autem
3624 5305 3931 5388 competit
