4334 6242
806 466 925 536 148
1485 490 1547 537 m
1590 490 1811 539 mamm
1853 492 1895 537 n
1938 488 2418 538 saman-runnu.
2465 509 2547 517 —
2583 487 2736 535 msr.
2785 490 2867 553 113
2913 488 3133 546 Quffisr.
3181 490 3225 537 11

805 662 1049 725 sionem
1080 671 1144 725 et
1184 669 1392 745 partes
1430 670 1617 744 prout
1657 662 1917 744 respicit
1953 669 2018 724 et
2050 680 2302 723 mensu·
2331 658 2383 721 A
2414 660 2560 721 dere
2609 659 2823 735 simul,
2857 661 3216 741 negandum
3263 667 3380 733 est,
3413 658 3546 720 sive
3594 655 3911 736 intelliga-

804 770 901 823 rat
930 762 1345 845 operationes,
1364 761 1581 824 —Sed
1612 761 1799 842 plane
1829 769 2111 843 apparet,
2133 761 2300 841 quod

804 859 1047 922 dictum
1087 860 1353 923 istorum
1391 867 1487 922 est
1527 858 1914 922 defectivum
1949 877 1963 920 t
1998 859 2300 940 quoniam

805 956 871 1018 in
902 976 969 1019 re
1008 977 1149 1041 quae
1186 958 1318 1020 fixa
1355 965 1452 1019 est
1488 958 1839 1019 secundum
1876 956 2297 1020 substantiam

802 1063 865 1117 et
924 1055 1135 1117 fluens
1197 1056 1549 1118 secundum
1610 1056 2065 1137 operationem,
2126 1054 2300 1116 aliud

803 1161 899 1215 est
954 1172 1091 1215 esse
1140 1154 1493 1216 secundum
1552 1173 1687 1216 rem
1749 1154 1950 1236 ipsius
2008 1153 2302 1215 substan-

802 1252 927 1326 tiae,
969 1251 1142 1313 aliud
1193 1252 1395 1334 ipsius
1443 1253 1850 1334 operationiS,
1894 1252 2301 1334 quemadmo-

804 1350 957 1411 dum
1005 1349 1129 1412 alia
1170 1370 1268 1413 res
1315 1358 1411 1412 est
1454 1350 1827 1423 substantia,
1860 1350 2034 1412 aliud
2083 1368 2300 1432 opera-

800 1448 907 1509 tio,
959 1449 1293 1530 Quumque
1339 1448 1521 1529 juxta
1578 1450 2008 1511 diversitatem
2060 1448 2297 1530 speciei

801 1554 863 1608 et
910 1548 1233 1629 qualitatis
1277 1548 1369 1608 rei
1414 1555 1791 1610 mensuratae
1835 1548 1915 1608 sit
1964 1548 2296 1610 diversitas

804 1663 1269 1719 mensurarum,
1302 1665 1502 1726 quum
1534 1665 1832 1708 mensura
1871 1646 1954 1707 sit
1986 1645 2299 1725 unigenea

804 1751 1204 1823 mensurato;
1250 1743 1415 1805 sicut
1454 1744 1627 1805 aliud
1676 1752 1772 1806 est
1812 1763 1951 1806 esse
2005 1743 2297 1806 substan-

800 1841 925 1915 tiae,
972 1849 1034 1903 et
1082 1842 1254 1903 aliud
1302 1842 1709 1924 operationis,
1755 1842 1847 1904 sic
1894 1842 2018 1903 alia
2065 1850 2125 1904 et
2175 1842 2298 1904 alia
2334 1841 2381 1903 B
2476 1842 2594 1916 Qui
2625 1852 3085 1953 consequenter
3113 1849 3484 1924 argumenta
3513 1841 3686 1903 illius
3716 1841 3910 1903 solvit
3941 1853 4074 1909 ειν.
4085 1854 4199 1897 mc

801 1958 1101 2002 mensura
1130 1942 1427 2003 convenit
1454 1942 1566 2003 eis,
1586 1941 1711 2003 Nec
1742 1941 2106 2014 dicendum,
2126 1940 2296 2021 quod

803 2056 1099 2099 mensura
1140 2038 1339 2119 ipsius
1380 2058 1518 2101 esse
1562 2038 1931 2101 substantiae
1975 2038 2295 2120 protendi-

798 2142 905 2197 tur
942 2144 1013 2198 ut
1050 2136 1165 2198 fiat
1205 2156 1503 2199 mensura
1534 2137 1920 2219 operationis
1955 2154 1968 2197 ε
2006 2137 2135 2199 imo
2175 2137 2295 2200 hoc

804 2232 1088 2316 implicat
1139 2235 1725 2309 contradictionem,
1778 2234 2076 2297 videlicet
2124 2235 2295 2317 quod

803 2332 969 2395 idem
1000 2332 1083 2394 sit
1112 2333 1406 2415 simplex,
1440 2333 1647 2395 fixum
1688 2340 1750 2395 et
1782 2333 2174 2395 indivisibile
2205 2352 2298 2395 re-

798 2438 1019 2513 spectu
1072 2432 1261 2493 unius
1313 2432 1683 2505 mensurati,
1722 2432 1933 2494 fluens
1974 2440 2188 2493 autem
2233 2438 2297 2493 et

797 2528 1119 2591 divisibile
1152 2536 1445 2612 respectu
1483 2530 1762 2591 alterius
1798 2530 1973 2603 Quod
2003 2530 2195 2593 etiam
2230 2530 2294 2592 in

798 2644 1061 2709 corpore
1124 2635 1292 2710 patet
1361 2627 1627 2701 coelesti,
1688 2628 1874 2708 cujus
1942 2628 2297 2690 substantia

799 2734 1203 2786 mensuratur
1249 2743 1405 2798 aevo,
1444 2733 1653 2789 motus
1698 2744 1869 2799 ver0,
1908 2744 2035 2808 quo
2081 2745 2296 2808 opera-

796 2832 902 2885 tur
943 2824 1113 2886 circa
1156 2824 1475 2897 inferiora,
1522 2832 1827 2905 tempore.

876 2921 1017 2984 Alia
1054 2930 1151 2984 est
1188 2921 1407 3004 opinio
1444 2922 1817 2996 dicentium,
1853 2923 2021 3004 quod
2062 2924 2127 2985 in
2159 2940 2296 2985 aevo

2414 765 2518 819 tur
2564 759 2641 819 de
2689 778 2828 821 esse
2877 758 2989 832 rei,
3033 758 3168 820 sive
3211 758 3289 819 de
3338 756 3505 831 fieri,
3543 773 3669 838 quo
3715 754 3913 817 habet

2414 857 2679 938 produci
2729 864 2790 919 et
2833 857 3212 919 conservari.
3245 857 3479 918 Verum
3525 862 3621 917 est
3665 862 3908 927 tamen,

2416 956 2584 1036 quod
2615 973 2742 1018 non
2782 956 3063 1037 possidet
3093 974 3231 1017 esse
3269 974 3458 1017 suum
3500 951 3693 1015 simul
3723 952 3912 1034 quasi

2413 1073 2491 1115 ex
2521 1072 2590 1115 se
2629 1072 2700 1115 ac
2731 1040 2996 1136 'propria
3035 1060 3366 1135 potestate,
3399 1052 3564 1114 sicut
3592 1051 3915 1134 possessio

2413 1152 2692 1213 sumitur
2748 1152 2813 1213 in
2874 1151 3250 1214 definitione
3304 1150 3692 1213 aeternitatis.
3749 1148 3916 1210 Hinc

2413 1250 2644 1313 falsum
2677 1261 2795 1326 est,
2828 1252 2997 1333 quod
3027 1270 3166 1313 esse
3195 1258 3498 1313 creaturae
3536 1251 3912 1312 hesternum

2411 1357 2471 1411 et
2504 1350 2852 1412 crastinum
2887 1368 3014 1412 non
3045 1351 3126 1411 sit
3159 1350 3325 1411 idem
3357 1356 3422 1411 et
3451 1348 3916 1430 simulzquam·

2411 1448 2508 1509 vis
2549 1448 2908 1510 intellectus
2949 1457 3164 1511 noster
3201 1448 3504 1511 continuo
3541 1455 3604 1509 et
3633 1444 3907 1527 tempori

2409 1546 2722 1628 alligatuS,
2755 1548 3026 1630 accipiat
3065 1547 3223 1610 illud
3265 1566 3411 1609 cum
3453 1547 3726 1628 quadam
3767 1562 3912 1626 pro-

2409 1645 2695 1709 tensione
2745 1647 2821 1708 ad
2865 1646 3000 1708 dies
3049 1647 3331 1710 diversos
3380 1645 3616 1727 quibus
3665 1644 3910 1708 coexsi-

2409 1743 2535 1805 stit.
2583 1781 2665 1789 —
2705 1745 2847 1807 Haec
2890 1745 3217 1807 Henricus.

2407 1940 2749 2023 opinioniS‚
2782 1960 2925 2022 quae
2963 1947 3027 2003 et
3063 1940 3410 2003 Richardus
3449 1939 3658 2012 solvit,
3693 1939 3906 2001 dicen-

2408 2039 2486 2101 do
2537 2040 2704 2120 quod
2746 2039 3085 2101 auctoritas
3135 2038 3244 2100 illa
3283 2037 3568 2101 Anselmi
3615 2038 3682 2099 in
3731 2038 3908 2100 Pros-

2409 2136 2618 2217 logion
2669 2136 3078 2217 intelligenda
3127 2138 3205 2198 sit
3250 2137 3326 2199 de
3375 2155 3675 2199 mensura
3719 2154 3906 2217 ange-

2409 2235 2616 2297 lorum
2663 2254 2792 2297 non
2836 2243 3145 2316 quantum
3195 2235 3274 2297 ad
3320 2254 3460 2297 esse
3505 2252 3751 2308 eorum,
3791 2235 3902 2296 sed

2408 2340 2717 2414 quant-um
2775 2334 2854 2395 ad
2906 2334 3303 2414 operat-iones
3358 2332 3633 2396 invicem
3689 2351 3906 2394 succe-

2408 2433 2628 2494 dentes
2659 2439 2721 2494 et
2750 2433 3307 2495 vicissitudinataS.
3342 2434 3550 2495 Potest
3585 2432 3780 2494 etiam
3809 2451 3908 2493 re-

2408 2530 2728 2611 sponderi,
2765 2532 2932 2612 quod
2963 2531 3281 2594 aeternitas
3311 2538 3519 2593 creata
3551 2550 3666 2593 seu
3695 2550 3906 2593 aevum

2409 2645 2535 2689 non
2591 2633 2688 2689 est
2739 2633 2870 2688 tota
2925 2627 3118 2689 simul
3174 2628 3259 2689 ita
3312 2626 3590 2709 perfecte
3642 2646 3717 2690 ac
3771 2645 3913 2709 pro-

2408 2726 2548 2806 pria
2575 2725 2811 2787 virtute
2852 2726 3018 2787 sicut
3047 2726 3364 2788 aeternitas
3397 2725 3676 2789 increata
3709 2744 3723 2787 ε
3758 2745 3906 2787 nam

2405 2831 2469 2883 et
2509 2823 2978 2886 successionem
3023 2832 3332 2905 quantum
3375 2825 3453 2886 ad
3490 2824 3774 2887 actiones
3817 2842 3912 2886 se—

2407 2939 2554 2983 cum
2606 2921 2907 2995 admittit,
2961 2941 3102 3004 quae
3152 2929 3366 2985 'tamen
3417 2940 3543 2984 non
3591 2940 3750 2996 aev0,
3796 2922 3908 2983 sed

797 3026 893 3081 est
921 3019 1210 3102 accipere
1250 3020 1722 3081 successionem
1752 3028 1815 3081 et
1847 3028 2077 3102 ραι-163,
2110 3020 2294 3082 aliter
2331 3026 2375 3089 C
2407 3027 2691 3101 tempore
2749 3021 3024 3101 quodam
3080 3020 3374 3095 discreto,
3429 3020 3638 3082 metiri
3695 3020 3910 3082 ferun-

795 3126 1008 3180 tamen
1041 3138 1231 3201 quam
1266 3118 1332 3179 in
1370 3126 1681 3199 tempore,
1717 3118 1882 3180 sicut
1917 3138 2292 3201 expressum

794 3223 911 3291 est,
936 3214 1023 3278 ita
1052 3217 1221 3299 quod
1255 3216 1319 3278 in
1350 3234 1486 3279 aevo
1516 3217 1599 3279 sit
1630 3217 1978 3279 durationis
2008 3218 2295 3280 extensio

794 3314 933 3375 sine
984 3314 1411 3387 innovatione,
1446 3314 1791 3376 variatione
1840 3334 1911 3376 ac
1960 3317 2292 3377 veteratio-

794 3430 874 3473 ne
910 3430 924 3473 :
960 3412 1109 3494 quia
1150 3413 1505 3474 secundum
1547 3431 1676 3487 603,
1712 3412 1962 3474 nullum
2007 3420 2291 3475 creatum

794 3509 987 3571 unico
1024 3516 1169 3571 actu
1209 3509 1490 3591 simplici
1534 3518 1737 3572 totum
1782 3530 1970 3573 suum
2011 3512 2293 3593 possidet

792 3625 950 3669 esse.
986 3607 1140 3669 Nam
1175 3616 1245 3669 ut
1285 3607 1351 3669 in
1391 3607 1554 3670 libro
1595 3608 1671 3669 (16
1703 3608 1921 3685 Causis
1963 3608 2288 3691 probatur,

792 3705 1042 3767 nullum
1087 3712 1371 3767 creatum
1413 3706 1648 3787 accipit
1692 3706 2039 3769 bonitatem
2087 3706 2292 3769 fluen-

788 3810 920 3865 tem
960 3824 996 3865 a
1034 3804 1246 3885 primo
1288 3804 1641 3866 secundum
1682 3805 1941 3866 modum
1986 3806 2292 3887 simplici-

788 3902 935 3965 tatis
978 3920 1105 3987 quo
1147 3910 1245 3965 est
1289 3903 1352 3964 in
1402 3903 1626 3985 prim0.
1663 3902 1893 3985 Sicque
1936 3924 2135 3985 quum
2181 3924 2288 3967 ne-

789 4008 979 4083 queat
1027 4001 1311 4084 recipere
1369 4020 1509 4064 esse
1562 4022 1749 4064 suum
1804 4009 2007 4064 totum
2067 4003 2284 4078 simul,

786 4098 1021 4181 accipit
1052 4100 1210 4162 illud
1252 4101 1605 4162 secundum
1644 4100 1791 4162 fieri
1832 4119 1945 4181 per
1975 4109 2185 4182 partes
2225 4109 2288 4163 et

2405 3125 2525 3179 tur.
2561 3154 2641 3163 —
2668 3116 2762 3180 Ad
2791 3117 2967 3180 aliud
2998 3119 3437 3200 respondetur,
3474 3119 3643 3200 quod
3681 3119 3908 3199 utique

2405 3216 2782 3298 simplicitas
2831 3217 2949 3280 aevi
2997 3236 3034 3278 a
3075 3216 3484 3298 simplicitate
3531 3216 3903 3279 aeternitatis

2404 3314 2758 3396 plurimum
2798 3316 2986 3377 distat
3022 3334 3096 3376 ac
3136 3314 3378 3389 deficit,
3412 3334 3536 3377 non
3577 3322 3792 3377 tamen
3835 3315 3903 3377 in

2402 3420 2649 3475 tantum
2684 3414 2852 3495 quod
2892 3414 3124 3495 prioris
3153 3422 3216 3475 et
3254 3414 3620 3495 posterioris
3653 3432 3901 3476 succes-

2403 3512 2648 3573 sionem
2683 3512 2986 3586 includat,
3021 3513 3131 3574 sed
3163 3512 3313 3594 quia
3342 3512 3678 3593 dependet,
3703 3518 3766 3575 et
3793 3530 3904 3594 po-

2403 3610 2844 3673 tentialitatem
2878 3610 3068 3672 habet
3095 3610 3470 3685 admixtam,
3503 3629 3622 3673 nec
3651 3630 3902 3673 succes-

2402 3709 2646 3771 sionem
2700 3726 2960 3790 prorsus
3011 3708 3294 3770 excludit
3349 3728 3386 3769 a
3439 3726 3556 3771 suo
3610 3708 3904 3788 subjecto

2401 3824 2514 3867 seu
2564 3815 2946 3868 mensurato,
2999 3842 3080 3850 --
3124 3806 3218 3868 Ad
3267 3806 3552 3881 tertium,
3597 3807 3768 3889 quod
3819 3806 3906 3869 lo-

2399 3906 2652 3985 quendo
2684 3906 2761 3967 de
2803 3904 3122 3966 infinitate
3154 3924 3281 3986 qua
3315 3924 3524 3968 aevum
3555 3912 3652 3967 est
3683 3905 3903 3967 infini-

2398 4011 2558 4078 tum,
2594 4022 2719 4065 non
2759 4012 2856 4064 est
2895 4003 3352 4065 inconveniens
3395 4002 3724 4065 infinitum
3760 4022 3902 4066 esse

2399 4100 2591 4163 simul
2633 4102 2698 4163 in
2741 4109 2884 4162 actu
2923 4118 2936 4161 :
2972 4101 3122 4184 quia
3162 4100 3448 4163 infinitas
3488 4101 3598 4164 illa
3637 4120 3764 4164 non
3805 4111 3903 4165 est

785 4204 1018 4278 partes,
1054 4206 1122 4259 ut
1153 4198 1245 4259 sic
1276 4198 1577 4261 aevitcrna
1608 4216 1726 4261 nec
1756 4199 2108 4261 secundum
2140 4200 2287 4261 sub—
2317 4203 2366 4265 D
2401 4200 2685 4261 infinitas
2726 4199 3159 4281 perfectioniS,
3195 4219 3401 4281 neque
3441 4200 3753 4275 essentiae,
3786 4202 3898 4263 sed

785 4295 1083 4357 stantiam
1134 4314 1251 4357 nec
1294 4297 1644 4358 secundum
1698 4296 2130 4379 operationem
2182 4298 2287 4360 ha-

785 4393 977 4455 beant
1026 4394 1559 4456 immobilitatem.
1614 4396 1992 4457 Hesternum
2043 4396 2284 4478 quippe

784 4512 923 4555 esse
973 4511 1217 4567 eorum,
1250 4500 1314 4555 et
1355 4494 1757 4568 hodiernum,
1791 4513 1863 4557 ac
1907 4496 2280 4572 crastinum,

784 4609 912 4655 non
969 4598 1119 4654 sunt
1174 4591 1389 4667 simul,
1442 4611 1648 4675 neque
1710 4612 1910 4655 unum
1968 4602 2031 4655 et
2090 4594 2277 4657 idem.

784 4690 937 4753 Esse
986 4690 1189 4765 enim,
1215 4692 1568 4753 secundum
1622 4691 1797 4766 istos,
1838 4710 1965 4754 non
2014 4699 2111 4755 est
2158 4694 2282 4755 nisi

785 4790 1086 4853 continua
1126 4789 1463 4852 influentia
1504 4810 1541 4852 a
1584 4790 1794 4872 primo
1832 4790 2166 4873 principie.
2203 4828 2284 4838 —-

784 4888 904 4951 Sed
934 4889 1103 4950 istud
1134 4896 1298 4950 stare
1330 4906 1455 4950 non
1488 4894 1715 4969 potest,
1749 4889 1900 4971 quia
1928 4891 2282 4954 secundum

781 4988 939 5061 haec,
972 4987 1291 5049 successio
1332 4986 1441 5048 illa
1480 4988 1955 5050 innovationem
1998 4989 2282 5051 include-

780 5094 897 5160 ret,
931 5086 1177 5147 scilicet
1216 5094 1536 5148 recentem
1580 5105 1690 5149 seu
1732 5106 1961 5149 novam
2004 5088 2280 5150 influen-

782 5184 933 5245 tiam
988 5182 1163 5245 illam
1213 5182 1662 5246 indesinenter.
1716 5184 1792 5246 Et
1839 5185 2008 5266 quod
2059 5184 2281 5246 dicunt

778 5281 1029 5344 nullum
1070 5289 1351 5344 creatum
1398 5290 1600 5345 totum
1644 5303 1833 5345 suum
1884 5302 2023 5345 esse
2078 5284 2277 5365 possi-

2399 4298 2770 4372 durationiS,
2804 4318 2946 4379 quae
2995 4298 3159 4360 ultra
3201 4298 3517 4360 finitatem
3561 4318 3692 4361 suoe
3739 4300 3900 4360 cnti-

2397 4396 2540 4457 tatis
2580 4404 2644 4457 et
2683 4395 3095 4477 perfectionis
3134 4415 3259 4459 non
3299 4396 3475 4458 addit
3506 4396 3629 4458 nisi
3660 4397 3900 4477 negati-

2396 4512 2583 4556 onem
2621 4494 3068 4556 destructionis
3110 4512 3221 4557 seu
3256 4494 3588 4557 desitionis
3619 4494 3701 4557 ab
3733 4514 3892 4558 esse.

2393 4629 2474 4639 —-
2501 4594 2595 4655 Ad
2627 4600 2948 4674 quartum,
2978 4594 3147 4676 quod
3180 4594 3245 4655 in
3275 4612 3410 4657 (6νο
3441 4594 3693 4655 realiter
3724 4602 3788 4656 et
3815 4613 3898 4657 ex

2395 4712 2510 4754 sua
2559 4700 2783 4755 natura
2827 4709 2954 4754 non
3001 4700 3098 4754 est
3141 4692 3266 4754 nisi
3309 4711 3470 4767 esse,
3505 4710 3630 4755 non
3681 4700 3898 4755 autem

2394 4790 2593 4852 fuisse
2623 4809 2742 4853 nec
2772 4790 2929 4865 fore,
2964 4791 3087 4853 nisi
3127 4810 3241 4873 per
3271 4792 3786 4853 coexsistentiam
3815 4792 3898 4853 ad

2395 4895 2671 4970 tempus,
2707 4897 2776 4950 ut
2816 4889 3056 4951 dictum
3099 4897 3210 4951 est.
3247 4889 3391 4953 Ideo
3430 4888 3725 4971 quamvis
3759 4908 3899 4952 aevo

2394 4987 2792 5069 impossibile
2854 4988 2936 5049 sit
2994 5005 3122 5049 non
3181 4988 3575 5050 coexstitisse
3634 4997 3898 5069 praeter-

2394 5087 2554 5148 itum
2589 5087 2759 5168 quod
2790 5086 2848 5149 ei
2877 5086 3006 5166 jam
3043 5086 3296 5149 realiter
3324 5086 3664 5161 coexstitit‚
3689 5086 3898 5150 nihilo

2395 5184 2610 5247 minus
2653 5184 2956 5266 possibile
3004 5192 3193 5265 atque
3242 5184 3645 5266 intelligibile
3689 5192 3785 5247 est
3829 5187 3894 5249 ei

2391 5301 2518 5346 non
2550 5284 2929 5345 coexsistere
2964 5290 3214 5363 tempus
3247 5282 3890 5365 futurum,quoniam

3935 1920 4044 1958 ets.
