4334 6242
1103 515 1305 561 urum!
1349 515 1572 562 Ausim
1616 515 1800 560 rnAvi
1845 514 1980 560 surr
2022 514 2342 561 onsrlm‘n
2385 514 2449 561 m
2491 514 2694 572 vrr11S,
2737 514 2864 561 mc.
3421 494 3536 561 371

419 783 701 845 viscetur
745 782 1031 845 misereri
1082 784 1271 856 DeUS‚
1305 790 1414 845 aut
1462 782 1814 845 continebit
1859 783 1926 845 in

417 880 512 942 ira
553 900 670 942 sua
701 881 1170 944 misericordias
1215 884 1406 943 suas?

493 979 566 1041 In
615 979 985 1062 oppositum
1030 986 1180 1042 sunt
1222 999 1364 1061 quae
1407 980 1816 1043 continentur
1860 980 1924 1041 in

421 1076 651 1140 littera.

493 1276 591 1339 Ad
639 1274 762 1339 boc
810 1274 1252 1339 Bonaventura
1300 1275 1658 1359 respondet.
1705 1275 1919 1339 Sancti

413 1382 475 1437 et
537 1372 948 1437 auctoritates
1010 1381 1344 1449 testantur,
1401 1375 1572 1455 quod
1631 1374 1926 1437 voluntas

412 1471 654 1535 diaboli
713 1472 1077 1535 nullatenus
1137 1480 1344 1554 potest
1404 1471 1769 1546 rectificari,
1831 1490 1925 1534 se-

414 1572 699 1633 cundum
742 1570 912 1652 quod
954 1570 1074 1633 hoc
1107 1571 1400 1645 verbum,
1433 1578 1662 1653 potest,
1699 1570 1922 1652 praedi-

414 1676 512 1731 cat
543 1670 872 1751 quamdam
901 1669 1247 1751 potentiam
1278 1669 1616 1733 habentem
1646 1669 1921 1750 aliquam

413 1768 882 1831 ordinationem
920 1769 998 1831 ad
1029 1777 1264 1831 actum.
1299 1769 1362 1831 Si
1403 1768 1577 1831 enim
1610 1768 1922 1849 intelliga-

299 715 388 751 m.
418 683 540 747 diae
571 683 1044 762 recordaberis3
1078 684 1381 766 itemque,
1413 684 1741 766 Numquid
1771 684 1927 746 obli·
1957 684 2008 746 A
2039 685 2365 766 paratione
2397 685 2602 767 culpae
2632 685 2709 747 ad
2740 683 3142 747 severitatem
3170 683 3536 764 judicantis.

2038 782 2195 855 Quia
2234 784 2405 845 enim
2448 783 2737 845 diabolus
2776 790 2839 845 et
2877 782 3086 864 angeli
3125 782 3265 863 ejus
3309 781 3545 863 gravis-

2037 881 2199 943 sime
2230 889 2674 963 peccaverunt,
2694 882 2860 943 Deus
2889 899 3149 943 severus
3176 880 3373 960 judex
3400 898 3544 943 mox

2039 997 2146 1042 eos
2187 980 2513 1042 damnavit
2548 997 2561 1041 :
2598 980 3139 1061 quemadmodum
3176 979 3374 1059 judex
3413 997 3545 1041 ma·

2037 1096 2237 1159 gnum
2278 1078 2589 1141 latronem
2630 1079 2697 1141 in
2739 1078 2910 1162 turpi
2954 1078 3289 1142 latrocinio
3326 1078 3547 1160 depre-

2037 1176 2333 1251 hensum,
2386 1176 2599 1239 statim
2660 1176 2813 1239 facit
2871 1176 3198 1259 suspendi,
3250 1176 3545 1257 quamvis

2037 1275 2458 1358 suspendium
2490 1274 2747 1339 differat
2778 1275 2956 1359 parvi
2991 1274 3274 1350 latroniS‚
3299 1274 3411 1357 qui
3440 1274 3549 1337 ali·

2036 1392 2229 1456 quam
2282 1373 2497 1437 forsan
2544 1374 3018 1437 excusationem
3069 1372 3279 1436 habet.
3313 1407 3394 1418 —
3424 1372 3545 1436 Sed

2036 1471 2173 1535 haec
2211 1473 2373 1536 ratio
2402 1472 2814 1554 rongi-uitatis
2852 1480 2967 1536 est.
3001 1473 3159 1536 Nam
3199 1479 3335 1535 esto
3372 1472 3544 1554 quod

2035 1570 2329 1633 diabolus
2376 1572 2589 1634 minus
2638 1578 2985 1653 peccasset,
3018 1580 3173 1633 tunc
3221 1571 3545 1633 videretur

2036 1686 2223 1751 posse
2272 1670 2516 1749 redire3
2548 1677 2610 1731 et
2654 1688 2768 1732 nos
2811 1671 3126 1743 videmus,
3161 1670 3329 1751 quod
3378 1669 3545 1731 Deus

2037 1764 2406 1847 frequenter
2438 1767 2591 1830 facit
2621 1767 3126 1830 misericordiam
3169 1786 3316 1828 cum
3348 1766 3545 1829 scele-

411 1876 517 1928 tur
546 1867 628 1929 de
657 1866 945 1948 potentia
973 1866 1323 1930 efficientis
1353 1867 1665 1942 absolute,
1698 1866 1920 1948 utique
1959 1868 2007 1933 B
2038 1865 2375 1927 ratissimis
2424 1866 2817 1941 hominibUS,
2869 1876 2933 1928 et-
2982 1866 3305 1928 interdum
3356 1884 3544 1947 quos·

411 1973 641 2046 potens
679 1972 778 2027 est
817 1965 982 2027 Deus
1024 1966 1358 2027 restituere
1397 1966 1650 2028 diabolo
1689 1964 1921 2027 bonam

413 2064 846 2143 voluntatem3
879 2064 990 2126 sed
1033 2082 1111 2127 ex
1154 2072 1331 2146 parte
1374 2064 1610 2127 diaboli
1655 2082 1780 2127 non
1827 2071 1925 2125 est

411 2162 731 2226 ordinatio
759 2162 975 2244 aliqua
1002 2162 1081 2225 ad
1112 2162 1233 2224 hoc
1259 2162 1428 2225 :imo
1457 2162 1624 2225 facta
1654 2170 1750 2225 est
1781 2161 1921 2242 ejus

411 2261 709 2324 voluntas
765 2261 844 2323 ad
903 2262 1025 2323 hoc
1086 2260 1526 2344 impossibilis,
1580 2268 1650 2322 ut.
1708 2260 1922 2323 Sancti

411 2366 728 2422 testantur
783 2367 847 2422 et
896 2360 1173 2423 rationes
1223 2359 1584 2421 ostendunt.
1640 2358 1814 2432 Quod
1867 2358 1920 2420 si

413 2474 604 2517 causa
635 2455 832 2536 hujus
873 2455 1410 2537 impossibilitatis
1442 2462 1795 2537 quaeratur3
1829 2454 1922 2516 di-

413 2553 715 2627 cendum,
749 2553 920 2635 quod
959 2554 1038 2616 ad
1077 2553 1528 2616 rectitudinem
1567 2570 1641 2614 ac
1680 2552 1921 2614 rectifi-

413 2650 730 2713 cationem
766 2650 1111 2714 voluntatis
1152 2668 1266 2732 per
1304 2650 1551 2713 actuale
1587 2657 1920 2733 peccatum

415 2749 628 2831 lapsoe,
663 2749 790 2811 duo
821 2757 1232 2824 concurrunt,
1257 2749 1576 2824 videlicet,
1611 2748 1924 2831 poeniten-

415 2847 502 2909 tia
529 2866 608 2909 ex
640 2854 817 2930 parte
847 2847 1215 2922 voluntatis,
1249 2856 1311 2910 et
1340 2848 1541 2929 gratia
1581 2867 1810 2909 sanans
1845 2865 1922 2909 ex

415 2953 594 3028 parte
642 2946 754 3007 Dei
801 2963 814 3008 :
858 2964 1130 3027 quorum
1177 2954 1523 3029 utrumque
1573 2946 1747 3008 deest
1796 2945 1924 3007 dia-

2037 1961 2183 2023 dam
2223 1964 2334 2045 qui
2380 1963 2703 2027 modicum
2744 1969 3191 2045 peccaverunt,
3232 1961 3545 2043 demergit

2034 2060 2101 2121 in
2151 2060 2497 2125 infernum.
2540 2063 2686 2125 Ideo
2735 2061 2895 2124 ratio
2946 2060 3055 2123 illa
3102 2068 3352 2124 tantum
3400 2079 3546 2124 con·

2031 2158 2273 2239 gruitas
2318 2168 2435 2223 est.

2112 2257 2238 2320 Alii
2288 2267 2701 2341 sumpserunt
2744 2259 3054 2321 rationem
3099 2276 3178 2321 ex
3222 2276 3546 2340 compara-

2033 2355 2205 2419 tione
2246 2357 2451 2439 culpae
2489 2358 2568 2419 ad
2609 2365 2899 2420 naturam
2941 2357 3287 2440 peccantis,
3324 2364 3543 2439 utpote

2034 2453 2187 2534 quia
2217 2473 2489 2535 peccans
2519 2454 2641 2516 fuit
2673 2454 3027 2517 substantia
3062 2454 3323 2517 omnino
3355 2454 3545 2536 spiri-

2033 2552 2245 2626 tualiS,
2279 2571 2406 2616 non
2438 2552 2682 2616 habens
2714 2553 2962 2636 pondus
3002 2553 3252 2631 carnis3
3290 2560 3353 2615 et
3391 2553 3547 2635 quia

2033 2650 2391 2714 substantia
2439 2650 2793 2734 spiritualis
2841 2658 2937 2713 est
2982 2669 3237 2733 semper
3280 2651 3347 2713 in
3397 2660 3543 2714 actu

2034 2766 2173 2821 suo,
2208 2757 2468 2831 propter
2497 2750 2666 2832 quod
2699 2768 2827 2812 non
2858 2748 3149 2823 lassatur,
3186 2749 3315 2812 imo
3347 2749 3545 2812 conti-

2034 2864 2164 2909 nuo
2215 2847 2406 2909 habet
2454 2848 2845 2911 voluntatem
2908 2848 3356 2921 inordinatam,
3409 2867 3545 2930 gra-

2033 2945 2318 3027 tiamque
2348 2946 2681 3028 impugnat
2711 2946 3052 3008 continue:
3080 2946 3223 3009 ideo
3251 2946 3311 3009 ei
3342 2945 3544 3028 gratia

415 3042 594 3123 bolo;
619 3043 762 3106 ideo
790 3043 968 3107 deest
996 3044 1056 3107 ei
1086 3044 1192 3107 via
1221 3044 1702 3107 rectificationis
1731 3043 1924 3106 omni·
1959 3053 2003 3117 (3
2032 3060 2162 3105 non
2203 3042 2493 3106 offertur.
2527 3080 2609 3090 —
2635 3044 2869 3106 Verum
2915 3044 3190 3107 rationes
3234 3044 3369 3107 istae
3413 3062 3541 3107 non

413 3158 519 3203 no.
554 3140 620 3203 Si
649 3148 866 3204 autem
897 3149 1237 3223 quaeratur,
1258 3142 1411 3224 quid
1443 3143 1675 3204 horum
1704 3150 1800 3204 est
1831 3160 1923 3203 ra-

414 3238 506 3300 tio
535 3238 826 3301 defectus
857 3240 1154 3318 alterius3
1188 3240 1725 3322 respondendum,
1750 3240 1920 3321 quod

415 3336 887 3418 impoenitentia
916 3336 1152 3401 diaboli
1193 3346 1290 3400 est
1328 3337 1488 3400 ratio
1517 3338 1688 3420 quod
1722 3338 1924 3419 gratia

414 3442 667 3516 gratum
709 3435 950 3498 faciens
991 3436 1168 3498 deest
1203 3436 1284 3509 ei,
1321 3436 1472 3518 quia
1498 3437 1576 3498 ad
1617 3454 1758 3498 eam
1793 3454 1923 3518 poe·

415 3532 686 3595 nitentia
735 3532 1031 3595 informis
1078 3533 1378 3616 disponit.
1422 3533 1683 3609 RursuS,
1725 3534 1780 3596 si
1830 3534 1922 3596 in-

415 3632 789 3713 vestigetur,
839 3650 954 3694 cur
1001 3630 1223 3695 deficit
1267 3633 1324 3695 ei
1375 3632 1788 3715 poenitentia3
1829 3633 1921 3696 di-

417 3730 716 3804 cendum,
769 3729 920 3810 quia
977 3729 1198 3793 deficit
1249 3730 1450 3812 gratia
1500 3730 1694 3812 gratis
1753 3732 1918 3806 data,

417 3846 558 3909 quae
597 3827 909 3909 praevenit
951 3827 1342 3891 voluntatem
1388 3836 1459 3889 ut
1500 3829 1825 3910 poeniteat,
1858 3837 1922 3892 et

417 3926 554 3988 sine
586 3944 715 4007 qua
742 3944 812 3988 se
843 3944 1032 3988 nemo
1062 3945 1344 4008 unquam
1373 3927 1449 3988 ad
1479 3928 1741 4008 gratiam
1772 3947 1924 4009 prae-

418 4032 616 4107 parat,
651 4032 724 4086 ut
756 4024 984 4086 melius
1012 4024 1144 4103 J'am
1186 4025 1446 4106 patebit.
1481 4024 1546 4088 Si
1579 4035 1916 4107 quaeratur,

419 4124 586 4185 unde
635 4123 854 4185 veniat
898 4122 1184 4185 defectus
1230 4124 1448 4203 gratiae
1495 4124 1688 4205 gratis
1738 4125 1917 4201 datae,

2033 3147 2184 3202 sunt
2240 3141 2657 3204 necessitatis.
2712 3142 2873 3203 Tum
2927 3141 3231 3222 quoniam
3290 3141 3539 3223 pondus

2034 3239 2243 3301 carnis
2300 3257 2427 3302 non
2482 3239 2815 3302 inclinavit
2866 3239 3149 3321 primum
3208 3241 3537 3304 hominem

2031 3337 2111 3399 ad
2155 3346 2489 3419 peccatum
2525 3355 2539 3400 :
2575 3338 2813 3400 idcirco
2853 3356 2971 3400 nec
3010 3338 3169 3400 adeo
3207 3338 3538 3400 excusavit

2031 3434 2175 3515 ejus
2233 3442 2590 3516 peccatum,
2642 3442 2712 3496 ut
2770 3434 3104 3498 sortiretur
3156 3436 3533 3499 remedium.

2030 3534 2158 3596 Nec
2188 3540 2449 3596 econtra
2488 3533 2768 3595 carentia
2807 3534 3016 3597 carnis
3052 3533 3120 3596 in
3158 3542 3405 3597 tantum
3438 3552 3542 3617 ag-

2031 3632 2317 3711 gravavit
2362 3638 2695 3712 peccatum
2735 3631 2995 3707 diaboli,
3030 3650 3149 3694 nec
3190 3633 3403 3714 ipsum
3446 3633 3539 3695 sic

2032 3729 2390 3811 impedivit.
2456 3728 2887 3792 Consimiliter
2943 3748 3062 3792 nec
3121 3729 3247 3793 alia
3308 3730 3471 3793 ratio
3522 3747 3539 3794 ε

2031 3828 2335 3911 quoniam
2377 3828 2645 3910 gratiam
2685 3829 2879 3910 gratis
2920 3829 3130 3892 datam
3170 3827 3541 3910 frequenter

2029 3928 2136 3989 dat
2173 3928 2341 3990 Deus
2380 3926 2628 3989 homini
2672 3926 2999 3992 exsistenti
3047 3927 3115 3990 in
3156 3928 3388 3991 actuali
3433 3945 3539 3990 vo-

2031 4027 2273 4089 luntate
2305 4026 2633 4109 peccandi,
2666 4027 2819 4107 quia
2847 4026 2981 4089 haec
3012 4034 3133 4089 stat
3164 4026 3354 4089 simul
3388 4045 3535 4089 cum

2031 4125 2238 4208 culpa.
2274 4125 2431 4187 Nam
2472 4125 2701 4187 Paulus
2732 4124 2799 4186 in
2831 4125 2935 4187 via
2964 4133 3027 4189 et
3055 4132 3201 4188 actu
3240 4142 3535 4207 persecu·

418 4220 517 4285 vel
548 4240 694 4305 quae
723 4221 810 4283 sit
849 4220 1008 4285 ratio
1045 4220 1186 4302 ejus
1221 4239 1235 4283 :
1271 4222 1512 4304 absque
1550 4223 1746 4286 dubio
1784 4243 1922 4306 gra·
1950 4226 2000 4291 D
2031 4223 2226 4286 tionis
2268 4222 2565 4286 fidelium
2604 4223 2729 4286 fuit
2768 4224 3131 4287 admonitus
3172 4231 3235 4286 et
3274 4240 3534 4287 conver-

419 4320 522 4384 tiae
548 4320 746 4402 gratis
778 4320 937 4383 datae
967 4318 1254 4383 defectus
1286 4338 1414 4383 non
1452 4329 1661 4402 potest
1687 4322 1922 4385 habere

421 4436 675 4481 causam
705 4417 834 4481 nisi
873 4417 1321 4497 deficientem3
1355 4418 1574 4501 sicque
1605 4438 1723 4481 nec
1755 4420 1922 4484 Deus

419 4536 626 4600 neque
653 4525 874 4579 natura
901 4516 1110 4599 angeli
1143 4523 1350 4599 potest
1378 4536 1513 4579 esse
1543 4518 1749 4599 prima
1777 4519 1925 4602 ipsi·

421 4634 492 4678 us
535 4635 750 4690 causa,
792 4616 903 4678 sed
951 4616 1311 4678 necessario
1361 4616 1497 4697 ipsa
1547 4617 1755 4699 culpa,
1798 4637 1923 4699 qua

421 4714 709 4778 diabolus
762 4714 848 4777 ita
889 4716 1215 4797 aegrotavit
1259 4723 1323 4777 et
1363 4723 1642 4797 aegrotat,
1679 4722 1751 4776 ut
1792 4734 1920 4778 non

423 4821 628 4895 pateat
661 4814 727 4875 in
767 4831 843 4876 eo
879 4813 1091 4876 aditus
1129 4814 1366 4895 gratiae.
1405 4813 1479 4874 Et
1519 4812 1584 4874 in
1624 4812 1744 4875 hoc
1776 4832 1924 4876 con-

422 4914 704 4975 sentiunt
735 4912 1162 4975 communiter
1190 4930 1412 4976 omnes
1443 4911 1555 4994 qui
1596 4912 1765 4974 circa
1796 4930 1925 4974 ma-

425 5012 647 5074 teriam
693 5012 857 5073 hanc
901 5011 1184 5073 sentiunt
1228 5019 1417 5074 recte.

501 5111 622 5173 Sed
663 5112 833 5173 unde
875 5110 1065 5192 culpa
1103 5111 1337 5173 diaboli
1379 5111 1543 5173 hanc
1583 5110 1809 5173 habeat
1847 5111 1927 5173 ir-

429 5208 1044 5282 remediabilitatem,
1077 5209 1344 5273 diversae
1384 5216 1532 5271 sunt
1565 5208 1920 5290 opiniones.

503 5308 772 5382 Quidam
801 5308 976 5371 enim
1008 5308 1306 5372 dixerunt
1337 5309 1455 5371 hoc
1483 5325 1622 5369 esse
1653 5326 1729 5369 ex
1763 5324 1926 5370 com·

2031 4341 2160 4385 sus.
2216 4322 2377 4385 Sunt
2421 4330 2635 4385 tamen
2684 4321 3111 4402 congruitates
3160 4321 3450 4403 quaedam
3498 4340 3536 4387 a

2033 4422 2248 4485 latere.

2113 4518 2236 4582 Alii
2278 4525 2692 4601 sumpserunt
2730 4517 3042 4581 rationem
3083 4533 3159 4580 ex
3192 4524 3370 4600 parte
3406 4516 3535 4583 cul-

2033 4637 2131 4699 pae
2180 4618 2389 4681 rela'tae
2441 4617 2519 4679 ad
2570 4617 2828 4680 modum
2879 4616 3209 4698 peccandi,
3262 4634 3378 4698 per
3429 4633 3537 4699 op-

2033 4716 2313 4799 positum
2361 4716 2439 4778 ad
2489 4715 2767 4779 hominis
2817 4723 3171 4797 peccatum.
3224 4714 3535 4789 Quoniam

2033 4815 2209 4877 enim
2258 4814 2449 4876 homo
2494 4814 2619 4877 alio
2668 4820 3043 4895 suggerente
3092 4814 3403 4895 peccavit,
3442 4814 3533 4876 di-

2033 4929 2231 4992 gnum
2263 4911 2388 4973 fuit
2423 4930 2573 4973 eum
2610 4910 2736 4973 alio
2777 4909 3053 4973 liberari.
3088 4908 3349 4986 RursuS,
3383 4913 3534 4994 quia

2035 5019 2238 5073 totum
2287 5028 2487 5092 genus
2537 5010 2891 5072 humanum
2940 5008 3277 5084 ceciderat,
3315 5029 3395 5071 ne
3444 5018 3533 5075 to-

2036 5116 2172 5168 tum
2221 5108 2479 5189 periret,
2513 5126 2865 5189 congruum
2914 5106 3037 5169 fuit
3085 5108 3163 5169 ad
3210 5106 3533 5169 rectitudi-

2035 5224 2182 5269 nem
2214 5206 2374 5268 illud
2406 5204 2643 5269 reduci.
2677 5204 2898 5287 Angeli
2940 5213 3155 5267 autem
3192 5224 3305 5287 per
3338 5212 3532 5267 tenta-

2037 5305 2277 5368 tionem
2308 5321 2435 5366 non
2466 5311 2912 5386 peccaverunt,
2948 5304 3223 5367 maxime
3254 5302 3527 5366 Lucifer.

3598 4142 3702 4189 Act.
3732 4154 3789 4188 tx.
