4334 6242
588 526 675 573 AN
715 530 942 576 DAEMON
986 530 1178 577 sEuEL
1221 530 1429 578 vtcws
1473 532 1552 579 AB
1595 533 1851 590 HOMINE,
1895 533 1974 579 ΟΕ
2017 533 2246 580 CETERO
2287 535 2326 581 A
2370 534 2751 582 TENTATIONE
2790 536 3101 593 DnstsTAT,
3143 533 3271 581 mc.

3376 514 3495 579 363

468 698 733 761 Videtur
763 702 930 783 quod
963 719 1108 763 non.
1143 702 1375 777 Prim0‚
1410 704 1559 784 quia
1589 711 1659 765 ut
1688 704 1888 765 credi·
1918 703 1971 766 A
1999 712 2095 767 ter
2148 715 2548 769 removeatur
2593 714 2886 780 tentator,
2932 704 3355 768 determinare
3400 711 3495 766 est

105 810 357 914 {vascam
387 804 512 872 tur,
547 798 794 880 primus
827 801 934 862 ille
962 809 1245 882 apostata
1275 804 1538 865 tentavit
1567 803 1886 865 Christum

388 896 456 957 in
499 915 736 971 erem0‚
767 897 1019 981 fuitque
1063 900 1268 963 victus
1304 918 1316 961 ε
1351 909 1416 962 et
1459 907 1668 962 tamen
1712 900 1885 965 Chri-

387 1003 524 1057 stus
555 996 714 1058 dixit
743 998 821 1059 de
851 998 984 1071 illc,
1008 998 1307 1061 videlicet.
1339 1007 1622 1080 tempore
1655 1000 1883 1073 Coenae,

103 1107 358 1209 ζζαιυωιτ,
385 1094 573 1157 Venit
609 1096 688 1157 ad
729 1115 832 1157 me
873 1096 1172 1178 princeps
1212 1098 1434 1159 mundi
1476 1099 1690 1179 hujus,
1725 1106 1786 1161 et
1823 1099 1885 1161 in

385 1211 490 1254 me
521 1211 647 1256 non
681 1193 870 1255 habet
899 1195 1268 1277 quidquam.
1295 1233 1370 1243 -
1405 1196 1714 1270 Secund0‚
1737 1197 1888 1278 quia

103 1292 454 1354 m.·v,1³.in
513 1292 858 1373 Evangelio
917 1293 1167 1373 legitur,
1223 1296 1392 1376 quod
1450 1304 1887 1358 consummata

387 1390 561 1451 omni
608 1392 974 1463 tentatione,
1008 1392 1298 1457 diabolus
1343 1394 1602 1457 recessit
1641 1414 1678 1456 a
1717 1395 1889 1457 Chri-

385 1496 484 1551 sto
513 1490 591 1551 ad
624 1495 896 1571 tempus.
923 1491 1056 1563 Quo
1085 1491 1281 1554 verbo
1314 1492 1691 1565 insinuatur,
1717 1493 1886 1574 quod

385 1605 512 1650 non
543 1588 807 1649 recessit
847 1589 1128 1664 omnino,
1163 1590 1270 1651 sed
1313 1590 1500 1651 rediit
1539 1600 1772 1671 postea.
1807 1627 1888 1635 —

385 1686 616 1758 Tertio,
663 1693 1040 1749 tentatorem
1099 1687 1286 1749 toties
1343 1687 1686 1762 vincimuS‚
1736 1707 1888 1769 quo-

383 1784 504 1845 ties
535 1784 678 1864 ejus
710 1784 1099 1865 suggestioni
1131 1803 1512 1847 consensum
1545 1804 1880 1867 negamus:

1997 804 2287 866 difficile.
2316 806 2459 867 l'deo
2489 805 2801 886 quidquid
2831 804 2999 866 dicat
3028 804 3349 884 OrigeneS,
3375 821 3498 864 me·

1999 902 2121 963 lius
2161 911 2256 966 est
2296 923 2488 985 super
2527 904 2646 966 hoc
2686 904 2999 977 dubitare,
3032 921 3222 984 quam
3253 900 3495 982 aliquid

1997 1002 2287 1065 definire.
2336 1004 2477 1065 Haec
2520 1004 2978 1066 Bonaventura.

2077 1100 2430 1163 Alexander
2459 1120 2711 1183 quoque
2748 1118 2761 1163 ε
2794 1100 3229 1175 AdamantiuS,
3263 1100 3493 1181 inquit,

1995 1200 2087 1277 (id
2149 1206 2245 1261 est
2301 1200 2629 1281 Origenes)
2675 1200 2975 1262 disseruit
3028 1216 3039 1259 :
3094 1198 3209 1271 Qui
3266 1197 3497 1279 pudice

1997 1298 2272 1360 vivendo
2323 1298 2761 1389 fornicationis
2804 1297 3102 1379 spiritum
3148 1296 3493 1378 superavit,

1996 1415 2124 1458 non
2169 1397 2337 1458 ultra
2381 1397 2475 1458 fas
2518 1406 2613 1459 est
2656 1396 2955 1478 spiritum
2999 1395 3183 1457 illum
3230 1394 3492 1468 victum,

1997 1494 2195 1557 alium
2236 1494 2566 1557 hominem
2609 1496 2999 1577 impugnare.
3033 1493 3153 1555 Sed
3192 1494 3499 1555 Adaman-

1998 1592 2124 1653 tius
2157 1593 2479 1674 opinative
2510 1592 2629 1654 boc
2662 1592 2834 1655 dicit.
2868 1593 3077 1654 Potest
3118 1599 3327 1653 tamen
3358 1608 3495 1651 esse

1997 1698 2067 1752 ut
2098 1691 2146 1751 si
2190 1692 2377 1772 plene
2408 1690 2613 1752 victus
2654 1698 2840 1760 esset,
2874 1707 3002 1752 non
3036 1690 3199 1751 ultra
3229 1696 3499 1751 tentaret

1999 1789 2110 1851 illo
2139 1807 2370 1870 genere
2401 1789 2784 1851 tentationis,
2819 1790 3053 1849 Verum
3094 1788 3246 1869 quia
3276 1786 3339 1847 in
3382 1787 3498 1848 hac

383 1884 493 1944 sed
557 1884 880 1945 daemones
938 1883 1197 1964 quidam
1263 1884 1558 1964 leguntur
1624 1886 1884 1947 Sanctos
1922 1891 1969 1953 B
2001 1886 2130 1948 vita
2180 1905 2306 1949 non
2355 1895 2451 1949 est
2498 1886 2686 1968 plena
2734 1886 3021 1961 victoria,
3056 1894 3247 1967 atque
3297 1892 3367 1947 ut
3412 1885 3501 1947 ait

381 1980 728 2043 nonnullos
776 1982 852 2043 de
900 1981 1123 2043 eodem
1166 1982 1323 2044 vitio
1367 1982 1660 2064 pluribus
1702 1984 1884 2045 annis

381 2087 684 2151 tentasse,
739 2079 905 2142 infra
960 2098 1118 2162 quos
1179 2080 1390 2143 Sancti
1439 2082 1531 2143 illi
1583 2081 1883 2155 ubertim,

382 2178 514 2239 imo
557 2178 845 2260 quotidie
885 2178 982 2239 vel
1027 2179 1226 2260 magis
1265 2179 1540 2252 assidue,
1574 2180 1891 2260 negabant

380 2296 740 2349 assensum,
773 2296 845 2339 ac
891 2277 1144 2358 penitus
1188 2278 1623 2340 dissenserunt
1667 2297 1888 2359 sugge—

381 2376 572 2439 stioni
627 2376 946 2437 tentantis.
981 2412 1062 2422 —
1099 2377 1350 2450 Quart0‚
1393 2378 1471 2439 de
1519 2376 1889 2440 beatissimo

381 2481 562 2555 patre
607 2474 882 2535 Antonio
920 2474 1172 2555 legitur,
1207 2476 1375 2557 quod
1414 2494 1451 2536 a
1490 2475 1887 2537 daemonibus

382 2572 577 2633 etiam
629 2572 870 2633 eisdem
921 2571 1289 2654 frequenter
1336 2582 1614 2635 tentatus
1663 2581 1778 2646 est,
1825 2581 1888 2635 et

367 2670 722 2751 ‘aliquoties
754 2669 1096 2732 crudeliter
1124 2670 1502 2752 flagellatus,
1527 2707 1608 2716 —
1631 2671 1883 2744 Quinte,

382 2768 814 2830 communiter
860 2768 1116 2843 dicitur,
1163 2768 1333 2850 quod
1382 2768 1732 2849 unicuique
1783 2769 1888 2830 ho-

381 2866 544 2929 mini
589 2867 930 2947 deputatus
971 2874 1066 2928 est
1107 2866 1368 2948 angelus
1414 2867 1618 2929 bonus
1664 2867 1738 2929 ad
1780 2886 1886 2929 cu-

380 2965 678 3037 stodiam,
711 2973 774 3026 et
819 2966 1025 3026 malus
1067 2966 1142 3028 ad
1188 2965 1587 3037 exercitium,
1628 2965 1736 3046 qui
1788 2984 1888 3027 us-

2002 1985 2566 2065 GregoriuS,victis
2597 1984 2770 2046 vitiis
2801 1992 3083 2046 remanet
3112 1984 3353 2065 aliquid
3388 1983 3501 2044 mi-

2000 2083 2249 2144 nimum
2301 2084 2470 2165 quod
2517 2083 2690 2145 vinci
2739 2084 2845 2145 vix
2904 2090 3153 2164 potest3
3205 2082 3347 2144 ideo
3392 2100 3499 2143 ve-

1999 2180 2267 2243 risimile
2315 2190 2408 2243 est
2451 2182 2618 2262 quod
2664 2200 2917 2262 semper
2962 2187 3245 2241 remanet
3286 2179 3500 2261 aliqua

1999 2280 2263 2341 materia
2312 2279 2722 2342 tentationis:
2758 2278 3037 2359 hincque
3087 2296 3211 2341 non
3262 2296 3496 2358 usque-

1998 2396 2251 2459 quaque
2300 2377 2548 2439 desistit
2595 2384 2857 2439 tentare.
2902 2377 3095 2439 Caute
3143 2394 3315 2457 ergo,
3365 2382 3495 2437 tan-

1997 2494 2189 2557 quam
2233 2475 2556 2556 opinative
2600 2475 2937 2556 prolatum,
2972 2475 3355 2536 sumendum
3400 2481 3497 2537 est

1998 2574 2165 2655 quod
2227 2592 2419 2654 super
2464 2572 2623 2634 illud
2669 2574 2877 2646 Josue,
2930 2572 2999 2634 ln
3049 2572 3161 2634 illo
3210 2578 3494 2653 tempore
3520 2591 3790 2639 aemam.

1995 2670 2174 2732 venit
2228 2671 2435 2742 Josue,
2496 2678 2558 2732 et
2616 2670 2957 2743 interfecit,
3018 2678 3163 2744 etc.,
3216 2670 3496 2751 loquitur

1997 2768 2298 2849 Origenes
2334 2786 2347 2829 :
2382 2769 2593 2830 Sancti
2636 2777 2853 2831 contra
2894 2768 3047 2830 istos
3084 2767 3332 2849 (utpote
3375 2767 3496 2830 dae-

1999 2866 2249 2948 mones)
2291 2867 2644 2928 incentores
2694 2873 3101 2949 peccatorum
3146 2873 3498 2947 pugnantes

1997 2982 2070 3025 ac
2121 2964 2471 3038 vincenteS,
2525 2964 2823 3025 minuunt
2872 2963 3224 3026 exercitum
3273 2964 3504 3026 daemo-

380 3082 508 3145 que
557 3063 624 3125 in
676 3062 877 3125 finem
927 3063 1074 3125 vitae
1125 3062 1454 3144 praesentis
1504 3081 1630 3125 non
1685 3070 1888 3125 cessat
1925 3058 1968 3121 C
2000 3081 2153 3122 num
2179 3079 2195 3140 3
2236 3068 2299 3123 et
2338 3060 2571 3141 singuli
2613 3060 2789 3133 victi,
2827 3061 2893 3122 in
2932 3061 3231 3143 abyssum
3276 3080 3389 3123 seu
3434 3061 3498 3123 in

377 3161 781 3243 temporibus
833 3162 966 3223 suis
1015 3168 1278 3233 tentare,
1315 3180 1681 3241 quanquam
1733 3162 1890 3223 inte·

379 3262 504 3323 rim
559 3260 927 3340 frequenter
973 3259 1284 3320 vincatur.
1320 3295 1412 3311 —-·
1430 3259 1638 3333 Sexto,
1687 3278 1884 3340 quum

377 3356 674 3420 diabolus
706 3356 1201 3437 superbissimus
1230 3355 1887 3437 invidiosissimusque

380 3456 708 3527 consistat,
741 3462 1005 3536 apparet
1035 3454 1203 3535 quod
1237 3454 1433 3516 semel
1465 3454 1693 3529 victus,
1727 3456 1886 3517 acri-

379 3574 456 3616 us
491 3572 638 3616 mox
680 3553 956 3627 invadat,
991 3554 1528 3634 quemadmodum
1565 3561 1626 3614 et
1658 3555 1734 3615 de
1767 3555 1884 3616 hoc

381 3652 586 3715 multa
627 3652 926 3734 leguntur
963 3652 1277 3733 exempla,
1310 3659 1380 3712 ut.
1420 3652 1482 3713 in
1527 3652 1657 3713 vita
1688 3653 1746 3714 S.
1783 3652 1885 3714 Hi-

384 3751 667 3824 larioniS,
715 3757 836 3811 etc.

461 3850 532 3909 In
573 3848 962 3911 contrarium
1005 3854 1150 3908 sunt
1184 3866 1324 3928 quae
1363 3847 1663 3910 dicuntur
1693 3848 1757 3909 in
1790 3849 1887 3910 lit-

384 3953 532 4009 tera.
557 3947 982 4018 -Praeterea,
1018 3946 1296 4006 humana
1323 3945 1572 4023 justitia
1603 3947 1884 4027 pugilem

384 4044 580 4107 semel
623 4044 890 4117 victum,
925 4043 1001 4105 ad
1043 4042 1415 4106 conflictum
1459 4044 1724 4106 ulterius
1759 4062 1885 4107 non

384 4143 681 4206 admittit.
726 4177 808 4187 —
856 4142 1142 4223 Insuper,
1180 4141 1391 4221 justus
1437 4142 1632 4222 judex
1683 4161 1888 4224 aequa-

2000 3160 2343 3221 exteriores
2374 3158 2667 3221 tenebras
2706 3158 3109 3220 adducuntur
3137 3178 3173 3220 a
3199 3160 3371 3238 justo
3402 3159 3500 3240 ju-

1999 3258 2139 3319 dice
2189 3256 2456 3319 Christo.
2512 3257 2685 3319 Unde
2733 3256 3069 3338 accipitur,
3120 3256 3289 3337 quod
3343 3256 3498 3317 dum

2000 3355 2152 3417 victi
2185 3364 2354 3428 sunt,
2388 3355 2555 3416 ultra
2595 3362 2835 3417 tentare
2878 3372 3003 3416 non
3033 3354 3301 3416 valeant.
3336 3354 3496 3427 Quid

1998 3454 2172 3515 enim
2213 3462 2309 3515 est
2350 3453 2513 3515 mitti
2555 3453 2619 3514 in
2658 3453 2982 3535 abyssum,
3022 3452 3145 3514 nisi
3191 3460 3497 3534 potestate

1996 3551 2280 3613 tentandi
2347 3551 2605 3633 privari,
2668 3570 2741 3612 ac
2806 3569 3008 3632 poenae
3075 3550 3496 3631 magnitudini

1997 3649 2375 3730 subjacere?
2426 3649 2546 3712 Sed
2597 3658 2665 3711 ut
2714 3668 2908 3731 super
2952 3649 3187 3711 Lucam
3236 3649 3497 3731 exponit

1994 3748 2392 3820 AmbrosiuS‚
2451 3747 2717 3830 abyssus
2778 3755 3041 3809 vocatur
3100 3746 3497 3829 profunditas

1999 3864 2203 3927 poenae
2245 3845 2308 3907 in
2350 3864 2540 3926 quam
2584 3845 2915 3907 mittentur
2955 3852 3097 3926 post
3136 3845 3305 3907 diem
3332 3844 3499 3924 judi-

1997 3943 2099 4004 cii.
2134 3978 2215 3987 --
2245 3944 2570 4017 Praeterea,
2604 3942 2866 4005 tentatio
2906 3943 3137 4005 diaboli
3184 3943 3496 4024 permitti-

1997 4050 2100 4105 tur
2129 4042 2206 4101 ad
2240 4041 2678 4122 probationem
2709 4041 3079 4115 electorum,
3115 4059 3496 4123 poenamque

1998 4137 2417 4220 reproborum
2453 4156 2467 4200 ε
2502 4139 2673 4221 quod
2712 4158 2915 4220 usque
2949 4139 3010 4200 in
3043 4138 3244 4201 finem
3276 4139 3494 4201 saeculi

387 4242 508 4303 lem
561 4238 836 4321 imponit
880 4239 1308 4301 conditionem
1355 4259 1467 4301 seu
1517 4239 1720 4320 legem
1773 4259 1885 4321 pu·
1917 4238 1966 4299 D
1999 4237 2204 4311 durat,
2238 4244 2299 4299 et
2330 4236 2475 4299 fieri
2508 4245 2734 4319 potest,
2760 4238 3052 4320 quamvis
3083 4237 3373 4300 diabolus
3404 4238 3495 4299 vi-

383 4339 759 4421 gnantibus;
793 4337 903 4400 sed
943 4338 1190 4399 daemon
1223 4338 1485 4399 vincens
1528 4337 1758 4399 minuit
1788 4339 1888 4418 ju-

386 4446 629 4500 storum
659 4436 1012 4499 exercitum
1049 4453 1062 4497 :
1097 4453 1246 4516 ergo
1286 4436 1438 4496 dum
1470 4436 1770 4511 vincitur,
1805 4437 1884 4499 ab

386 4538 664 4599 exercitu
715 4536 1093 4598 tentantium
1139 4544 1521 4598 removetur.

462 4736 554 4797 Ad
601 4736 724 4798 hoc
773 4735 1210 4796 Bonaventura
1260 4736 1598 4816 respondet
1645 4753 1658 4797 ε
1707 4736 1886 4798 Circa

388 4836 502 4897 hoc
561 4834 834 4896 difficile
892 4841 990 4895 est
1050 4834 1377 4896 veritatem
1439 4834 1880 4897 determinare.

387 4935 556 5008 Quod
589 4934 761 4997 enim
809 4932 1174 4995 imminutio
1212 4932 1326 4993 fiat
1359 4932 1422 4993 in
1455 4933 1736 4995 exercitu
1769 4934 1886 4997 dae-

391 5050 672 5105 monum,
722 5030 1143 5113 improbabile
1193 5048 1318 5092 non
1371 5030 1642 5103 videtur,
1685 5051 1884 5113 quum

390 5132 472 5193 ita
507 5132 840 5194 videamus
881 5130 1246 5210 contingere
1287 5132 1639 5192 secundum
1683 5132 1884 5211 legem

391 5230 560 5303 belli,
594 5237 659 5292 ut
702 5237 1035 5311 superatus
1075 5237 1443 5290 amoveatur
1481 5248 1516 5290 a
1558 5229 1740 5291 bello.
1775 5229 1886 5290 Ve-

393 5337 745 5390 rumtamen
791 5335 1100 5411 quantum
1153 5335 1214 5388 et.
1265 5328 1516 5408 quando
1565 5346 1637 5389 ac
1687 5326 1886 5410 quali-

1997 4344 2135 4397 ctus
2181 4356 2402 4398 rursus
2449 4338 2796 4418 impugnet.
2829 4373 2910 4381 —
2942 4336 3247 4418 Denique,
3280 4336 3494 4400 diabo-

1996 4435 2096 4497 lus
2137 4436 2438 4498 tentando
2478 4436 2673 4497 servit
2711 4436 2856 4497 Dec.
2892 4435 3065 4498 Unde
3104 4454 3297 4516 super
3335 4435 3493 4497 illud

1993 4534 2130 4609 Job‚
2163 4535 2488 4617 Numquid
2526 4534 2801 4615 accipies
2844 4552 2991 4595 eum
3034 4552 3288 4594 servum
3333 4553 3494 4621 sem-

1997 4635 2364 4716 piternum?
2413 4633 2691 4715 loquitur
2733 4632 2951 4695 Glossa
2992 4651 3005 4694 :
3050 4634 3281 4694 Servus
3330 4652 3501 4694 sem--

1997 4733 2285 4815 piternus
2334 4740 2451 4805 est,
2497 4732 2650 4793 dum
2700 4730 2994 4793 laudibus
3042 4730 3154 4793 Dei
3203 4731 3493 4793 nesciens

1997 4832 2210 4894 servit.
2247 4832 2309 4893 Si
2343 4849 2489 4912 ergo
2530 4831 2695 4892 Deus
2726 4846 2850 4890 non
2886 4828 3020 4890 vult
3060 4830 3263 4890 minui
3298 4830 3493 4891 servi-

2000 4931 2156 4993 tium
2192 4950 2403 5004 suum,
2438 4947 2562 4990 non
2595 4928 2734 4989 vult
2763 4928 2931 5009 quod
2961 4928 3223 4990 omnino
3254 4929 3495 4991 aufera-

1999 5039 2101 5092 tur
2145 5037 2421 5111 potestas
2465 5027 2766 5089 tentandi.

2076 5130 2380 5191 Praeterea
2432 5128 2484 5189 si
2535 5136 2873 5209 quaeratur‚
2926 5146 3003 5187 an
3064 5126 3355 5189 diabolus
3406 5128 3495 5189 vi-

1998 5236 2136 5305 ctus
2202 5246 2394 5308 super
2454 5226 2669 5307 aliquo
2733 5232 3011 5306 peccam,
3074 5233 3263 5305 queat
3331 5225 3493 5287 ultra

1998 5334 2239 5388 tentare
2274 5325 2351 5386 de-
2389 5324 2498 5386 illo
2538 5332 2796 5407 peccato
2810 5339 2827 5403 3
2864 5322 3111 5384 videtur
3141 5323 3310 5407 quod
3344 5341 3487 5398 non,

3539 4556 3621 4598 101>
3637 4569 3701 4607 xm,
3714 4557 3781 4597 23.
