4334 6242
809 479 930 550 212

1486 507 1551 552 IN
1594 507 1812 553 LIBRUM
1858 508 1898 552 Ιῐ
1939 504 2422 553 SENTENTIARUM.
2468 523 2548 532 —
2587 505 2738 550 msT.
2785 503 2892 567 1113
2935 503 3158 560 QUAEST.
3205 504 3250 548 11

812 673 1000 737 modo
1042 694 1170 757 quo
1216 677 1457 762 aliquid
1509 687 1604 743 est
1657 677 2015 743 universale
2065 675 2307 739 factum
2337 675 2390 738 A
2421 675 2848 738 communiter
2907 675 3127 737 dicunt
3188 670 3550 755 philosophi
3613 668 3923 733 Aristote-

809 772 890 835 ab
923 774 1269 850 intellectu,
1284 795 1401 840 nec
1435 777 1833 860 particularis
1863 778 1940 838 de
1972 795 2059 838 se.
2085 776 2310 850 Quam-

810 871 909 933 vis
948 873 1118 936 enim
1155 875 1407 938 realiter
1438 895 1764 959 nunquam
1806 875 1888 937 sit
1918 875 2055 936 sine
2092 874 2309 955 aliquo

810 969 1063 1045 horum,
1105 990 1231 1034 non
1284 981 1495 1035 tamen
1544 981 1641 1036 est
1682 975 1759 1035 de
1810 991 1877 1034 se
1925 972 2183 1053 aliquod
2228 971 2308 1033 is-

810 1075 1043 1143 torum,
1084 1070 1193 1131 sed
1236 1078 1332 1132 est
1373 1071 1745 1134 naturaliter
1789 1070 1961 1152 prior
2005 1069 2308 1132 omnibus

811 1166 950 1229 istis
983 1187 998 1230 :
1032 1175 1095 1230 et
1126 1170 1479 1231 secundum
1515 1170 1908 1251 prioritatem
1938 1170 2101 1230 hanc
2134 1176 2312 1230 natu-

808 1265 1029 1338 ralem,
1062 1273 1159 1327 est
1189 1270 1363 1345 quod
1390 1270 1556 1346 quid
1583 1277 1675 1327 est
1706 1285 1817 1328 seu
1857 1266 2177 1349 quidditas
2217 1266 2307 1328 rei

812 1364 1163 1426 secundum
1210 1384 1298 1439 se,
1332 1373 1395 1427 et
1436 1374 1533 1427 est
1576 1364 1902 1444 objectum
1946 1363 2308 1426 intellectus

810 1480 926 1542 per
954 1479 1059 1540 se;
1091 1470 1280 1544 atque
1326 1471 1396 1524 ut
1433 1464 1525 1525 sic
1568 1464 2005 1526 consideratur
2040 1482 2077 1524 a
2117 1469 2309 1523 meta-

810 1559 1097 1641 physico‚
1142 1568 1225 1622 et·
1254 1579 1368 1642 per
1409 1560 1851 1624 definitionem
1901 1560 2302 1642 exprimitur.

809 1691 890 1700 —
920 1657 1126 1720 Prima
1157 1677 1305 1740 ergo
1338 1659 1685 1722 intellectio
1722 1668 1817 1722 est
1849 1667 2088 1722 naturae
2120 1666 2307 1741 prout

809 1755 869 1816 ei
900 1773 1028 1818 non
1064 1757 1521 1838 cointelligitur
1550 1758 1781 1840 aliquis
1817 1758 2065 1833 moduS,
2099 1775 2307 1838 neque

2421 775 2546 836 lem
2595 774 2891 846 assecuti,
2943 773 3112 855 quod
3163 771 3523 834 intellectus
3575 767 3728 830 sacit
3776 766 3924 828 uni-

2419 871 2846 934 versalitatem
2907 871 2972 931 in
3032 869 3268 946 rebus3
3329 876 3393 930 et
3451 886 3694 938 rursuS,
3745 863 3922 946 quod

2421 970 2777 1031 universale
2808 976 2903 1031 est
2933 969 3086 1030 dum
3118 967 3510 1047 intelligitur,
3534 961 3925 1047 particulare

2419 1086 2528 1129 seu
2575 1068 2896 1148 singulare
2934 1067 3088 1128 dum
3130 1065 3420 1128 sentitur.
3457 1064 3534 1125 Et
3571 1080 3814 1133 rursuS‚
3851 1067 3928 1121 ut

2419 1165 2506 1226 ait
2555 1165 2833 1239 BoetiuS,
2884 1182 3074 1226 omne
3122 1164 3291 1247 quod
3341 1170 3458 1236 est,
3507 1169 3683 1224 extra
3733 1158 3922 1221 intel-

2422 1263 2656 1325 lectum
2689 1263 3006 1336 videlicet,
3042 1263 3183 1325 ideo
3221 1269 3338 1336 est,
3373 1261 3526 1343 quia
3563 1277 3762 1321 unum
3808 1276 3928 1318 nu-

2421 1379 2596 1424 mero
2643 1369 2756 1423 est.
2802 1361 3132 1443 Siquidem
3177 1379 3318 1422 6556
3365 1357 3699 1420 actualiter
3738 1363 3802 1417 et
3852 1354 3922 1415 in

2419 1477 2508 1532 re,
2559 1477 2684 1522 non
2746 1458 3042 1521 convenit
3101 1458 3224 1520 nisi
3281 1457 3413 1518 enti
3471 1454 3921 1522 determinato,

2420 1557 2762 1621 limitatum
2810 1566 2874 1619 et
2921 1557 3250 1639 proprium
3311 1574 3450 1617 esse
3506 1553 3785 1615 habenti.
3837 1586 3926 1596 —

2417 1656 2576 1717 Hinc
2635 1657 3060 1718 Damascenus
3124 1654 3332 1736 primo
3389 1652 3574 1726 libro,
3636 1648 3925 1731 capitulo

2418 1761 2640 1816 octavo
2687 1754 2971 1836 pandens
3020 1753 3294 1837 qualiter
3339 1759 3564 1814 natura
3612 1750 3919 1821 increata,

808 1873 1002 1935 quem
1033 1853 1225 1916 habet
1256 1854 1321 1916 in
1355 1855 1703 1929 intellectu,
1738 1874 1947 1937 neque
1977 1875 2168 1937 quem
2202 1855 2307 1916 ha·
2343 1858 2390 1919 B
2419 1861 2572 1933 puta
2604 1852 2820 1914 divina
2849 1851 3146 1926 essentia,
3180 1859 3243 1912 et
3271 1857 3496 1912 natura
3535 1855 3765 1919 creata,
3797 1847 3923 1908 sic-

807 1950 916 2014 bet
944 1953 1019 2014 ad
1052 1961 1245 2015 extra.
1281 1953 1357 2014 Et
1386 1953 1553 2015 sicut
1582 1953 1937 2016 secundum
1974 1953 2131 2015 illud
2166 1972 2305 2015 esse

806 2067 934 2111 non
962 2057 1060 2112 est
1088 2059 1313 2113 natura
1351 2051 1428 2113 de
1462 2070 1530 2113 se
1566 2051 1943 2113 universalis
1972 2051 2133 2132 (imo
2166 2051 2305 2113 uni-

804 2148 1132 2210 versalitas
1169 2149 1403 2210 accidit
1431 2149 1491 2211 ei
1522 2149 1873 2212 secundum
1908 2150 2184 2231 primam
2216 2167 2306 2211 ra·

804 2245 1045 2308 tionem
1102 2246 1265 2326 ejuS,
1312 2248 1664 2309 secundum
1726 2267 1918 2329 quam
1976 2255 2073 2309 est
2130 2246 2304 2328 obje-

804 2352 981 2406 ctum
1012 2345 1421 2424 intellectus),
1441 2346 1527 2407 ita
1555 2346 1749 2408 etiam
1782 2346 1846 2407 in
1878 2365 1945 2408 re
1975 2353 2173 2420 extra,
2194 2345 2306 2407 ubi

804 2448 1029 2503 natura
1066 2450 1163 2503 est
1201 2461 1347 2504 cum
1388 2443 1848 2523 singularitate,
1889 2461 2018 2506 non
2057 2451 2151 2506 est
2197 2443 2307 2504 illa

804 2548 1029 2602 natura
1072 2543 1149 2603 de
1194 2561 1262 2604 se
1308 2543 1727 2605 determinata
1775 2543 1853 2605 ad
1904 2542 2304 2623 singularita-

803 2645 956 2711 tem,
988 2639 1099 2700 sed
1142 2639 1317 2721 prior
1344 2648 1439 2703 est
1469 2641 1842 2703 naturaliter
1882 2641 2122 2703 ratione
2160 2658 2306 2702 con-

803 2735 1091 2799 trahente
1150 2737 1354 2819 ipsam
1411 2739 1489 2800 ad
1538 2739 2075 2819 singularitatem3
2124 2747 2188 2800 et
2237 2740 2304 2800 in

803 2841 1115 2915 quantum
1158 2843 1253 2898 est
1293 2837 1665 2898 naturaliter
1712 2837 1886 2918 prior
1932 2837 2304 2917 hujusmodi

804 2932 1236 3006 contrahente,
1282 2951 1407 2996 non
1457 2941 1769 3017 repugnat
1808 2934 1931 2996 sibi
1982 2952 2120 2996 esse
2165 2935 2306 2996 sine

2420 1959 2489 2013 ut
2531 1951 2914 2023 humanitaS,
2957 1949 3382 2012 diversimode
3431 1949 3560 2010 sint
3610 1947 3674 2008 in
3725 1945 3928 2028 pluri-

2417 2049 2536 2111 bus
2594 2069 2706 2112 seu
2758 2049 2824 2110 in
2873 2048 3192 2110 distinctis
3249 2045 3539 2129 personis
3591 2064 3606 2108 ε
3659 2044 3925 2125 Oportet

2413 2147 2681 2229 (inquit)
2718 2147 2903 2220 scire,
2947 2145 3248 2228 quoniam
3298 2145 3471 2207 aliud
3515 2151 3612 2206 est
3655 2161 3724 2204 re
3771 2158 3924 2204 con-

2415 2246 2701 2318 siderari,
2755 2255 2818 2308 et
2864 2245 3038 2306 aliud
3097 2244 3340 2306 ratione
3395 2250 3460 2304 et
3509 2240 3916 2322 cogitatione,

2416 2344 2567 2425 quia
2609 2345 2674 2405 in
2722 2343 3023 2406 omnibus
3067 2340 3374 2404 creaturis
3415 2339 3664 2414 divisio,
3713 2339 3774 2400 id
3819 2347 3920 2400 est

2416 2441 2763 2514 distinctio,
2798 2440 3234 2524 hypostasium
3267 2458 3378 2502 seu
3411 2439 3916 2520 suppositorum,

2415 2539 2852 2602 consideratur
2902 2557 2990 2612 re,
3043 2538 3107 2598 id
3155 2547 3272 2610 est,
3324 2537 3579 2598 realiter
3633 2555 3706 2598 ac
3765 2534 3920 2596 sub-

2415 2637 2793 2699 stantialiter
2839 2645 2988 2698 sunt
3036 2635 3372 2698 distinctae.
3423 2635 3569 2696 Ideo
3627 2633 3846 2694 subdit
3897 2651 3916 2695 z

2414 2736 2502 2798 Re
2544 2736 2718 2797 enim
2767 2735 2986 2798 Petrus
3023 2754 3060 2797 a
3099 2734 3290 2797 Paulo
3339 2741 3664 2815 separatus
3713 2731 3922 2794 eonsi-

2415 2835 2729 2912 deratur3
2795 2833 3213 2915 intelligimus
3279 2839 3494 2894 autem
3562 2830 3916 2902 intellectu,

2416 2933 2585 3015 quod
2624 2933 2843 2994 Petrus
2874 2939 2936 2993 et
2964 2931 3194 2994 Paulus
3227 2930 3518 3011 ejusdem
3557 2936 3704 2992 sunt
3733 2937 3918 2991 natu-

804 3027 934 3092 illo.
993 3028 1540 3103 Quemadmodum
1598 3032 1791 3094 etiam
1851 3031 2176 3113 objectum
2238 3032 2303 3094 in
2341 3034 2385 3099 G
2416 3049 2520 3104 rae,
2553 3038 2617 3092 et
2654 3048 3061 3092 communem
3105 3028 3340 3091 habent
3379 3035 3691 3090 naturam.
3725 3027 3916 3101 Quasi

804 3125 1133 3190 intellectu
1164 3130 1517 3191 secundum
1551 3129 1726 3192 illam
1756 3149 1938 3192 suam
1969 3130 2302 3192 entitatem

801 3232 865 3286 et
896 3225 1437 3289 universalitatem
1476 3227 1667 3289 habet
1703 3247 1851 3290 vere
1892 3246 2029 3290 esse
2072 3227 2304 3290 intelli-

800 3321 1020 3402 gibile,
1042 3323 1129 3384 ita
1160 3323 1224 3385 in
1258 3343 1471 3386 rerum
1501 3331 1729 3387 natura
1756 3325 2108 3388 secundum
2138 3326 2303 3388 hanc

802 3419 1132 3482 entitatem
1192 3421 1382 3484 habet
1428 3441 1651 3485 verum
1712 3441 1851 3485 esse
1910 3423 2076 3485 reale
2128 3431 2306 3485 extra

802 3519 1119 3598 animam;
1161 3528 1351 3602 atque
1382 3522 1735 3584 secundum
1770 3522 1942 3584 illam
1973 3523 2302 3585 entitatem

802 3615 993 3678 habet
1036 3618 1343 3680 unitatem
1386 3619 1511 3681 sibi
1557 3620 2117 3701 proportionalem,
2160 3640 2302 3702 quae

802 3721 899 3776 est
942 3715 1319 3778 indifferens
1366 3718 1444 3779 ad
1493 3718 2035 3780 universalitatem
2078 3726 2139 3780 et
2179 3719 2305 3780 sin-

799 3811 1225 3892 gularitatem,
1262 3814 1347 3876 ita
1388 3815 1557 3896 quod
1608 3815 1701 3876 illi
1750 3816 1977 3878 unitati
2030 3835 2156 3878 non
2209 3835 2302 3878 re-

800 3918 1041 3993 pugnat
1080 3912 1159 3974 de
1197 3931 1265 3974 se
1304 3914 1472 3994 quod
1518 3933 1666 3975 cum
1715 3933 2118 3996 quacumque
2164 3915 2304 3976 uni-

744 3998 758 4011 '
800 4017 926 4072 tate
957 4010 1413 4091 singularitatis
1444 4020 1733 4093 ponatur.
1769 4048 1849 4057 —
1877 4012 2020 4075 Haec
2053 4013 2297 4075 Scotus.

868 4108 1065 4188 Cujus
1096 4109 1327 4190 positio
1352 4111 1605 4172 videtur
1632 4128 1897 4173 erronea
1926 4119 1988 4172 et
2018 4111 2142 4173 sibi
2177 4111 2299 4192 ipsi

2415 3129 2584 3191 dicat
2619 3147 2632 3191 :
2668 3129 3104 3192 Communitas
3137 3127 3258 3190 ista
3283 3134 3381 3189 est
3409 3145 3523 3208 per
3554 3125 3918 3188 intellectus

2416 3235 2797 3308 conceptum
2857 3226 3194 3288 fundatum
3254 3225 3319 3286 in
3381 3224 3592 3298 rebus,
3656 3224 3719 3286 in
3777 3225 3920 3306 qui-

2416 3324 2535 3386 bus
2566 3332 2660 3386 est
2692 3323 2879 3386 realis
2908 3323 3256 3396 distinctiO,
3291 3339 3418 3384 non
3457 3321 3666 3384 unitas
3705 3340 3916 3402 neque

2415 3423 2840 3485 communitas
2904 3422 3257 3495 actualiter,
3325 3421 3678 3483 secundum
3743 3421 3916 3502 quod

2415 3521 2670 3582 realiter
2702 3528 2850 3582 sunt
2880 3519 3338 3598 subsistentes;
3377 3518 3506 3580 imo
3537 3524 3607 3579 ut
3635 3517 3750 3592 sic,
3784 3535 3914 3580 non

2415 3619 2712 3681 convenit
2743 3619 2834 3680 eis
2865 3619 3075 3680 unitas
3107 3636 3315 3699 neque
3345 3617 3792 3689 communitaS,
3827 3617 3919 3678 ni-

2413 3718 2465 3779 si
2496 3716 3001 3799 aptitudinaliter
3030 3724 3092 3778 et
3122 3716 3304 3799 quasi
3337 3715 3399 3777 in
3433 3715 3735 3797 potentia.
3751 3716 3914 3778 Hinc

2409 3815 2584 3877 addit
2631 3815 3055 3877 Damascenus
3098 3831 3112 3876 :
3157 3815 3302 3877 Haec
3351 3831 3500 3895 ergo
3549 3814 3912 3876 communis

2411 3921 2635 3975 natura
2693 3913 2934 3975 ratione
2995 3922 3091 3975 est
3140 3911 3641 3976 considerabilis.
3691 3912 3908 3994 Neque

2409 4013 2582 4074 enim
2613 4013 2710 4075 hae
2741 4011 3394 4094 hypostase3,scilicet
3422 4011 3640 4074 Petrus
3669 4019 3733 4072 et
3762 4011 3914 4072 Pau-

2412 4109 2530 4184 luS,
2564 4110 2628 4171 in
2661 4129 2728 4172 se
2759 4110 3036 4171 invicem
3076 4117 3244 4184 sunt,
3277 4110 3389 4171 sed
3429 4127 3716 4170 seorsum
3757 4128 3909 4170 una-

800 4207 1133 4268 contraria.
1168 4207 1287 4270 Res
1316 4209 1489 4270 enim
1526 4216 1734 4270 creata
1773 4227 1901 4272 non
1944 4208 2133 4271 habet
2162 4228 2300 4270 esse
2332 4216 2382 4276 D
2410 4227 2678 4291 quaeque
2721 4216 2784 4269 et
2827 4208 3178 4270 secundum
3228 4227 3294 4269 se
3346 4207 3550 4289 ipsam
3599 4216 3904 4289 separata.

802 4303 927 4365 nisi
968 4303 1031 4365 in
1076 4304 1402 4367 intellectu
1443 4314 1741 4368 causante
1776 4325 1887 4368 seu
1924 4325 2302 4387 cognoscen-

802 4409 886 4474 te,
938 4408 1004 4462 et
1059 4401 1125 4463 in
1181 4420 1290 4481 re;
1348 4409 1410 4464 et.
1468 4403 1534 4464 in
1595 4403 1922 4466 intellectu
1972 4406 2302 4466 dumtaxat

803 4498 1102 4562 convenit
1131 4498 1254 4561 sibi
1296 4500 1455 4563 ratio
1484 4501 1981 4575 communitatiS,
2016 4521 2131 4564 seu
2173 4503 2306 4564 uni·

802 4598 1204 4672 versalitatis,
1238 4617 1349 4660 seu
1384 4598 1681 4672 absoluti,
1714 4608 1822 4661 aut
1851 4600 2302 4681 qualitercum-

801 4715 926 4779 que
964 4696 1295 4776 abstracti3
1330 4715 1447 4759 nec
1486 4696 1823 4778 equinitati
1863 4705 1970 4758 aut
2011 4698 2303 4760 humani-

800 4794 915 4857 tati
971 4795 1270 4857 convenit
1328 4795 1485 4856 ratio
1546 4795 1657 4856 illa
1716 4801 1841 4856 tam
1902 4795 2193 4858 absoluta
2240 4803 2304 4858 et

802 4893 1061 4974 propria
1099 4911 1225 4974 qua
1258 4893 1493 4954 dicitur
1522 4900 1767 4955 tantum
1810 4911 1948 4956 esse
1983 4894 2303 4975 equinitas

803 4991 937 5054 sive
987 4990 1371 5064 humanitas»,
1424 4993 1778 5053 secundum
1836 4993 2006 5073 quod
2064 5000 2160 5054 est
2211 5013 2299 5067 re,

802 5091 913 5152 sed
950 5090 1157 5151 solum
1196 5089 1547 5151 secundum
1579 5090 1748 5170 quod
1781 5097 2026 5151 constat
2058 5090 2122 5152 in
2154 5109 2304 5154 con-

802 5188 1183 5251 sideratione
1224 5187 1633 5261 intellectiva,
1667 5207 1807 5250 eam
1847 5189 2202 5250 secundum
2237 5209 2305 5252 se

802 5287 969 5349 nude
1001 5295 1065 5349 et
1090 5286 1563 5349 absolutissime
1592 5287 2306 5368 apprehendente.Hinc

2410 4307 2479 4368 ln
2520 4325 2772 4368 summa
2808 4313 3022 4368 autem
3053 4305 3358 4367 Trinitate
3395 4312 3492 4367 est
3530 4307 3907 4380 econtrario,

2411 4405 2562 4487 quia
2603 4405 2668 4466 in
2710 4404 2818 4466 illa
2855 4424 3057 4467 unum
3099 4423 3165 4466 re
3203 4404 3658 4477 consideratur,
3695 4403 3758 4464 id
3788 4412 3906 4493 est,

2410 4502 2629 4566 divina
2665 4503 2941 4565 essentia
2975 4503 3228 4565 realiter
3256 4522 3403 4576 una,
3437 4511 3498 4564 et
3529 4521 3910 4584 permanens

2413 4621 2540 4664 una
2582 4609 2645 4663 et
2687 4603 2909 4664 eadem
2955 4621 3028 4664 ac
3073 4601 3457 4664 indistincta.
3501 4601 3646 4664 Haec
3687 4601 3909 4663 Dama-

2413 4719 2660 4762 scenus.

2493 4798 2845 4860 Erroneum
2891 4814 3040 4878 ergo
3080 4806 3175 4859 est
3213 4797 3447 4871 dicere,
3487 4797 3616 4859 imo
3655 4797 3912 4879 opposi-

2414 4903 2550 4957 tum
2593 4895 2657 4957 in
2694 4895 2963 4974 adject0‚
2997 4896 3166 4977 quod
3209 4902 3433 4957 natura
3473 4902 3682 4956 creata
3717 4895 3908 4958 babet

2414 5014 2553 5057 esse
2597 5014 2820 5056 verum
2873 4994 3039 5056 reale
3087 5001 3263 5056 extra
3309 4995 3611 5068 animam,
3655 4993 3912 5056 indiffe-

2414 5113 2560 5154 rens
2589 5094 2668 5155 ad
2699 5092 3202 5172 singularitatem
3231 5100 3294 5154 et
3325 5091 3909 5154 universalitatem:

2416 5191 2718 5274 quoniam
2767 5208 2842 5253 eo
2895 5191 3034 5272 ipso
3077 5190 3244 5272 quod
3289 5198 3385 5253 est
3426 5190 3496 5252 in
3539 5207 3754 5252 rerum
3805 5210 3912 5252 na-

2421 5296 2580 5362 tura,
2613 5296 2708 5350 est
2748 5288 2826 5349 ad
2864 5288 3368 5369 singularitatem
3413 5307 3525 5351 seu
3572 5287 3914 5370 particula·
