4334 6242
575 2956 741 3000 Joann.
758 2969 816 3008 m,

550 3022 618 3062 20.

839 487 958 552 424

1509 509 1574 556 IN
1614 510 1837 556 LIBRUM
1877 511 1923 556 11
1963 509 2448 557 SENTENTIARUU.
2493 527 2574 539 -·
2612 511 2767 558 msr.
2806 511 2933 574 vl13
2978 511 3203 568 QUAEST.
3238 511 3279 558 V

837 685 1100 760 repente
1150 688 1525 762 prorumpat
1575 681 1640 742 in
1687 699 1870 763 opuS‚
1923 689 1994 742 ut
2043 687 2217 763 patet
2264 681 2342 742 de
2372 677 2425 742 A
2534 680 2649 754 Qui
2711 682 2903 744 etiam
2957 683 3186 764 quaerit
3240 682 3369 757 hic,
3424 703 3505 745 an
3564 683 3957 746 introductio

836 779 1242 858 generatione
1287 799 1604 853 ranarum,
1638 798 1796 861 quas
1838 781 1916 842 de
1956 779 2342 862 quibusdam

836 875 1008 940 foliis
1053 878 1344 940 celeriter
1387 879 1562 942 nasci
1603 879 1931 960 contingit.

920 976 983 1038 Si
1025 977 1234 1040 denuo
1273 997 1539 1060 q11aera3,
1574 979 1894 1061 quomodo
1937 979 2016 1041 ab
2064 979 2340 1042 invicem

837 1075 1280 1138 discernantur
1321 1077 1455 1140 haec
1499 1078 1678 1159 signa
1725 1096 1838 1140 seu
1883 1077 2193 1140 miracula
2229 1077 2343 1140 Dei

743 1224 746 1226 ,
841 1181 902 1235 et
934 1173 1307 1236 Sanctorum
1340 1193 1509 1249 vera,
1544 1181 1608 1238 et
1636 1175 1816 1256 signa
1847 1193 2216 1258 magorum3
2249 1175 2341 1238 di-

841 1272 1137 1347 cendum,
1171 1273 1340 1354 quod
1372 1273 1490 1335 etsi
1531 1273 1913 1336 conveniant
1943 1274 2009 1336 in
2051 1275 2337 1348 materia,

839 1369 1151 1432 differunt
1181 1378 1393 1433 tamen
1436 1391 1512 1433 ex
1544 1378 1721 1453 parte
1753 1372 2127 1455 principalis
2158 1391 2343 1454 agen·

837 1469 942 1541 tis,
993 1476 1056 1530 et
1103 1487 1178 1530 ex
1229 1479 1406 1551 parte
1452 1470 1751 1544 ministri,
1797 1479 1986 1552 atque
2035 1490 2112 1533 ex
2163 1479 2340 1553 parte

838 1567 1016 1642 finis,
1051 1574 1113 1628 et
1141 1585 1218 1628 ex
1258 1575 1436 1649 parte
1473 1567 1645 1630 facti.
1682 1569 1771 1630 Ex
1813 1576 1990 1651 parte
2021 1569 2339 1651 principa-

839 1663 918 1725 lis
959 1664 1203 1744 agentis
1239 1683 1252 1726 :
1287 1665 1438 1746 quia
1478 1665 1542 1727 in
1573 1666 1741 1728 veris
1781 1673 1844 1728 et
1881 1667 2136 1748 proprie
2168 1686 2340 1728 sum-

838 1763 966 1844 ptis
1000 1763 1347 1837 miraculiS‚
1379 1771 1676 1845 operatur
1704 1764 2166 1846 omnipotentia
2199 1765 2340 1826 infi-

2450 778 2661 840 omnis
2716 778 2939 842 formae
3004 779 3440 842 substantialis
3498 780 3582 842 sit
3642 799 3681 842 a
3736 781 3957 844 datore

2452 877 2827 952 formarum,
2878 898 2959 941 an
3018 878 3274 960 aliquod
3322 899 3516 960 agens
3570 879 3957 961 particulare

2453 975 2655 1056 possit
2697 976 2977 1058 aliquam
3030 977 3351 1039 inducere.
3400 977 3760 1059 Respondet
3802 995 3817 1038 ε
3862 978 3958 1040 1)6

2452 1074 2791 1136 eductione
2834 1073 3053 1138 formae
3096 1076 3160 1137 in
3205 1095 3345 1138 esse
3384 1075 3618 1158 triplex
3655 1075 3780 1138 fuit
3819 1075 3959 1158 opi-

2452 1173 2579 1236 nio.
2630 1173 2764 1236 Una
2810 1173 3215 1255 Anaxagorae,
3268 1174 3377 1256 qui
3432 1174 3647 1256 posuit.
3700 1173 3957 1237 latitati-

2451 1289 2639 1334 onem
2696 1271 3069 1334 formarum.
3124 1273 3298 1346 Quod
3352 1272 3695 1354 dupliciter
3748 1281 3959 1356 potest

2452 1369 2741 1451 intelligi.
2803 1371 3033 1444 Primo,
3087 1371 3256 1453 quod
3320 1372 3534 1453 posuit
3590 1372 3827 1434 formas
3888 1371 3956 1433 in

2451 1468 2715 1530 materia
2760 1469 3095 1531 actualiter
3140 1469 3467 1544 exsistere,
3510 1471 3621 1532 sed
3670 1488 3798 1533 non
3845 1489 3959 1552 ap-

2450 1584 2671 1648 parere
2719 1566 3137 1640 extrinsecuS,
3182 1566 3381 1629 instar
3429 1569 3695 1650 picturae
3743 1586 3959 1650 panno

2450 1673 2685 1747 opertae
2719 1682 2733 1726 :
2763 1673 2826 1726 et
2856 1664 2961 1726 hic
2992 1665 3220 1727 modus
3252 1665 3673 1747 impossibilis
3702 1674 3800 1728 est
3829 1685 3960 1728 om·

2452 1763 2627 1837 nino,
2659 1763 2811 1845 quia
2841 1763 3155 1826 contraria
3184 1763 3377 1826 simul
3412 1764 3693 1827 inessent
3720 1765 3954 1828 eidem.

839 1861 975 1922 nita
1005 1861 1338 1934 CreatoriS,
1371 1869 1433 1922 et
1463 1861 1654 1924 etiam
1689 1881 1880 1944 supra
1911 1870 2237 1942 naturam3
2273 1863 2337 1924 in
2376 1859 2423 1922 B
2452 1861 2765 1935 Secund0,
2800 1862 2968 1944 quod
3009 1861 3301 1925 essentiae
3340 1862 3693 1926 formarum
3732 1864 3860 1926 sint
3892 1864 3960 1926 in

841 1959 1168 2020 miraculis
1199 1959 1557 2022 daemonum
1592 1978 1702 2023 seu
1744 1979 2096 2041 magorum,
2129 1979 2343 2043 opera-

838 2066 944 2120 tur
991 2057 1194 2121 virtus
1239 2037 1973 2140 naturai'multipliciter
2026 2078 2139 2141 per
2186 2060 2341 2122 alias

842 2163 1096 2218 naturas
1129 2156 1363 2236 adjuta.
1401 2157 1490 2218 Ex
1522 2165 1700 2238 parte
1731 2175 1986 2240 quoque
2019 2158 2338 2220 ministri:

839 2255 1142 2338 quoniam
1187 2273 1336 2316 vcra
1385 2254 1692 2316 miracula
1735 2275 1850 2337 per
1893 2255 2219 2338 publicam
2270 2255 2345 2318 fi-

840 2363 956 2415 unt
1001 2353 1338 2433 justitiam,
1393 2353 1455 2415 id
1507 2361 1622 2428 est,
1675 2372 1787 2436 per
1834 2353 2032 2416 fidem
2082 2355 2343 2418 catholi-

841 2470 1004 2526 cam,
1066 2470 1192 2533 qua
1248 2451 1488 2514 vivitur
1541 2451 1734 2532 juste,
1795 2471 1908 2515 seu
1971 2453 2165 2514 etiam
2230 2472 2345 2534 per

841 2568 1034 2632 opera
1072 2557 1134 2612 et
1180 2550 1406 2612 merita
1446 2549 1624 2629 ejus3
1659 2568 1987 2631 magorum
2032 2569 2183 2614 vero
2228 2551 2344 2613 mi-

841 2648 1078 2722 racula,
1113 2667 1228 2729 per
1259 2647 1539 2730 privatos
1579 2657 1962 2722 contractus,
1997 2656 2068 2711 ut
2107 2669 2221 2732 per
2252 2651 2344 2712 in-

844 2747 1233 2808 cantationes
1277 2753 1340 2808 et
1388 2747 1677 2828 quaedam
1720 2766 1966 2809 arcana.
2010 2748 2213 2828 Hujus
2264 2749 2345 2810 si-

844 2864 1036 2926 gnum
1066 2852 1160 2907 est
1192 2845 1356 2927 quod
1391 2845 1480 2906 ibi
1511 2853 1656 2907 sunt
1683 2864 1873 2927 opera
1903 2846 2342 2909 tenebrarum:

846 2945 995 3026 quia
1043 2950 1114 3005 ut
1160 2944 1249 3006 ait
1297 2943 1601 3017 Salvator,
1644 2945 1755 3027 qui
1807 2945 1972 3008 male
2019 2945 2168 3028 agit,
2213 2946 2346 3007 odit

2454 1960 2718 2022 materia
2770 1960 2836 2022 in
2887 1960 3170 2043 potentia
3218 1979 3346 2023 non
3404 1962 3610 2023 solum
3666 1961 3957 2036 latenteS,

2452 2059 2563 2120 sed
2594 2058 2659 2120 in
2691 2058 2975 2139 potentia
3002 2067 3203 2132 enteS,
3240 2066 3308 2135 ut
3340 2061 3602 2122 materia
3630 2060 3860 2123 habeat
3890 2062 3957 2124 in

2452 2175 2518 2218 se
2563 2154 2903 2219 seminales
2948 2156 3298 2220 formarum
3342 2159 3631 2220 omnium
3679 2159 3955 2222 rationes

2450 2274 2489 2317 a
2528 2255 2832 2337 primaria
2876 2255 3239 2318 conditione
3282 2255 3514 2319 inditas
3558 2257 3706 2331 sibi,
3740 2266 3803 2320 et
3844 2278 3959 2340 per

2450 2353 2767 2416 actionem
2817 2353 3063 2434 agentis
3106 2354 3533 2417 educerentur
3580 2356 3644 2417 in
3688 2365 3898 2419 actum
3938 2375 3953 2418 t

2453 2453 2621 2534 quod
2654 2452 2993 2514 concordat
3023 2451 3444 2534 philosophiae
3474 2472 3547 2515 ac
3587 2454 3952 2537 Scripturis.

2451 2551 2686 2612 Verum
2738 2549 2858 2612 iste
2902 2568 3029 2612 non
3070 2550 3195 2611 fuit
3234 2550 3597 2614 intellectus
3642 2560 3957 2634 praetactae

2453 2647 2796 2729 opinioniS,
2829 2648 2938 2710 sed
2980 2649 3250 2730 primuS‚
3285 2656 3355 2710 ut
3383 2649 3608 2711 dicunt
3644 2651 3959 2733 exposito-

2456 2765 2573 2809 res.
2609 2747 2779 2808 Dixit
2817 2765 3094 2829 namque
3133 2747 3302 2829 quod
3342 2766 3533 2830 agens
3574 2749 3956 2830 particulare

2455 2845 2545 2907 nil
2577 2852 2719 2925 agat
2756 2846 2832 2907 ad
2874 2845 3095 2908 formae
3136 2846 3645 2926 productionem,
3680 2848 3788 2910 sed
3826 2857 3959 2910 tan-

2454 2950 2592 3005 tum
2638 2942 2887 3024 detegat
2928 2961 3088 3005 eam.

847 3041 1076 3104 lucem.
1111 3043 1268 3104 Item
1299 3060 1374 3103 ex
1407 3050 1585 3123 parte
1615 3041 1770 3104 finis
1804 3060 1818 3104 :
1853 3042 2005 3124 quia
2038 3043 2346 3106 miracula
2382 3044 2427 3108 C
2535 3041 2674 3103 Alia
2720 3040 2845 3102 fuit
2896 3041 3115 3122 opinio
3169 3041 3693 3123 philosophorum
3755 3045 3958 3125 magis

842 3140 954 3203 Dei
986 3140 1360 3202 ordinantur
1402 3141 1478 3202 ad
1511 3139 1664 3202 fidei
1706 3140 2196 3215 roborationem,
2231 3142 2345 3204 Ec-

843 3238 1052 3302 clesiae
1094 3238 1458 3312 utilitatem,
1492 3245 1556 3300 et
1596 3239 1672 3300 ad
1717 3237 1983 3319 gloriam
2036 3239 2186 3318 Dei3
2220 3259 2346 3302 ma-

839 3354 1065 3418 gorum
1106 3354 1258 3399 vero
1308 3335 1636 3410 miracula,
1669 3336 1745 3397 ad
1791 3337 2233 3419 deceptionem
2271 3356 2348 3399 ac

839 3433 1107 3515 gloriam
1146 3453 1394 3497 vanam.
1431 3435 1506 3496 Et
1547 3453 1766 3495 rursus
1805 3453 1882 3496 ex
1923 3443 2100 3517 parte
2139 3435 2292 3498 facti
2328 3453 2341 3497 :

841 3533 1160 3595 daemones
1191 3551 1467 3614 namque
1498 3531 1743 3594 faciunt
1774 3532 2046 3606 inutilia,
2080 3553 2244 3596 vana
2271 3553 2346 3596 ac

841 3629 1016 3704 vilia,
1043 3638 1112 3691 ut
1144 3650 1330 3693 canes
1361 3637 1636 3704 eantare,
1661 3639 2027 3712 statuasque
2059 3633 2302 3694 moveri
2328 3651 2344 3711 3

842 3729 1148 3792 miracula
1189 3747 1340 3792 vero
1385 3729 1602 3791 divina
1646 3737 1795 3792 sunt
1833 3730 2015 3793 valde
2059 3749 2346 3794 necessa-

841 3829 936 3890 ria
981 3834 1045 3888 et
1095 3827 1294 3888 utilia.
1331 3828 1505 3890 Unde
1552 3826 1870 3888 daemones
1915 3837 2241 3910 serpentes
2286 3838 2349 3892 et

843 3945 1028 3988 ranas
1078 3926 1397 4008 praecipue
1441 3924 1706 3998 faciunt,
1751 3926 1902 4007 quia
1949 3926 2085 3988 haec
2131 3944 2348 4009 opera-

845 4026 1018 4088 tione
1051 4033 1290 4087 naturae
1330 4024 1603 4086 faciliter
1638 4025 2094 4106 producuntur.
2129 4061 2211 4070 —
2238 4027 2351 4089 lta-

846 4143 970 4207 que
1013 4125 1107 4186 sic
1150 4124 1318 4186 Deus
1362 4124 1722 4187 daemonum
1770 4124 2116 4205 potentiam
2157 4132 2348 4206 atque

2458 3140 2933 3212 modernorum,
2967 3139 3319 3202 dicentium
3360 3141 3530 3222 quod
3575 3159 3797 3204 omnes
3837 3142 3960 3205 for-

2458 3258 2576 3301 mae
2606 3245 2755 3300 sunt
2784 3257 2820 3300 a
2850 3238 3159 3300 Creatore.
3195 3239 3343 3312 Quae
3372 3239 3563 3302 etiam
3596 3240 3818 3326 opinio
3848 3243 3960 3304 du—

2456 3337 2712 3419 pliciter
2740 3345 2949 3420 potest
2990 3338 3280 3419 intelligi.
3314 3339 3545 3414 Primo,
3580 3341 3750 3422 quod
3791 3342 3955 3404 Deus

2456 3435 2539 3497 sit
2580 3435 3021 3518 principaliter
3064 3455 3255 3518 agens
3297 3444 3361 3498 et
3404 3455 3670 3500 causans
3715 3439 3780 3501 in
3824 3458 3957 3502 om-

2457 3533 2637 3595 nium
2670 3534 3086 3615 productione
3118 3533 3468 3597 formarum
3496 3555 3569 3598 ac
3599 3555 3811 3600 rerum
3846 3555 3859 3599 :
3894 3545 3955 3600 et

2456 3633 2689 3714 positio
2739 3633 2859 3695 ista
2906 3640 3002 3696 est
3047 3652 3215 3696 vera.
3260 3633 3370 3695 Vel
3416 3633 3523 3708 ita,
3572 3637 3743 3717 quod
3792 3637 3956 3699 Deus

2457 3731 2541 3793 sit
2584 3739 2713 3794 tota
2756 3751 2945 3793 causa
2987 3731 3302 3805 efficienS‚
3336 3740 3398 3794 et
3440 3751 3633 3813 agens
3683 3736 3957 3816 particu-

2460 3830 2587 3892 lare
2628 3829 2719 3891 nil
2759 3838 2902 3909 agat
2942 3829 3063 3891 nisi
3106 3830 3461 3911 adaptando
3502 3832 3857 3906 materiam,
3891 3841 3959 3895 ut

2458 3929 2625 3990 sicut
2655 3929 2821 3989 Deus
2862 3928 3156 4009 producit
3194 3928 3438 3990 animas
3478 3929 3839 4006 rationale3‚
3876 3933 3961 3994 ita

2457 4035 2519 4090 et
2549 4026 2704 4089 alias
2736 4025 2991 4088 formaS.
3026 4027 3198 4088 Istud
3230 4044 3381 4088 vero
3412 4037 3577 4090 stare
3607 4047 3735 4092 non
3767 4030 3957 4106 valet,

2460 4125 2760 4208 quoniam
2792 4143 2984 4206 agens
3016 4124 3395 4206 particulare
3426 4133 3535 4188 aut
3573 4126 3821 4189 inducit
3850 4129 3960 4191 ali·

846 4223 1144 4286 astutiam
1191 4231 1521 4305 temperat,
1560 4231 1630 4284 ut
1669 4241 1890 4284 eorum
1937 4223 2245 4285 miracula
2284 4231 2348 4285 et
2379 4228 2427 4288 D
2459 4224 2635 4307 quid,
2668 4230 2775 4285 aut
2816 4223 2977 4285 nihil
3015 4241 3028 4285 :
3063 4231 3126 4285 et
3165 4223 3217 4285 si
3258 4224 3443 4298 nihil,
3476 4243 3626 4307 ergo
3666 4225 3758 4288 nil
3790 4229 3956 4308 agit3

847 4323 1047 4386 malos
1078 4329 1315 4404 queant
1344 4321 1638 4403 decipere
1665 4321 1847 4400 juxta
1885 4339 2106 4383 eorum
2139 4323 2348 4384 deme-

844 4423 987 4494 rita,
1022 4429 1083 4483 et
1124 4440 1161 4482 a
1200 4420 1384 4483 bonis
1424 4420 1674 4481 valeant
1714 4419 2142 4502 deprehendi;
2178 4429 2241 4482 et
2279 4429 2349 4482 ut

841 4521 1005 4582 fides
1047 4520 1236 4582 simul
1285 4537 1432 4580 cum
1477 4518 1802 4580 miraculis
1842 4518 2068 4580 habeat
2111 4519 2341 4582 locum.

841 4620 1084 4701 Nempe
1115 4617 1168 4680 si
1201 4618 1373 4679 solus
1405 4618 1570 4679 Deus
1601 4635 1673 4679 ac
1704 4617 1844 4696 ejus
1879 4617 2152 4679 ministri
2187 4618 2349 4680 face-

841 4725 984 4780 rent
1027 4715 1355 4788 miracula,
1389 4715 1535 4797 quis
1583 4732 1708 4777 non
1755 4715 2129 4777 credidisset
2179 4735 2346 4779 com-

843 4816 1066 4898 pulsus
1099 4813 1470 4876 miraculis?
1501 4813 1683 4875 Nunc
1713 4831 1865 4876 vero
1905 4813 2058 4875 dum
2099 4823 2160 4876 et
2194 4815 2345 4878 boni

841 4934 915 4977 ac
964 4915 1112 4976 mali
1155 4913 1398 4976 faciunt
1447 4931 1540 4988 66,
1576 4912 1640 4973 hi
1692 4912 1802 4994 qui
1846 4912 2155 4974 divinitus
2208 4913 2348 4975 illu-

844 5020 1126 5075 strantur
1157 5021 1224 5074 ut
1259 5013 1423 5074 inter
1452 5031 1526 5074 ca
1556 5018 1791 5093 queant
1823 5011 2207 5084 discernere,
2235 5031 2347 5094 per

844 5131 994 5174 vera
1045 5111 1351 5174 miracula
1399 5110 1802 5191 adjuvantur,
1849 5118 1911 5172 et
1959 5128 2073 5192 per
2121 5112 2349 5174 daemo-

761 5285 768 5290 ὁ
848 5230 1004 5274 ιιιιιιι
1037 5210 1346 5272 miracula
1376 5208 1726 5291 probantur
1755 5217 1817 5270 et
1847 5217 2242 5271 exercentur.
2267 5245 2349 5254 —

848 5313 992 5378 Haec
1035 5311 1490 5374 Bonaventura.

2457 4322 2509 4385 si
2546 4339 2697 4384 vero
2736 4321 2977 4403 aliquid
3022 4321 3287 4396 inducit,
3319 4340 3469 4403 ergo
3506 4322 3787 4404 aliquam
3818 4325 3959 4388 effi-

2458 4421 2543 4483 cit
2586 4421 3068 4504 dispositionem
3106 4437 3119 4482 :
3154 4421 3262 4483 sed
3304 4441 3430 4504 qua
3468 4421 3710 4484 ratione
3748 4432 3957 4504 potest

2457 4521 2524 4582 in
2568 4539 2782 4592 unam,
2818 4527 3025 4601 potest
3063 4527 3122 4582 et
3166 4519 3229 4580 in
3275 4519 3485 4582 aliam.
3522 4520 3684 4601 Ergo
3724 4522 3958 4603 positio

2458 4619 2579 4680 ista
2621 4617 3077 4679 irrationabilis
3119 4623 3235 4679 est.

2538 4716 2747 4778 Tertia
2777 4715 3008 4797 positio
3037 4723 3153 4790 est,
3186 4715 3355 4797 quod
3386 4715 3607 4779 formae
3636 4717 3955 4780 naturales

2457 4834 2621 4896 pene
2661 4833 2905 4888 omneS,
2939 4814 3015 4876 ad
3060 4814 3270 4876 minus
3311 4815 3690 4896 corporaleS,
3726 4824 3797 4878 ut
3830 4817 3955 4880 l'or-

2459 4933 2577 4976 mae
2625 4912 3087 4975 elementorum
3146 4920 3209 4974 et
3268 4912 3636 4986 mixtorum,
3688 4923 3839 4977 sunt
3892 4917 3955 4978 in

2459 5011 2741 5094 potentia
2772 5010 3074 5084 materiae,
3107 5018 3297 5091 atque
3327 5029 3442 5092 per
3470 5011 3783 5074 actionem
3821 5032 3958 5095 par-

2457 5109 2742 5171 ticularis
2785 5109 3030 5190 agentis
3074 5110 3432 5171 educuntur
3472 5110 3536 5171 in
3580 5118 3795 5172 aetum
3836 5129 3850 5173 :
3894 5121 3955 5174 et

2458 5209 2621 5270 hanc
2670 5207 2923 5271 videtur
2968 5215 3179 5269 tencre
3228 5206 3669 5289 PhilosophuS,
3712 5216 3955 5272 tenent-

2460 5326 2585 5394 que
2624 5325 2762 5370 eam
2798 5305 3225 5370 communiter
3255 5306 3541 5368 doctores
3579 5307 3641 5368 in
3674 5308 3951 5390 philoso-
