4334 6242
781 436 899 503 136

1460 457 1527 505 IN
1566 457 1791 504 Lunum
1831 456 1877 503 11
1918 455 2400 503 SENTENTIARUH.
2441 474 2522 485 —·
2563 456 2716 503 msr.
2761 456 2847 520 113
2891 456 3115 513 Qum-ST.
3159 457 3206 504 11

780 628 959 703 tiam,
1004 629 1114 692 sed
1162 629 1371 693 solum
1418 628 1771 692 secundum
1822 646 1960 691 esse
2010 626 2213 710 ipsius
2260 626 2359 691 :A
2387 626 2500 709 qui
2561 626 2822 701 corruit,
2873 645 2998 691 non
3057 628 3347 711 sequitur
3393 627 3564 710 quod
3619 626 3903 709 angelus

782 729 1133 791 secundum
1182 729 1351 811 quod
1394 726 1675 789 variatur
1717 746 1833 809 per
1874 734 2137 789 motum.
2181 726 2276 788 Id-

782 826 953 888 circo
976 844 1053 889 ex
1084 826 1324 889 unit-ate
1353 827 1627 889 materiae
1657 826 1827 889 nullo
1858 826 2042 887 modo
2069 831 2279 907 potest

781 942 919 987 esse
968 931 1221 1006 tempus
1269 944 1491 987 unum.
1523 960 1604 969 —
1647 924 1887 987 Idcirco
1932 922 2276 986 dicendum

780 1041 927 1085 cum
985 1021 1493 1086 commentatore
1554 1032 1779 1105 quarto
1839 1022 2272 1105 physicorum,

782 1121 952 1203 quod
990 1128 1245 1202 tempus
1286 1129 1381 1183 est
1420 1139 1619 1182 unum
1663 1120 1743 1183 ab
1783 1121 2024 1182 unitate
2064 1127 2278 1182 motus

782 1218 977 1301 primi
1022 1217 1299 1282 mobilis.
1342 1220 1618 1301 Tempus
1666 1219 1906 1301 quippe
1956 1236 2279 1300 compara-

783 1324 889 1378 tur
925 1316 1003 1378 ad
1044 1316 1226 1378 illum
1270 1324 1515 1379 motum
1555 1334 1683 1379 non
1714 1324 1959 1379 tantum
1997 1323 2069 1378 ut
2105 1334 2281 1378 men-

783 1433 932 1477 sura
958 1416 1038 1477 ad
1068 1422 1529 1491 mensuratum,
1553 1416 1721 1477 sicut
1748 1415 1826 1477 ad
1856 1414 2013 1477 alios
2044 1422 2276 1487 motuS,

784 1512 894 1575 sed
948 1512 1138 1576 etiam
1189 1513 1357 1575 sicut
1411 1513 1703 1576 accidens
1758 1514 1836 1576 ad
1890 1512 2277 1593 subjectum,

2385 725 2610 788 beatus
2654 734 3058 789 mensuretur
3098 727 3177 789 ad
3221 746 3428 790 aevum
3467 725 3726 800 diaboli,
3769 724 3924 792 sed.

2385 832 2660 886 econtra.
2694 860 2775 869 —
2802 824 2947 887 Haec
2986 824 3256 887 Thomas
3297 825 3363 886 in
3406 824 3674 906 Scripto.

2465 924 2544 984 At
2583 939 2734 985 vero
2779 921 2845 984 in
2890 922 3098 1004 prima
3144 930 3322 1005 parte
3372 922 3670 997 Summae,
3710 942 3898 1005 qu&

2385 1019 2590 1083 stione
2636 1019 2904 1094 decima,
2955 1021 3130 1083 addit
3179 1038 3194 1083 ε
3246 1021 3510 1094 Quidam
3557 1020 3896 1101 assignant

2387 1136 2642 1181 causam
2685 1118 2945 1181 unitatis
2975 1119 3282 1201 temporis
3311 1138 3389 1181 ex
3427 1119 3668 1181 unitate
3703 1126 3898 1182 aeter-

2385 1217 2625 1291 nitatiS,
2653 1236 2794 1299 quae
2822 1224 2920 1279 est
2948 1217 3340 1300 principium
3370 1218 3579 1280 omnis
3608 1218 3900 1280 duratio-

2387 1315 2508 1378 nis,
2544 1315 2774 1398 Sicque
2812 1333 3034 1379 omnes
3073 1317 3436 1380 durationes
3476 1324 3626 1379 sunt
3652 1335 3892 1389 unum,

2390 1413 2444 1476 si
2487 1414 2848 1477 attendatur
2888 1434 3108 1477 earum
3155 1415 3570 1498 principium,
3609 1434 3720 1478 seu
3767 1433 3902 1497 per

2391 1520 2752 1594 respectum
2801 1513 2880 1574 ad
2929 1512 3124 1593 illud3
3165 1514 3382 1595 plures
3425 1531 3576 1576 vero
3619 1520 3789 1587 sunt,
3833 1512 3902 1574 si

785 1611 955 1692 quod
995 1611 1256 1693 ponitur
1294 1612 1360 1673 in
1390 1611 1765 1675 definitione
1805 1612 2006 1692 ipsius
2040 1628 2055 1673 :
2088 1630 2125 1672 a
2154 1628 2281 1692 quo
2393 1610 2828 1673 consideretur
2869 1628 3090 1673 eorum
3137 1611 3471 1674 diversitas
3516 1631 3658 1693 quae
3699 1612 3902 1673 dura-

785 1708 1096 1772 unitatem
1146 1709 1751 1792 multitudinemque
1800 1710 2080 1772 sortitur.
2122 1709 2280 1772 Nam
2393 1709 2632 1771 tionem
2683 1709 3002 1792 recipiunt
3047 1729 3126 1772 ex
3174 1709 3428 1772 influxu
3478 1710 3671 1791 primi
3715 1709 3905 1791 prin-

786 1808 995 1890 primo
1040 1817 1366 1870 mensurat
1408 1817 1651 1871 motum
1695 1808 2020 1883 diurnum,
2062 1816 2125 1870 et
2167 1826 2283 1890 per
2316 1802 2366 1865 B
2395 1806 2568 1889 cipii.
2602 1807 2838 1870 Verum
2888 1808 3056 1871 istud
3098 1826 3226 1870 non
3275 1807 3543 1883 sufficit,
3585 1807 3903 1891 quoniam

786 1906 969 1969 illum
1003 1916 1243 1969 ceteros
1272 1907 2077 1980 omneS.Quemadmodum
2108 1906 2281 1969 enim

785 2002 1034 2067 decimo
1080 2005 1521 2087 Metaphysicae
1570 2005 1825 2079 dicitur,
1880 2005 2284 2087 unumquod-

785 2122 911 2185 que
942 2110 1347 2165 mensuratur
1380 2122 1494 2185 per
1535 2103 1815 2185 primum
1844 2111 1909 2165 et
1940 2102 2282 2164 minimum

786 2200 885 2264 sui
916 2200 1181 2283 generis.
1198 2199 1623 2264 conformiter
1652 2201 1993 2263 dicendum
2027 2200 2105 2262 de
2134 2217 2285 2273 reve,

787 2300 958 2381 quod
1015 2298 1094 2360 sit
1144 2318 1346 2361 unum
1404 2298 1485 2361 ab
1535 2298 1775 2361 unitate
1822 2297 2285 2381 simplicissimi

788 2416 929 2461 esse
970 2398 1442 2472 aeviternorum,
1475 2415 1750 2481 quorum
1794 2416 1995 2460 unum
2040 2406 2290 2480 oportet

789 2514 929 2559 esse
972 2496 1333 2579 simplicius
1380 2497 1527 2570 alic,
1569 2503 1640 2558 ut
1682 2495 1849 2559 infra
1890 2495 2284 2579 probabitur.

874 2595 939 2658 Si
968 2604 1181 2658 autem
1214 2594 1578 2675 objiciatur,
1602 2596 1771 2677 quod
1804 2614 2102 2657 mensura
2131 2594 2293 2656 mul-

791 2692 1121 2776 tiplicatur
1154 2693 1336 2774 juxta
1378 2693 1855 2756 multitudinem
1897 2701 2289 2756 mensurato-

794 2808 959 2855 rum.
992 2828 1074 2839 -—
1100 2793 1364 2869 RursuS,
1398 2794 1647 2875 primus
1686 2801 1750 2856 et
1782 2813 2071 2856 summus
2106 2812 2292 2874 ange-

794 2890 897 2954 lus
944 2891 1226 2953 creditur
1272 2891 1577 2953 cecidisse
1634 2898 1697 2953 et
1741 2890 1949 2953 factus
1999 2890 2290 2953 diabolus

2395 1924 2469 1968 ea
2497 1926 2639 1987 quae
2669 1913 2818 1968 sunt
2850 1925 3048 1969 unum
3084 1906 3404 1989 principio
3435 1914 3545 1969 aut
3573 1906 3898 1987 subjecto,

2396 2004 2749 2085 praesertim
2799 2012 3064 2079 remot0,
3113 2023 3242 2067 non
3291 2014 3441 2067 sunt
3490 2024 3688 2068 unum
3737 2005 3904 2067 sim-

2397 2103 2670 2186 pliciter,
2713 2104 2822 2166 sed
2865 2104 3218 2166 secundum
3263 2105 3437 2187 quid.
3471 2141 3552 2150 —
3587 2105 3906 2170 Praeterea

2397 2203 2476 2265 de
2533 2202 2908 2265 substantiis
2969 2202 3411 2285 spiritualibus
3473 2203 3709 2286 duplex
3767 2203 3905 2265 ruit

2397 2301 2634 2383 opinio.
2680 2302 2832 2375 Una,
2877 2303 3047 2383 quod
3095 2319 3316 2364 omnes
3364 2310 3812 2384 processerunt
3861 2322 3906 2364 a

2396 2401 2527 2463 Deo
2567 2399 2632 2461 in
2671 2401 2946 2481 quadam
2983 2400 3364 2482 aequalitate,
3397 2400 3715 2482 uniusque
3756 2420 3908 2483 spe-

2400 2497 2522 2561 ciei
2563 2498 3063 2579 specialissimae,
3097 2506 3170 2559 ut
3211 2498 3512 2580 Origenes
3555 2498 3751 2578 dixit3
3791 2499 3900 2563 vel

2400 2597 2624 2659 saltem
2657 2597 2872 2659 multae
2903 2615 3144 2671 earum,
3179 2597 3532 2659 secundum
3562 2598 3896 2679 quosdam.

2400 2694 2560 2768 Alia,
2612 2695 2781 2776 quod
2839 2695 3284 2776 profluxerunt
3341 2715 3376 2757 a
3431 2695 3560 2757 Deo
3615 2696 3898 2777 quodam

2399 2793 2598 2873 gradu
2637 2802 2700 2855 et
2745 2793 2967 2856 ordine
3011 2811 3025 2855 ε
3069 2795 3239 2875 quod
3283 2794 3342 2856 S.
3377 2792 3716 2876 Dionysius
3757 2814 3904 2857 sen-

2401 2891 2559 2954 sisse
2604 2892 2878 2967 vide'tur,
2930 2893 3042 2974 qui
3101 2892 3258 2955 dicit
3308 2892 3556 2955 decimo
3615 2894 3904 2975 capitulo

794 2991 1111 3073 pessimus
1146 3010 1160 3055 :
1194 3008 1343 3072 ergo
1369 2990 1550 3070 juxta
1580 3008 1753 3052 nunc
1783 2991 1972 3064 dicta,
1991 3009 2131 3053 esse
2160 3007 2291 3052 om·
2326 2986 2371 3051 C
2403 2990 2688 3053 Coelestis
2719 2990 3112 3064 hierarchiae,
3136 2992 3306 3072 quod
3339 2991 3504 3053 inter
3532 2991 3902 3073 spirituales

794 3087 976 3152 nium
1035 3090 1407 3171 angelorum
1466 3097 1829 3152 sanctorum
1887 3096 2292 3151 mensuratur

793 3187 873 3250 ad
914 3204 1121 3250 aevum
1165 3186 1402 3250 diaboli
1446 3195 1575 3249 tam
1620 3187 1904 3269 maligni.

876 3286 1407 3368 Respondendum
1452 3287 1531 3348 ad
1569 3286 1874 3367 primum,
1907 3286 2077 3367 quod
2120 3303 2294 3347 men-

794 3402 944 3462 sura
983 3390 1081 3445 est
1123 3383 1378 3465 duplex.
1423 3384 1557 3446 Una
1604 3383 1970 3457 intrinseca,
2012 3403 2154 3465 quae
2197 3390 2294 3445 est

795 3480 862 3543 in
908 3489 1271 3544 mensurato
1310 3482 1847 3563 quemadmodum
1886 3482 2182 3543 accidens
2225 3481 2292 3543 in

796 3578 1106 3659 subjecto.
1144 3578 1216 3640 Et
1249 3578 1385 3642 baec
1416 3574 1882 3662 multiplicatur
1916 3579 2099 3659 juxta
2129 3579 2292 3640 mul-

796 3676 1139 3739 titudinem
1189 3676 1536 3739 mensurati
1590 3695 1604 3739 :
1658 3677 1826 3739 sicut
1872 3678 2089 3759 plures
2144 3685 2295 3739 sunt

798 3775 981 3839 lineae
1012 3794 1153 3857 quae
1189 3781 1560 3837 mensurant
1597 3775 2062 3857 longitudinem
2101 3775 2296 3858 pluri-

798 3894 908 3936 um
938 3873 1281 3956 aequalium
1321 3892 1679 3955 corporum.
1704 3874 1845 3937 Alia
1872 3881 1970 3936 est
1996 3894 2296 3937 mensura

795 3972 1151 4035 extrinseca
1184 3992 1199 4035 ε
1231 3991 1424 4054 quam
1458 3989 1586 4034 non
1625 3979 1874 4054 oportet
1912 3972 2296 4054 multiplica-

796 4071 849 4133 ri
882 4071 1237 4133 secundum
1273 4071 1873 4153 multiplicationem
1903 4080 2293 4134 mensurato-

2401 3088 2788 3151 substantias
2826 3097 2975 3151 sunt
3003 3089 3248 3171 primae,
3285 3090 3507 3153 mediae
3534 3098 3600 3152 et
3628 3090 3902 3165 ultimae,

2402 3187 2596 3249 etiarn
2626 3186 2692 3249 in
2724 3205 2853 3251 uno
2883 3187 3077 3251 choro
3107 3207 3219 3250 seu
3249 3188 3470 3251 ordine
3499 3189 3899 3270 angelorum.

2402 3288 2618 3368 ltaque
2667 3288 3019 3349 secundum
3072 3286 3344 3369 primam
3393 3287 3761 3370 opinionem
3813 3289 3911 3351 di-

2403 3404 2546 3449 cere
2593 3394 2863 3467 oportet,
2906 3387 3074 3467 quod
3118 3386 3303 3467 plura
3351 3394 3500 3449 sunt
3539 3406 3692 3462 awa,
3735 3387 3912 3450 sicut

2404 3491 2555 3546 sunt
2603 3483 2790 3565 plura
2835 3484 3137 3546 aeviterna
3185 3484 3394 3566 prima
3439 3483 3725 3566 aequalia.
3781 3486 3910 3550 Sed

2403 3579 2756 3643 secundum
2802 3579 2992 3642 aliam
3041 3587 3138 3643 est
3185 3580 3550 3655 dicendum,
3601 3582 3774 3662 quod
3823 3582 3912 3646 sit

2403 3698 2605 3741 unum
2637 3698 2868 3753 aevum,
2903 3678 3070 3740 sicut
3097 3686 3423 3742 ostensum
3453 3686 3568 3741 est.
3599 3714 3683 3725 —
3709 3680 3912 3743 Inter-

2403 3776 2558 3837 dum
2597 3793 2852 3857 quoque
2889 3776 3203 3858 accipitur
3239 3795 3446 3839 aevum
3486 3794 3603 3859 pro
3641 3778 3903 3853 saeculo,

2403 3874 2573 3956 quod
2604 3880 2700 3935 est
2728 3872 3081 3936 durationis
3119 3873 3393 3954 alicujus
3423 3874 3513 3936 rei
3545 3874 3848 3957 periodus
3883 3894 3899 3940 ε

2403 3979 2466 4034 et
2505 3971 2593 4034 ita
2627 3972 2928 4037 dicuntur
2957 3972 3159 4034 multa
3193 3991 3342 4035 aeva.
3379 3972 3610 4054 Sicque
3647 3972 3715 4035 in
3753 3992 3905 4056 apo-

2404 4070 2661 4154 cryphis
2701 4069 2914 4133 Esdrae
2954 4070 3224 4132 habetur
3257 4087 3271 4131 ε
3305 4070 3594 4151 Majestas
3631 4080 3698 4134 et
3727 4081 3904 4153 pote-
3931 4093 4248 4145 nimam.

796 4189 963 4245 rum,
996 4169 1106 4231 sed
1150 4178 1246 4231 est
1283 4169 1351 4231 in
1392 4187 1521 4232 uno
1564 4170 1732 4232 sicut
1772 4169 1839 4231 in
1882 4169 2174 4250 subjecto
2215 4171 2293 4233 ad
2322 4172 2373 4234 D
2402 4178 2530 4231 stas
2581 4185 2861 4231 aevorum
2913 4176 3010 4230 est
3058 4170 3227 4251 apud
3279 4176 3363 4243 te,
3413 4169 3701 4233 Domine.
3753 4171 3904 4235 Haec
3929 4158 4025 4200 ⁴⁰·

798 4269 967 4351 quod
1009 4267 1211 4330 multa
1254 4276 1723 4341 mensurantur,
1758 4276 1829 4329 ut
1868 4268 2053 4330 multi
2098 4268 2293 4351 panni

798 4365 1196 4448 longitudine
1226 4365 1396 4428 ulnae
1427 4365 1637 4427 unius.
1674 4366 1904 4448 Sicque
1940 4366 2124 4429 multi
2166 4384 2297 4429 mo-

799 4474 901 4527 tus
948 4471 1397 4526 mensurantur
1434 4465 1512 4527 ad
1550 4483 1891 4527 numerum
1935 4465 2125 4527 unius
2167 4465 2295 4547 pri-

799 4564 889 4626 mi
919 4568 1152 4636 motuS,
1175 4562 1285 4643 qui
1316 4581 1621 4625 numerus
1652 4571 1748 4626 est
1775 4571 2062 4645 tempus3
2097 4564 2298 4627 multa

798 4679 1055 4745 quoque
1104 4662 1541 4742 permanentia
1599 4662 1676 4724 ad
1736 4661 2044 4723 unitatem
2104 4662 2297 4726 unius

799 4758 1254 4842 permanentiS,
1290 4759 1457 4839 quod
1487 4767 1584 4821 est
1612 4777 1840 4822 aevum.
1862 4794 1945 4804 --
1973 4760 2067 4822 Ad
2098 4760 2293 4835 aliud,

797 4858 968 4941 quod
1006 4877 1206 4939 quum
1247 4875 1454 4920 aevum
1495 4857 1577 4919 sit
1607 4857 2011 4940 participatio
2048 4859 2296 4920 aeterni-

794 4956 965 5032 tatis,
998 4964 1235 5039 quanto
1269 4956 1414 5037 plus
1453 4955 1695 5038 aliquid
1724 4964 1821 5018 est
1850 4956 1918 5018 in
1957 4957 2298 5039 participa-

796 5055 967 5117 tione
1010 5053 1401 5127 aeternitatiS‚
1441 5061 1618 5116 tanto
1660 5073 1777 5136 per
1818 5054 1997 5136 prius
2041 5074 2296 5117 mensu-

2403 4268 2575 4331 idem
2618 4266 2684 4329 in
2727 4266 3006 4329 Summa.

2482 4365 2797 4447 Amplius,
2838 4366 3056 4427 Petrus
3106 4364 3487 4446 positionem
3537 4367 3701 4429 hanc
3741 4368 3905 4431 'rho-

2407 4484 2526 4527 mae
2575 4464 2762 4547 plene
2810 4462 2916 4525 hic
2964 4463 3206 4525 recitat.
3249 4463 3382 4537 Qua
3429 4465 3710 4540 recitata,
3755 4484 3903 4530 mox

2408 4563 2582 4625 addit
2615 4578 2629 4623 :
2663 4562 2870 4625 Unum
2909 4567 3007 4623 est
3039 4580 3265 4623 aevum.
3302 4560 3498 4643 Cujus
3537 4562 3905 4644 subJectum

2409 4660 2667 4743 quidam
2700 4658 2922 4720 dicunt
2950 4676 3088 4719 esse
3119 4658 3417 4738 angelum
3447 4658 3756 4740 primum,
3775 4662 3906 4725 Deo

2409 4759 2476 4821 in
2541 4755 2916 4819 habitudine
2985 4755 3184 4836 magis
3251 4756 3708 4838 propinquum.
3783 4759 3906 4823 Sed

2405 4874 2605 4938 quum
2648 4854 2755 4917 ille
2794 4854 3036 4916 nullam
3077 4852 3504 4917 universalem
3544 4854 3775 4918 habeat
3809 4877 3908 4920 ra-

2405 4956 2644 5018 tionem
2679 4960 2974 5034 respectu
3011 4952 3307 5026 aliorum,
3339 4952 3483 5014 aliis
3522 4954 3909 5019 convenien—

2403 5053 2532 5115 tius
2561 5070 2700 5113 esse
2730 5050 3001 5123 videtur,
3034 5050 3205 5132 quod
3239 5050 3407 5113 sicut
3435 5050 3718 5133 primum
3755 5053 3906 5116 sub·

798 5161 973 5215 ratur
999 5168 1167 5216 aevo:
1189 5170 1516 5234 quumque
1546 5152 1808 5234 angelus
1838 5152 2061 5215 beatus
2094 5153 2295 5234 magis
2399 5151 2644 5232 jectum
2674 5148 2980 5230 temporis
3009 5156 3107 5211 est
3137 5147 3420 5230 primurn
3451 5148 3710 5225 mobile,
3729 5153 3903 5233 quod

800 5250 977 5312 sitin
1019 5249 1502 5333 participatione
1540 5249 1909 5313 aeternitatis
1947 5270 2139 5333 quam
2184 5250 2291 5312 ille

2403 5257 2500 5311 est
2541 5247 2832 5311 omnium
2871 5246 3088 5327 regula
3132 5254 3443 5322 motuum,
3477 5246 3569 5309 sic
3612 5248 3896 5330 primum
