4334 6242
596 1980 749 2031 quaest.
770 1978 812 2018 7.

870 487 987 552 190

1549 505 1613 550 IN
1655 505 1875 550 uatum
1918 504 1960 549 11
2002 502 2482 550 anmnrtAmm.
2529 521 2610 530 -·-·
2649 503 2803 548 DIST.
2851 503 2958 566 1113
3003 504 3226 560 QUAEST.
3274 505 3296 550 1

868 695 993 758 que
1024 678 1264 758 pauciS,
1290 676 1637 758 subjungit,
1658 677 1826 759 quod
1858 675 2062 738 forma
2092 695 2234 757 quae
2263 681 2360 736 est
2390 675 2442 736 A
2471 675 2613 738 alia.
2641 675 2869 757 Sicque
2903 674 2963 737 id
2994 677 3165 758 quod
3195 684 3288 738 est
3319 674 3566 737 actuale
3598 674 3664 737 in
3693 672 3972 736 essentia

867 775 1005 836 sine
1044 775 1327 848 materia,
1373 792 1496 838 non
1542 783 1749 857 potest
1787 793 1927 837 esse
1970 773 2355 854 subjectum.

864 874 1141 954 Angelus
1198 882 1411 936 autem
1461 873 1882 957 quorumdam
1932 871 2360 934 accidentium

864 980 961 1034 est
989 973 1371 1054 subjectum.
1407 973 1497 1034 Ad
1532 974 1650 1034 hoc
1680 971 1845 1036 valet
1878 973 2047 1054 quod
2077 971 2165 1033 ait
2197 970 2361 1032 libro

864 1070 941 1132 de
992 1071 1125 1132 Uno
1174 1078 1236 1132 et
1284 1071 1548 1144 unitate,
1601 1071 1679 1132 (16
1740 1069 1965 1150 angelo
2012 1077 2073 1130 et
2122 1069 2356 1142 anima,

863 1169 1034 1251 quod
1063 1169 1565 1250 unumquodque
1596 1187 1816 1231 eorum
1848 1187 2047 1229 unum
2087 1174 2184 1229 est
2213 1184 2359 1229 con-

860 1267 1191 1348 junctione
1244 1267 1461 1330 formae
1507 1275 1697 1349 atque
1750 1266 2047 1329 materiae.
2090 1301 2170 1311 —
2216 1265 2359 1327 Haec

862 1366 1230 1429 RicharduS.

940 1563 1235 1646 Amplius
1292 1563 1516 1645 quaerit
1576 1562 1946 1634 Richardus,
2008 1563 2230 1624 Utrum
2291 1561 2356 1622 in

861 1662 1103 1743 angelis
1132 1662 1217 1723 sit
1245 1661 1458 1743 aliqua
1489 1660 1673 1723 realis
1706 1660 2083 1742 compositio
2111 1679 2190 1722 ex
2219 1678 2357 1722 esse

862 1769 925 1823 et
972 1760 1263 1823 essentia.
1307 1760 1384 1822 Et
1430 1760 1723 1842 quamvis
1769 1761 1847 1821 de.
1894 1759 2013 1820 hac
2065 1757 2357 1840 quaestio-

2471 774 2701 854 angeli,
2726 773 2845 836 sub
2876 773 3000 836 alia
3031 774 3271 836 ratione
3299 782 3396 836 est
3429 792 3573 855 pars
3603 793 3736 836 suae
3767 791 3975 835 essen·

2472 872 2596 945 tiae,
2629 880 2819 954 atque
2849 872 2968 934 sub
2999 872 3122 934 alia
3153 872 3394 935 ratione
3423 880 3520 934 est
3546 871 3724 934 illius
3757 891 3974 934 essen-

2473 969 2576 1032 tiae
2617 970 2863 1032 actuale
2911 989 3050 1033 6336
3099 990 3210 1033 seu
3258 971 3631 1034 exsistentia
3675 970 3967 1033 actualis,

2474 1068 2632 1130 Hinc
2664 1068 3018 1130 secundum
3051 1069 3225 1141 istoS‚
3247 1087 3386 1131 esse
3415 1067 3622 1150 angeli
3654 1087 3784 1130 non
3817 1087 3974 1150 prae-

2472 1166 2721 1229 dicatur
2749 1168 2826 1229 de
2857 1167 2998 1246 ejus
3037 1168 3333 1240 essentia,
3367 1167 3534 1230 sicut
3564 1185 3681 1230 nec
3714 1186 3862 1249 pars
3891 1167 3972 1229 de

2473 1273 2621 1328 toto.
2657 1302 2736 1310 —
2770 1266 2890 1328 Sed
2939 1273 3158 1328 contra
3205 1266 3325 1328 hoc
3373 1266 3708 1347 arguitur:
3743 1267 3860 1328 Per
3908 1264 3972 1326 id

2472 1365 2641 1446 quod
2683 1373 2779 1427 est
2818 1363 3120 1446 possibile
3166 1365 3230 1426 in
3273 1365 3549 1427 essentia
3585 1364 3820 1446 angeli,
3863 1371 3978 1426 aut

2472 1462 2838 1544 intelligunt
2877 1465 3220 1526 carentiam
3265 1463 3676 1546 perfectionis
3714 1462 3980 1525 actuali-

2472 1561 2638 1634 tatis,
2671 1569 2781 1624 aut
2818 1561 3096 1643 aliquam
3115 1561 3458 1630 ,materiam
3497 1560 3979 1642 intelligibilem

2472 1678 2612 1741 quae
2641 1668 2738 1723 est
2768 1669 2991 1722 natura
3021 1660 3386 1742 potentialis
3416 1679 3540 1722 non
3573 1660 3976 1742 simpliciter,

2471 1758 2580 1819 sed
2635 1767 2927 1840 respectu
2981 1758 3203 1822 formae
3255 1759 3486 1841 angeli,
3528 1766 3637 1820 aut
3685 1758 3980 1841 aliquam

863 1879 945 1921 ne
989 1859 1345 1922 introducta
1392 1859 1520 1920 sint
1573 1858 1770 1920 multa
1812 1877 2003 1939 super
2046 1857 2353 1939 primum,
2394 1858 2442 1921 B
2473 1864 2759 1919 naturam
2822 1876 2979 1939 pure
3039 1857 3470 1939 potentialem.
3535 1859 3599 1920 Si
3659 1858 3978 1940 primum,

864 1958 1270 2020 distinctione
1328 1965 1568 2031 octava,
1621 1957 1974 2018 secundum
2025 1957 2353 2030 Thomam,

861 2057 1215 2130 Albertum,
1248 2057 1777 2128 Bonaventuram,
1801 2054 2143 2136 AEgidium,
2174 2055 2356 2117 Udal-

862 2155 1091 2229 ricum,
1126 2155 1477 2236 praesertim
1510 2171 1762 2235 quoque
1803 2153 2155 2214 secundum
2196 2152 2357 2214 Hen-

860 2255 1104 2331 ricum3
1136 2251 1242 2314 hic
1272 2261 1483 2314 tamen
1525 2252 1740 2334 aliqua
1771 2251 2022 2326 addam,
2055 2260 2117 2313 et
2149 2251 2356 2333 primo

858 2352 1210 2415 secundum
1239 2351 1645 2424 Richardum‚
1665 2351 1775 2431 qui
1809 2351 1886 2411 de
1917 2350 2035 2411 hoc
2066 2349 2359 2431 frequen·

857 2460 955 2513 ter
983 2450 1206 2513 scribit
1236 2450 1580 2532 opinative,
1612 2456 1677 2510 et
1706 2467 1899 2531 super
1931 2448 2210 2530 primum
2244 2448 2358 2510 dis-

857 2550 1009 2624 sert,
1043 2569 1115 2612 ac
1158 2549 1353 2612 refert
1394 2567 1461 2610 se
1504 2548 1583 2610 ad
1626 2547 1998 2610 secundum.

937 2650 1154 2730 Itaque
1184 2647 1271 2710 ait
1305 2665 1318 2709 :
1349 2647 1437 2709 Eo
1470 2647 1656 2708 modo
1686 2663 1813 2728 quo
1842 2646 2116 2708 essentia
2146 2646 2353 2728 angeli

858 2755 919 2808 et
949 2765 1087 2808 esse
1129 2745 1331 2827 ipsius
1368 2743 1701 2818 differunt,
1734 2751 1826 2806 est
1869 2743 2248 2826 compositio
2278 2764 2355 2806 ex

858 2845 1119 2907 eisdem.
1164 2844 1523 2924 Dicuntque
1570 2841 1790 2923 aliqui,
1839 2842 2010 2923 quod
2058 2861 2196 2904 esse
2246 2862 2354 2904 an·

856 2944 981 3024 geli
1014 2960 1139 3005 non
1172 2941 1387 3004 differt
1420 2941 1673 3003 realiter
1702 2960 1737 3002 a
1768 2959 1881 3007 sua
1911 2940 2208 3013 essentia,
2243 2941 2354 3002 sed

2470 1974 2671 2036 quum
2702 1956 2812 2018 illa
2845 1956 3124 2019 carentia
3154 1973 3281 2018 non
3322 1957 3487 2018 dicat
3528 1957 3696 2018 reale
3723 1955 3982 2037 aliquid

2471 2054 2838 2136 positivum,
2886 2072 3012 2117 non
3059 2061 3265 2137 potest·
3307 2073 3444 2118 esse
3489 2073 3633 2136 pars
3673 2054 3984 2117 essentiae

2467 2152 2694 2232 angeli.
2729 2153 2936 2234 Atque
2974 2154 3327 2215 secundum
3368 2154 3508 2228 hoc,
3541 2172 3680 2216 esse
3717 2153 3982 2215 actuale

2466 2251 2757 2313 essentiae
2786 2251 2991 2333 angeli
3028 2260 3195 2313 esset
3231 2251 3486 2314 realiter
3513 2271 3628 2314 sua
3663 2251 3978 2323 essentia,

2467 2366 2595 2410 non
2625 2349 2933 2412 differens
2963 2349 3044 2412 ab
3083 2368 3157 2412 ea
3187 2350 3540 2412 secundum
3580 2350 3822 2431 aliquid
3855 2369 3982 2432 po-

2467 2446 2730 2509 sitivum
2769 2447 3133 2509 absolutum
3174 2465 3286 2509 seu
3322 2447 3658 2509 relativum
3693 2465 3707 2510 :
3743 2447 3982 2530 sicque

2467 2563 2594 2606 non
2625 2554 2790 2608 esset
2820 2547 3110 2608 esscntiae
3148 2565 3316 2628 parS,
3350 2546 3461 2608 sed
3500 2553 3626 2609 tota
3663 2547 3978 2609 essentia.

2465 2643 2529 2706 Si
2563 2644 2938 2718 secundum,
2956 2645 3164 2707 adhuc
3195 2644 3355 2706 nihil
3384 2653 3552 2707 esset
3581 2644 3660 2707 de
3687 2646 3984 2708 essentia

2464 2742 2672 2824 angeli
2713 2743 2837 2805 nisi
2876 2742 3206 2805 actualitas
3242 2761 3256 2804 :
3287 2743 3586 2825 quoniam
3625 2745 3787 2806 sicut
3826 2763 3986 2826 pos-

2465 2839 2736 2902 sibilitas
2767 2840 2990 2904 formae
3019 2859 3147 2904 non
3177 2850 3343 2904 esset
3373 2842 3512 2924 ejus
3543 2842 3839 2916 essentia,
3876 2843 3982 2906 ita

2464 2957 2582 3000 nec
2621 2939 3010 3020 possibilitas
3045 2941 3338 3015 materiae,
3373 2941 3484 3004 sed
3525 2942 3982 3005 tantummodo

858 3042 1099 3104 ratione
1140 3041 1463 3102 dumtaxat
1500 3057 1513 3100 ε
1551 3038 1786 3101 idcirco
1834 3057 1909 3100 ex
1960 3057 2098 3101 esse
2146 3046 2210 3101 et
2257 3057 2352 3101 es·
2387 3043 2430 3106 C
2465 3039 2881 3100 constitutum
2913 3058 2991 3100 ex
3019 3040 3382 3102 actualitate
3416 3041 3694 3104 materiae
3724 3040 3982 3103 incom-

856 3140 1061 3202 sentia
1106 3157 1232 3202 non
1275 3145 1372 3200 est
1415 3137 1793 3219 compositio
1838 3137 1903 3198 in
1953 3137 2178 3218 angelo
2228 3138 2351 3200 nisi

855 3238 1207 3301 secundum
1268 3235 1598 3298 rationem.
1649 3271 1731 3280 —
1778 3234 1897 3297 Sed
1947 3235 2083 3297 haec
2132 3235 2352 3317 opinio

852 3346 1018 3400 stare
1062 3353 1188 3398 non
1232 3334 1446 3397 valet:
1481 3334 1633 3415 quia
1676 3353 1818 3415 quae
1859 3333 1992 3396 sola
2041 3334 2354 3396 differunt

854 3436 1118 3509 ratione,
1152 3434 1230 3496 (16
1260 3451 1328 3495 36
1360 3432 1633 3496 invicem
1668 3431 2112 3513 praedicantur,
2146 3440 2218 3493 ut
2246 3450 2351 3512 ge-

854 3553 974 3595 nus
1023 3533 1101 3595 de
1150 3531 1385 3613 specie,
1437 3537 1507 3591 ut
1556 3530 1801 3612 species
1850 3530 1928 3592 de
1979 3530 2346 3608 individu03

854 3632 989 3694 haec
1030 3638 1243 3692 autem
1294 3635 1391 3691 est
1438 3628 1617 3702 falsa,
1654 3628 1803 3690 Esse
1846 3628 2051 3708 angeli
2097 3636 2193 3690 est
2236 3647 2350 3690 sua

853 3729 1146 3792 essentia.
1181 3727 1503 3800 Praeterea,
1536 3727 1715 3807 Hugo
1756 3725 1963 3807 primo
2007 3725 2348 3788 Didascali-

854 3847 996 3903 con,
1039 3826 1319 3909 capitulo
1366 3832 1544 3887 sexto
1579 3842 1593 3886 τ
1628 3826 1696 3886 In
1746 3823 1880 3886 solo
1917 3825 2184 3905 (inquit)
2221 3825 2348 3887 Deo

854 3927 1023 3989 idem
1067 3933 1162 3988 est
1204 3945 1333 3984 esse
1374 3930 1435 3986 et
1480 3927 1653 4004 quod
1694 3933 1807 3982 esc.

932 4025 1054 4088 Alii
1094 4023 1338 4095 dicunt,
1373 4022 1541 4104 quod
1583 4041 1781 4103 quum
1822 4022 2093 4083 essentia
2139 4022 2348 4102 angeli

853 4123 935 4187 sit
962 4123 1312 4206 composita
1351 4140 1429 4184 ex
1466 4120 1697 4183 actuali
1738 4128 1801 4182 et
1839 4120 2153 4201 possibili,
2191 4120 2347 4183 illud

2462 3137 2654 3218 pleta‚
2687 3145 2750 3199 et
2778 3137 3140 3200 actualitate
3179 3138 3400 3201 formai
3431 3139 3806 3221 complente.
3834 3140 3984 3202 Sie-

2461 3253 2586 3315 que
2626 3235 2835 3296 adhuc
2877 3243 3269 3315 sequeretur,
3317 3237 3486 3318 quod
3527 3237 3770 3299 actuale
3815 3255 3976 3300 esse

2461 3333 2668 3413 angeli
2699 3340 2867 3394 esset
2897 3332 3151 3395 realiter
3180 3353 3294 3396 sua
3323 3335 3618 3409 essentia,
3653 3352 3778 3397 non
3809 3354 3976 3418 pars

2461 3432 2619 3511 ejus.
2666 3432 2730 3494 Si
2777 3433 3059 3507 tertium,
3101 3433 3451 3514 probabilis
3500 3444 3666 3499 esset
3713 3436 3970 3517 opium,

2462 3531 2794 3612 supposito
2848 3531 3017 3611 quod
3079 3530 3142 3592 in
3199 3539 3423 3595 natura
3477 3535 3684 3615 angeli
3743 3545 3976 3615 posset

2460 3647 2599 3690 esse
2629 3628 2841 3710 aliqua
2873 3638 3096 3691 natura
3128 3648 3286 3711 pure
3316 3631 3678 3712 potentialis
3705 3634 3784 3694 (16
3811 3632 3974 3713 ejus

2461 3726 2756 3800 essentia,
2813 3735 3030 3808 utpote
3089 3728 3438 3809 spiritualis
3497 3731 3776 3792 materia.
3831 3731 3970 3794 Sed

2460 3823 2761 3906 quoniam
2803 3823 2866 3886 id
2905 3825 3073 3906 quod
3113 3833 3209 3888 est
3251 3825 3386 3889 loco
3427 3829 3706 3891 materiae
3743 3828 3808 3890 in
3845 3849 3973 3891 an-

2459 3923 2621 4004 gelo,
2644 3941 2772 3985 non
2802 3930 2898 3984 cst
2926 3930 3150 3986 natura
3181 3943 3340 4006 pure
3371 3926 3754 4006 potentialiS,
3786 3927 3972 3990 sicut

2462 4021 2698 4102 patebit
2733 4021 3059 4102 (videlicet
3099 4022 3248 4104 quia
3287 4023 3637 4106 spiritualis
3677 4025 3784 4087 illa
3821 4045 3971 4088 ma-

2461 4120 2618 4181 teria
2647 4127 2742 4182 est
2770 4119 3031 4180 alterius
3073 4121 3333 4183 rationis
3365 4141 3401 4182 a
3433 4123 3694 4185 materia
3731 4141 3972 4206 corpo-

852 4222 1022 4306 quod
1060 4231 1155 4285 est
1197 4219 1443 4283 actuale
1487 4220 1554 4281 in
1595 4219 1736 4300 ejus
1779 4221 2075 4292 essentia,
2120 4227 2216 4281 est
2253 4237 2351 4281 ac·
2380 4223 2429 4285 D
2460 4219 2738 4298 ralium),
2773 4218 2914 4280 ideo
2957 4218 3050 4279 illi
3094 4219 3384 4300 opinioni
3425 4239 3552 4283 non
3600 4224 3964 4287 consentio.

850 4321 1021 4385 tuale
1050 4339 1187 4383 6336
1217 4319 1439 4400 ipsius.
1477 4318 1551 4379 Et
1582 4318 1634 4379 si
1666 4317 2027 4398 objiciatur,
2058 4318 2229 4399 quod
2259 4337 2351 4380 es-

851 4419 1055 4482 sentia
1084 4424 1287 4500 potest
1316 4415 1583 4496 intelligi
1615 4415 1889 4497 simplici
1924 4415 2350 4478 intellectione

853 4523 1081 4599 praeter
1134 4512 1448 4576 actualem
1512 4505 1654 4593 ej'us
1710 4512 2168 4586 exsistentiam,
2231 4533 2349 4576 nec

852 4620 1061 4697 potest
1091 4611 1361 4693 intelligi
1393 4619 1621 4692 praeter
1651 4629 1725 4673 ea
1754 4629 1897 4691 quae
1925 4618 2070 4672 sunt
2100 4611 2177 4673 de
2208 4611 2348 4691 ejus

852 4713 1114 4786 ratione,
1150 4730 1261 4773 seu
1312 4717 1541 4792 praeter
1588 4709 1650 4770 id
1699 4708 1868 4789 quod
1914 4709 2052 4790 ipsa
2091 4717 2221 4788 est3
2255 4729 2349 4771 re-

850 4811 1186 4893 spondent,
1246 4807 1415 4891 quod
1474 4807 1737 4887 angelus
1800 4807 2066 4887 intelligi
2127 4809 2350 4888 nequit

850 4928 979 4973 non
1021 4908 1341 4971 intellecta
1379 4924 1444 4967 re
1485 4923 1627 4987 quae
1664 4913 1761 4966 est-
1799 4904 1940 4985 ejus
1980 4905 2349 4968 exsiste-ntia

849 5007 1139 5080 actualiS,
1172 5003 1465 5087 quamvis
1497 5020 1624 5065 non
1655 5002 1774 5064 sub
1812 5003 2054 5065 ratione
2082 5005 2349 5067 actualis

850 5103 1255 5169 exsistentiae.
1308 5102 1436 5165 Nec
1490 5100 1745 5163 mirum.
1800 5100 1974 5174 Quod
2026 5103 2200 5163 enim
2253 5110 2350 5164 est

851 5222 1054 5268 unum
1097 5203 1165 5264 in
1204 5219 1294 5275 re,
1331 5205 1534 5282 potest
1572 5217 1711 5260 esse
1752 5199 1933 5280 plura
1966 5199 2231 5274 ratione,
2263 5207 2350 5262 at-

850 5323 977 5390 que
1009 5298 1279 5384 intelligi
1310 5296 1431 5360 sub
1463 5315 1587 5358 una
1616 5315 1730 5360 sua
1758 5297 2023 5370 ratione,
2059 5313 2186 5359 non
2225 5298 2346 5359 suh

2539 4316 2661 4379 Alii
2693 4316 2935 4390 dicunt,
2968 4318 3138 4398 quod
3169 4337 3308 4380 esse
3337 4320 3544 4400 angeli
3579 4321 3742 4383 ultra
3770 4341 3968 4387 suam

2459 4415 2799 4478 essentiam
2843 4415 3017 4477 addit
3065 4435 3199 4478 rem
3243 4416 3524 4499 aliquam
3571 4418 3966 4494 absolutam,

2459 4514 2547 4576 ita
2593 4514 2764 4595 quod
2805 4533 2944 4576 esse
2987 4522 3082 4576 est
3121 4522 3301 4577 actus
3344 4517 3658 4592 essentiae,
3690 4537 3806 4580 nec
3857 4529 3966 4582 est

2457 4612 2774 4687 accidenS,
2817 4612 2950 4675 imo
2990 4620 3084 4674 est
3128 4613 3282 4694 quid
3326 4614 3606 4677 nobilius
3653 4619 3964 4692 essentia,

2459 4711 2610 4791 quia
2655 4711 2932 4772 essentia
2977 4711 3124 4792 plus
3170 4711 3360 4774 habet
3402 4712 3480 4774 (16
3527 4714 3968 4796 possibilitate

2458 4828 2652 4890 quam
2683 4827 2821 4870 esse
2851 4829 3040 4871 suum
3069 4827 3083 4871 τ
3111 4811 3278 4891 quod
3311 4810 3676 4893 intelligunt
3705 4815 3782 4876 de
3809 4831 3966 4878 esse

2458 4907 2712 4980 actuali,
2764 4907 2914 4988 quia
2964 4908 3028 4969 in
3087 4909 3206 4971 hoc
3265 4910 3476 4971 cuncti
3537 4913 3962 4988 conveniunt,

2459 5005 2627 5086 quod
2659 5023 2797 5067 esse
2836 5006 3126 5069 essentiae
3156 5026 3282 5069 non
3323 5007 3542 5070 dissert
3579 5009 3833 5072 realiter
3871 5012 3965 5075 ab

2459 5104 2733 5166 essentia
2775 5104 2998 5166 saltem
3043 5124 3109 5166 re
3151 5104 3458 5168 absoluta.

2537 5200 2659 5263 Alii
2693 5201 2934 5276 dicunt,
2968 5203 3136 5284 quod
3167 5223 3306 5266 esse
3340 5204 3432 5266 nil
3472 5204 3760 5269 absolute
3793 5208 3964 5272 dicit

2459 5318 2652 5381 super
2697 5301 3037 5363 essentiam
3085 5302 3291 5383 angeli
3339 5321 3452 5366 seu
3500 5303 3796 5382 aliorum,
3837 5309 3962 5374 sed
