4334 6242
142 4330 206 4369 ut.
229 4332 262 4373 ὁ.

705 508 792 558 ΑΝ
833 510 1056 559 Ansam
1098 508 1640 558 rnmscnassonas
1684 509 1746 556 m
1789 509 2008 555 Annam·
2039 508 2443 556 ciimcmostm
2487 507 2622 555 sim·
2663 508 2939 565 narnusr,
2982 506 3109 555 mc.
3346 484 3461 553 331

352 682 575 746 libello
605 684 683 745 de
714 684 993 756 Quatuor
1031 682 1448 762 novissimis),
1482 690 1543 743 ct
1587 680 1750 742 infra
1786 680 1856 741 li-
1886 678 1934 741 A
1969 678 2136 741 xisse
2167 680 2463 761 leguntur
2494 680 2558 741 in
2592 679 3154 761 Evangelionesu‚
3180 677 3293 740 Fili
3327 678 3461 751 Dei,
3492 696 3759 751 Macetum.

352 782 468 845 bro
519 791 767 865 quarto,
811 782 864 843 si
916 783 1082 844 Deus
1130 781 1441 861 gloriosus
1491 787 1554 842 et
1602 787 1857 841 sanctus

351 881 761 955 concesserit,
823 879 1126 941 diffusius
1183 878 1536 941 elucidabO.
1601 876 1860 939 Guillel-

351 998 498 1041 mus
541 998 796 1062 quoque
837 978 1208 1041 Parisiensis
1239 985 1298 1039 et
1339 976 1647 1038 Henricus
1688 976 1856 1037 idem

349 1076 652 1139 fatentur.
703 1077 848 1140 Haec
900 1095 1070 1138 nunc
1125 1075 1516 1138 tantumdem
1577 1074 1859 1154 tetigisse

348 1175 654 1238 sufficiat.
689 1174 956 1249 Quidam
999 1192 1150 1237 vero
1189 1174 1472 1237 volentes
1513 1173 1590 1234 de
1632 1172 1748 1234 hac
1790 1190 1858 1233 re

347 1274 674 1336 subtiliter
718 1273 918 1355 loqui,
952 1272 1198 1336 ruditer
1238 1279 1386 1333 sunt
1428 1271 1622 1333 locuti
1657 1288 1671 1331 z
1706 1287 1860 1352 quo—

348 1391 494 1435 rum
545 1372 736 1435 etiam
783 1370 1000 1454 opinio
1044 1371 1337 1432 timorem
1383 1370 1492 1432 Dei
1539 1369 1858 1431 minueret

349 1470 416 1532 in
463 1470 765 1532 cordibus
811 1470 1258 1552 plurimorum.

428 1570 718 1651 Denique
764 1569 930 1650 quod
977 1569 1220 1631 dictum
1267 1575 1383 1641 est,
1418 1575 1677 1649 peccata
1723 1566 1856 1627 ani-

347 1687 600 1729 marum
653 1685 990 1749 pravarum
1043 1685 1182 1729 esse
1227 1666 1474 1728 minora
1515 1666 1689 1727 vitiis
1737 1664 1858 1726 da»-

346 1784 639 1837 monum,
691 1784 819 1827 non
870 1765 1122 1828 videtur
1171 1764 1617 1827 universaliter
1663 1771 1852 1844 atque

1967 779 2119 859 quid
2174 779 2404 840 venisti
2453 786 2600 840 ante
2650 786 2903 860 tempus
2952 786 3247 859 torquere
3304 779 3465 839 nos?
3494 764 3561 803 ²⁹·

1966 877 2272 949 Quocirca
2331 876 2613 958 loquitur
2662 875 2879 939 Glossa
2933 893 2945 936 :
3002 876 3299 938 Sciebant
3343 874 3466 937 sibi

1965 974 2247 1036 futuram
2280 974 2344 1036 in
2377 975 2486 1037 Dei
2517 974 2763 1055 judicio
2793 974 3283 1036 damnationem.
3304 972 3470 1035 Prin·

1965 1092 2114 1154 ceps
2163 1090 2418 1154 quoque
2455 1072 2899 1154 Apostolorum
2952 1073 3169 1134 Petrus
3204 1089 3219 1133 z
3254 1072 3468 1135 Reser-
3523 1094 3759 1147 upana,

1965 1178 2215 1245 vantur,
2248 1171 2357 1243 ait,
2392 1171 2718 1234 cruciandi
2750 1171 2815 1232 in
2843 1170 3087 1252 judicio
3122 1188 3136 1233 ε
3169 1177 3322 1233 tunc
3354 1172 3469 1234 sci·
3493 1160 3533 1199 ⁴·

1968 1270 2114 1331 licet
2167 1269 2483 1351 recepturi
2536 1288 2665 1333 suae
2717 1269 3140 1332 damnationis
3191 1270 3467 1353 comple-

1965 1377 2273 1431 mentum.
2296 1367 2469 1431 Unde
2500 1368 2717 1431 Glossa
2738 1385 2751 1429 :
2772 1368 2983 1431 Restat
3012 1368 3219 1431 adhuc
3250 1370 3463 1432 ultimi

1965 1486 2154 1549 poena
2200 1466 2450 1546 judicii,
2485 1467 2636 1547 quia
2684 1475 2937 1549 paratus
2980 1476 3077 1529 est
3126 1467 3291 1549 ignis
3333 1470 3464 1531 dia·
3492 1492 3763 1549 Mateaxxv.

1965 1565 2112 1629 holo
2154 1574 2217 1627 et
2260 1566 2501 1647 angelis
2550 1564 2709 1646 ejuS.
2743 1565 2881 1628 Non
2927 1567 3100 1628 enim
3152 1567 3467 1648 permittit
3491 1560 3561 1600 ⁴¹·

1964 1684 2070 1727 eos
2115 1666 2281 1727 Deus
2325 1664 2638 1737 consumi,
2674 1665 2783 1726 sed
2830 1672 3057 1739 servat,
3092 1673 3161 1726 ut
3208 1666 3465 1745 gravius

1965 1763 2315 1845 puniantur
2345 1782 2489 1824 cum
2526 1762 2835 1824 membris
2876 1763 3029 1825 suia.
3063 1764 3224 1825 Hinc
3257 1765 3465 1827 adhuc

343 1863 733 1945 simpliciter
793 1882 980 1946 posse
1045 1863 1336 1943 intelligi,
1399 1862 1716 1943 loquendo
1773 1862 1850 1922 de
1889 1862 2114 1924 Bsunt
2163 1861 2228 1923 in
2279 1869 2443 1923 statu
2494 1861 2861 1923 demerendi
2909 1881 3113 1943 usque
3160 1863 3237 1923 ad
3292 1864 3470 1926 diem-

347 1962 628 2043 peccatis
671 1964 1033 2025 daemonum
1077 1960 1585 2043 praecedentibus
1628 1977 1849 2021 eorum

343 2060 726 2139 ejectionem
779 2067 842 2121 et.
887 2058 1382 2131 damnationem,
1428 2057 1664 2140 quibus
1713 2076 1852 2139 pro-

345 2158 485 2239 prie
517 2158 989 2220 demeruerunt.
1026 2158 1291 2230 Quidam
1325 2157 1521 2229 enim,
1556 2164 1624 2218 ut
1655 2156 1855 2218 cruci-

345 2257 370 2317 f
374 2257 582 2319 ixores
615 2256 848 2319 Christi
887 2264 950 2317 et
979 2255 1412 2319 haeresiarchae
1451 2274 1524 2316 ac
1555 2273 1848 2336 persecu-

345 2362 513 2417 tores
565 2354 864 2417 Ecclesiae
912 2360 976 2416 et
1023 2354 1130 2416 alii
1181 2353 1391 2427 multi,
1424 2361 1851 2435 peccaverunt

343 2452 701 2525 enormiter,
717 2451 1158 2534 multipliciter
1187 2459 1250 2513 et
1279 2451 1461 2533 quasi
1491 2451 1852 2513 innumera-

344 2550 562 2613 biliter
592 2550 798 2612 nimis
818 2550 964 2612 ldeo
994 2550 1205 2631 potius
1236 2549 1496 2619 aestimo,
1518 2550 1684 2631 quod
1719 2549 1851 2630 qui-

343 2650 490 2710 dam
542 2648 836 2710 homines
876 2647 1134 2728 gravius
1183 2655 1608 2729 peccaverunt
1652 2666 1842 2728 quam

343 2747 664 2809 daemones
698 2746 980 2827 quidam,
1015 2754 1075 2807 et
1118 2764 1232 2828 per
1261 2763 1656 2826 consequens
1685 2745 1875 2807 acri--

343 2863 452 2908 ora
493 2844 702 2907 ferant
744 2845 1080 2927 supplicia.

419 2944 745 3005 Postremo
783 2943 836 3004 si
876 2943 1195 3005 daemones
1239 2961 1362 3005 non
1405 2942 1847 3023 affligerentur

1959 1959 2209 2041 judicii.
2258 1960 2401 2021 Haec
2446 1958 2814 2021 Richardus,

2043 2059 2276 2120 Verum
2332 2057 2433 2119 his
2482 2056 2679 2137 objici
2738 2065 2966 2139 potest,
3019 2060 3188 2141 quod
3240 2059 3465 2123 scribit

1963 2158 2022 2219 S.
2045 2156 2315 2219 Thomas
2347 2156 2557 2237 prima
2587 2164 2763 2236 parte
2797 2156 3463 2239 Summae,quaestione

1962 2254 2353 2334 sexagesima
2392 2262 2615 2335 quarta
2649 2272 2661 2315 :
2696 2254 2963 2331 Quidam
3003 2256 3321 2331 dixerunt,
3364 2277 3465 2321 us·
3543 2282 3599 2325 aa
3616 2287 3711 2333 au,

1962 2372 2086 2434 que
2115 2354 2194 2414 ad
2226 2353 2392 2414 diem
2425 2351 2653 2432 judicii
2692 2352 2941 2415 differri
2974 2371 3228 2436 poenam
3268 2355 3465 2417 sensi-

1963 2451 2158 2513 bilem
2210 2458 2339 2511 tam
2384 2450 2743 2512 daemonum
2797 2470 2989 2532 quam
3036 2452 3393 2515 animarum
3445 2472 3459 2517 ε

1961 2550 2131 2631 quod
2173 2556 2269 2611 est
2308 2547 2559 2609 falsum.
2596 2548 2719 2611 Alii
2760 2568 2909 2611 vero
2949 2551 3025 2611 de
3066 2552 3463 2614 daemonibus

1961 2647 2071 2709 sed
2117 2666 2242 2709 non
2285 2648 2361 2709 de
2400 2646 2735 2709 animabus
2780 2648 3137 2710 concedunt
3176 2649 3314 2712 hoc.
3349 2651 3465 2712 Ve-

1961 2748 2093 2809 rius
2124 2754 2338 2809 tamen
2368 2754 2487 2821 est,
2510 2747 2680 2827 quod
2711 2747 2876 2809 idem
2906 2747 3223 2827 judicium
3260 2756 3355 2811 est
3384 2751 3463 2813 de

1961 2844 2146 2906 malis
2176 2843 2513 2906 animabus
2544 2853 2606 2906 et
2637 2846 2713 2907 de
2744 2845 2985 2926 angelis
3018 2847 3224 2922 maliS,
3249 2867 3466 2929 quem-

1959 2942 2302 3005 admodum
2336 2942 2505 3004 idem
2537 2942 2853 3023 judicium
2896 2952 2992 3005 est
3020 2944 3098 3007 de
3127 2945 3462 3009 animabus

344 3042 488 3122 igne
530 3040 828 3103 infernali
867 3040 992 3102 nisi
1031 3041 1448 3123 spiritualiter
1479 3048 1750 3107 tantum,
1783 3048 1846 3101 et
1885 3048 1927 3110 C
1956 3042 2147 3122 justis
2194 3049 2257 3102 et
2298 3041 2540 3121 angelis
2582 3042 2837 3104 sanctis.
2872 3042 3032 3104 Hinc
3074 3043 3239 3106 sicut
3284 3045 3461 3107 locus

341 3140 615 3221 quadam
665 3140 764 3219 (ut
812 3140 1074 3219 dicitur)
1119 3139 1503 3219 alligatione,
1554 3138 1846 3200 homines

341 3236 597 3320 reprobi
644 3244 788 3319 post
829 3236 999 3298 diem
1049 3237 1316 3298 extremi
1363 3235 1589 3316 judicii
1641 3235 1846 3297 multo

339 3344 400 3397 et
431 3355 597 3417 pene
632 3334 1218 3418 incomparabiliter
1248 3334 1563 3417 poenalius
1593 3343 1844 3416 torque-

341 3442 560 3494 rentur
589 3433 670 3495 ab
704 3433 848 3514 igne
882 3432 990 3495 illo
1031 3452 1220 3514 quam
1263 3433 1600 3494 daemoneS.
1635 3432 1844 3495 Multae

339 3550 594 3614 quoque
638 3531 952 3595 notabiles
995 3549 1067 3592 ac
1116 3530 1246 3592 fide
1291 3531 1496 3611 dignae
1540 3530 1839 3604 visioneS,

338 3630 792 3712 apparitioneS,
855 3630 984 3691 imo
1049 3636 1110 3690 et
1172 3630 1838 3711 experimentationes,

339 3728 702 3810 frequenter
733 3726 1163 3809 patefecerunt
1190 3736 1376 3809 atque
1407 3735 1646 3791 testatae
1676 3734 1836 3803 sunt,

337 3826 580 3888 animas
615 3845 688 3889 ac
727 3827 1048 3889 daemones
1087 3843 1391 3909 corporeo
1433 3826 1576 3908 igne
1617 3828 1840 3890 ineffa-

339 3923 453 3986 bili
493 3926 705 3997 modo,
744 3942 914 3999 vere,
958 3924 1288 3999 acerrime,
1334 3924 1840 3989 intolerabiliter-

339 4042 462 4105 que
499 4024 805 4105 torqueri.

418 4122 504 4185 De
542 4122 644 4184 his
683 4121 940 4184 demum
985 4121 1266 4204 loquitur
1294 4123 1565 4185 Thomas
1606 4122 1670 4186 in
1711 4124 1839 4206 pri-

1959 3140 2236 3203 coelestis
2285 3139 2361 3200 ad
2419 3138 2687 3220 gloriam
2740 3140 3015 3222 pertinet
3063 3142 3455 3222 angelorum,

1956 3256 2230 3320 quorum
2274 3245 2486 3298 tamen
2534 3256 2661 3299 non
2706 3238 3021 3301 minuitur
3060 3240 3261 3320 gloria
3304 3242 3455 3304 dum

1954 3335 2221 3397 veniunt
2252 3334 2329 3397 ad
2362 3353 2499 3407 n08‚
2535 3334 2686 3415 quia
2714 3336 3117 3397 considerant
3156 3337 3340 3399 illum
3372 3340 3458 3401 lo-

1955 3452 2103 3495 cum
2137 3451 2275 3494 esse
2307 3451 2493 3493 suum
2525 3432 2629 3511 (eo
2662 3433 2850 3494 modo
2880 3452 3008 3514 quo
3043 3434 3316 3497 dicimus
3347 3436 3457 3500 ho-

1955 3549 2175 3592 norem
2216 3530 2501 3611 episcopi
2542 3548 2669 3591 non
2711 3530 2914 3592 minui
2956 3532 3109 3593 dum
3151 3541 3298 3595 actu
3327 3554 3456 3598 non

1953 3630 2130 3691 sedet
2172 3629 2236 3691 in
2277 3628 2635 3709 cathedra);
2670 3629 2761 3691 sic
2802 3628 3121 3693 daemones
3160 3634 3455 3713 quamvis

1952 3736 2096 3790 actu
2127 3746 2252 3789 non
2282 3727 2619 3808 alligentur
2650 3726 2943 3789 infernali
2976 3728 3273 3793 incendio
3302 3731 3453 3794 dum

1952 3834 2101 3888 sunt
2148 3826 2213 3887 in
2264 3844 2407 3887 aere
2462 3824 2583 3887 isto
2643 3826 3009 3907 caliginoso,
3061 3835 3272 3891 tamen
3333 3831 3452 3893 hoc

1952 3926 2092 4008 ipso
2138 3925 2308 4008 quod
2358 3924 2569 3987 sciunt
2615 3924 2739 3987 sibi
2790 3925 2964 3987 illam
3017 3926 3448 4007 alligationem

1949 4023 2190 4097 deberi,
2244 4042 2369 4086 non
2426 4023 2739 4085 minuitur
2786 4043 2975 4106 poena
3025 4043 3266 4089 eorum.
3318 4028 3447 4091 Nec

1948 4123 2177 4197 obstat,
2211 4122 2378 4206 quod
2422 4121 2741 4185 Christum
2788 4133 3168 4204 rogaverunt
3210 4134 3280 4188 ut
3317 4145 3445 4191 non
3471 4116 3766 4205 Lucxmm.

339 4239 444 4282 ma
487 4228 668 4303 parte
715 4220 1016 4294 Summae,
1051 4220 1398 4303 quaestione
1447 4223 1838 4303 sexagesima
1867 4227 1917 4290 D
1949 4222 2229 4285 mitteret
2274 4240 2380 4284 eos
2425 4220 2489 4284 in
2531 4220 2829 4305 abyssum
2871 4239 2885 4284 ε
2929 4222 3083 4304 quia
3124 4223 3243 4287 hoc
3286 4228 3445 4308 peti-

339 4328 580 4401 quarta,
614 4337 778 4402 pene
809 4320 1030 4383 eadem
1063 4338 1203 4401 quae
1233 4319 1352 4382 hoc
1384 4319 1540 4383 loco.
1574 4356 1653 4365 —
1683 4321 1838 4385 Con-

338 4419 552 4480 cordat
595 4418 835 4481 Petrus.

417 4516 604 4579 Porro
653 4516 1001 4580 Richardus
1059 4535 1175 4600 pro
1223 4517 1448 4597 majori
1502 4526 1678 4599 parte
1735 4518 1834 4583 his

336 4632 710 4689 consonanS,
742 4614 955 4697 aliqua
983 4616 1194 4677 addit:
1220 4617 1334 4678 Per
1373 4616 1718 4691 infernum,
1745 4618 1836 4680 in-

336 4713 582 4794 quienS,
639 4712 994 4793 intelligere
1053 4732 1391 4796 possumus
1458 4714 1835 4778 infernalem

335 4810 544 4874 locum
579 4812 644 4873 in
679 4830 868 4893 quem
909 4813 1194 4874 nondum
1235 4814 1553 4875 daemones
1593 4815 1836 4877 cecide-

335 4916 503 4984 runt,
536 4919 601 4973 et
647 4910 798 4972 item
840 4910 1230 4992 supplicium
1272 4910 1600 4973 infernale.
1639 4913 1837 4976 Credo

335 5015 570 5083 autem,
604 5010 774 5091 quod
812 5008 1019 5070 adhuc
1061 5027 1186 5071 non
1233 5019 1608 5091 receperunt
1650 5011 1839 5074 infer-

339 5104 502 5167 nalis
531 5106 830 5188 supplicii
871 5107 1436 5189 complementum,
1471 5110 1580 5171 sed
1623 5109 1840 5172 differ-

339 5212 446 5265 tur
484 5224 683 5287 usque
723 5205 800 5267 ad
836 5204 1175 5286 judicium,
1211 5206 1502 5287 quamvis
1543 5227 1834 5289 magnam

339 5310 400 5363 et
435 5302 699 5365 multam
731 5302 913 5365 valde
943 5302 1218 5366 habeant
1247 5306 1714 5386 poenam.Unde
1746 5306 1837 5368 di-

1947 4328 2154 4392 erunt,
2192 4326 2556 4401 reputantes
2605 4317 2728 4380 sibi
2777 4336 3057 4401 poenam,
3111 4323 3360 4385 excludi
3410 4344 3447 4387 a

1947 4419 2084 4483 loco
2115 4419 2180 4480 in
2212 4435 2339 4500 quo
2369 4415 2739 4480 hominibus
2772 4426 3039 4500 possunt
3068 4438 3308 4483 nocere.
3330 4423 3448 4485 Un-

1945 4519 2024 4580 de
2069 4537 2106 4579 a
2153 4517 2359 4579 Marco
2410 4515 2663 4590 dicitur,
2715 4517 2884 4598 quod
2941 4516 3447 4600 deprecabantur
3472 4542 3732 4597 Mummio.

1946 4636 2093 4679 eum
2154 4634 2233 4677 ne
2292 4613 2638 4697 expelleret
2696 4633 2803 4677 eos
2860 4622 3036 4678 extra
3094 4617 3441 4699 regionem.

1945 4715 2088 4778 Haec
2131 4712 2422 4777 Thomas.

2025 4814 2141 4875 Pro
2190 4811 2417 4875 horum
2464 4811 2801 4875 concordia
2848 4812 3113 4877 forsitan
3164 4814 3286 4879 dici
3340 4835 3448 4899 po-

1946 4921 2088 4985 test,
2125 4912 2293 4994 quod
2334 4911 2694 4973 daemonum
2739 4930 2925 4992 poena
2966 4913 3288 4977 sensibilis
3334 4916 3451 4977 dif-

1947 5010 2149 5072 fertur
2190 5027 2305 5091 pro
2345 5014 2543 5089 parte.
2579 5026 2707 5070 non
2746 5016 2959 5070 autem
3000 5028 3114 5091 pro
3160 5019 3328 5091 tot03
3361 5020 3451 5075 at-

1947 5126 2070 5190 que
2121 5107 2289 5189 quod
2350 5114 2498 5167 sunt
2548 5106 2612 5166 in
2668 5113 2834 5167 statu
2894 5107 3259 5171 demerendi
3321 5128 3447 5172 non

1947 5205 2349 5288 simpliciter,
2387 5204 2497 5265 sed
2547 5212 2856 5284 quantum
2906 5206 2983 5267 ad
3032 5208 3449 5271 accidentalia

1948 5306 2235 5387 quaedam
2298 5302 2633 5385 supplicia.
2687 5337 2767 5347 —
2812 5304 3263 5370 Verumtamen
3316 5326 3449 5390 poe-
