4334 6242
801 477 921 544 486

1465 502 1532 550 IN
1571 503 1794 550 Lunum
1836 505 1880 550 11
1922 503 2407 551 SENTENTIARUM.
2452 522 2533 534 ··-
2564 505 2728 552 msr.
2771 505 2875 569 113
2918 503 3143 562 QnAEsT.
3184 503 3254 552 m

803 685 1054 731 novem.
1093 705 1175 716 -—
1210 671 1303 734 Ad
1346 673 1788 736 auctoritatem
1825 692 1976 737 vero
2019 675 2299 756 Evange-
2330 674 2383 737 A
2410 675 2600 738 Porro
2630 675 2685 738 si
2723 674 3157 738 denominatio
3194 682 3485 738 sumatur
3518 675 3600 737 ab
3631 673 3733 737 his
3772 694 3917 757 quae

531 779 746 838 paeana
807 765 876 832 lii
920 767 1366 845 introductam,
1410 777 1507 836 est
1547 772 1691 835 data
1733 772 2081 854 responsio.

1229 1096 1704 1170 QUAESTIO
1771 1099 1897 1163 III

929 1358 1104 1421 Ertio
1162 1360 1490 1441 quaeritur‚
1541 1363 1655 1428 De
1714 1364 2085 1430 ordinum
2144 1365 2301 1431 dis-

953 1457 1365 1540 tinetione,
1407 1461 1948 1541 appellatione
1995 1468 2079 1528 et
2125 1479 2302 1544 pro-

799 1556 1164 1636 prietate.

881 1653 958 1714 Et
1005 1653 1258 1716 videtur
1305 1655 1474 1736 quod
1525 1674 1651 1718 non
1702 1657 2176 1737 distinguantur
2221 1658 2301 1721 ab

801 1751 1100 1814 invicem.
1155 1752 1384 1828 Primo,
1438 1755 1742 1836 quoniam
1792 1757 2081 1819 omniurn
2135 1758 2303 1820 ordi-

2412 775 2766 836 secundum
2818 792 3011 836 unam
3059 774 3495 856 acceptionem
3546 781 3696 836 sunt
3738 781 3923 836 natu-

2413 871 2590 947 ralia,
2616 873 2970 935 seeundum
3000 873 3192 935 aliam
3220 872 3515 954 gratuita,
3536 872 3629 935 sic
3659 871 3929 935 nomina

2416 978 2684 1051 possunt
2724 989 2864 1034 esse
2915 972 3284 1034 communia
3326 980 3387 1035 et
3431 971 3707 1054 propria.
3744 971 3930 1034 Com-

2416 1069 2659 1142 munia,
2693 1069 2979 1151 inquam,
3013 1069 3200 1135 bonis
3230 1079 3293 1134 et
3326 1070 3535 1144 maliS,
3559 1089 3632 1133 ac
3663 1069 3930 1152 propria

2415 1165 2623 1241 boniS‚
2667 1174 2735 1228 ut
2785 1167 3183 1250 principatus
3227 1177 3289 1231 et
3333 1175 3677 1250 potestates
3720 1185 3735 1230 :
3778 1187 3929 1250 quae

2415 1263 2469 1325 si
2514 1264 2808 1327 dicantur
2844 1284 2881 1326 a
2924 1266 3194 1329 naturali
3242 1266 3651 1349 proprietate,
3694 1284 3929 1329 conve-

2415 1362 2603 1425 niunt
2650 1363 2891 1444 angelis
2938 1372 3129 1446 atque
3179 1364 3614 1444 daemonibus3
3665 1364 3719 1427 si
3767 1383 3927 1427 vero

2414 1479 2451 1522 a
2479 1460 2647 1523 dono
2685 1462 2981 1543 gratuito,
3016 1463 3406 1525 conveniunt
3436 1463 3642 1525 solum
3682 1464 3927 1525 sanctis

2415 1558 2768 1641 spiritibus.
2812 1559 2925 1622 Vel
2973 1560 3336 1622 communia
3383 1561 3633 1623 cunctis
3681 1561 3925 1624 ordini-

2416 1657 2559 1732 buS,
2594 1658 2853 1739 propria
2889 1667 3099 1721 autem
3141 1658 3524 1740 quibusdam
3560 1675 3575 1721 :
3611 1667 3680 1720 ut
3708 1659 3927 1738 angeli

2415 1763 2479 1818 et
2508 1757 2796 1818 virtutes,
2832 1757 2893 1819 Si
2927 1756 3099 1819 enim
3134 1757 3428 1819 dicantur
3456 1777 3494 1820 a
3522 1757 3926 1820 naturalibus

799 1869 955 1912 num
1003 1851 1266 1933 spiritus
1323 1871 1769 1935 supernorum,
1820 1855 2029 1936 angeli
2087 1856 2304 1937 appel·
2339 1852 2386 1913 B
2416 1854 2621 1930 doniS,
2671 1862 2740 1915 ut
2788 1874 2825 1917 a
2873 1855 3257 1938 limpiditate
3305 1855 3587 1918 scientiae
3635 1863 3699 1917 et
3746 1855 3932 1919 forti-

803 1948 1036 2022 lantur,
1071 1949 1351 2032 itemque
1381 1952 1670 2015 virtutes.
1697 1989 1778 1999 —-
1807 1953 2120 2028 Secundo,
2156 1955 2307 2036 quia

802 2047 867 2109 in
916 2047 1178 2110 Deitatis
1237 2067 1450 2112 amore
1499 2068 1720 2113 omnes
1775 2051 2307 2115 inaestimabiliter

799 2145 1024 2207 ardent
1059 2163 1073 2206 τ
1111 2155 1174 2207 et
1215 2147 1309 2209 sic
1352 2164 1574 2211 omnes
1625 2157 1924 2231 poterunt·
1972 2151 2305 2232 Seraphim

801 2244 1129 2326 appellari.
1167 2245 1270 2308 Sic
1300 2253 1364 2307 et
1394 2264 1615 2310 omnes
1655 2249 2016 2330 sapientiali
2059 2250 2307 2331 fulgent

802 2341 1140 2423 splendore
1207 2344 1531 2426 praecipuo
1593 2362 1608 2408 :
1671 2346 1892 2428 sicque
1956 2346 2303 2410 Cherubim

801 2448 951 2501 sunt
988 2441 1277 2503 vocandi.
1313 2442 1434 2504 Sed
1477 2451 1542 2505 et
1579 2451 1769 2507 tantae
1812 2454 1961 2506 sunt
2004 2447 2307 2528 tranquil-

803 2537 1020 2612 litatis,
1054 2547 1125 2601 ut
1156 2539 1221 2601 in
1252 2539 1344 2601 eis
1380 2541 1687 2603 Dominus
1727 2543 2004 2606 residere
2036 2552 2098 2606 et
2127 2545 2305 2625 quie-

801 2654 978 2700 scere
1009 2637 1406 2703 affirmetur:
1426 2647 1489 2700 et
1519 2640 1611 2702 sic
1636 2640 1866 2703 Throni
1898 2650 2041 2704 sunt
2070 2662 2308 2706 nuncu·

802 2734 1225 2816 pandi.Multa
1255 2737 1616 2799 consimilia
1645 2747 1905 2820 possent
1933 2749 2307 2820 argumenta

801 2832 1086 2908 formari,
1141 2853 1414 2916 quorum
1474 2836 1708 2899 solutio
1755 2855 1833 2899 ex
1881 2838 2305 2902 declaratione

801 2932 1170 3013 quaestionis
1213 2933 1472 3016 patebit.

881 3130 974 3192 Ad
1014 3130 1148 3191 haec
1179 3129 1619 3192 Bonaventura
1657 3133 1999 3213 respondet
2031 3150 2045 3194 ε
2079 3133 2303 3214 Angeli

802 3228 1119 3292 nominari
1159 3236 1428 3310 possunt
1457 3249 1571 3311 per
1599 3248 1675 3292 ea
1713 3250 1855 3311 quae
1883 3231 1976 3293 eis
2017 3241 2166 3294 sunt
2197 3253 2303 3296 na-

801 3327 1053 3400 turalia,
1105 3334 1168 3389 et
1217 3327 1367 3388 item
1420 3346 1534 3408 per
1580 3347 1657 3390 ea
1702 3348 1845 3411 quae
1894 3337 2044 3392 sunt
2095 3330 2160 3392 in
2210 3332 2303 3394 eis

801 3427 1096 3512 gratuita,
1136 3433 1327 3507 atque
1369 3424 1449 3487 ab
1495 3425 1594 3487 his
1638 3445 1780 3508 quae
1823 3435 1973 3490 sunt
2017 3429 2109 3492 eis
2151 3449 2305 3512 quo-

803 3526 948 3586 dam
981 3525 1168 3586 modo
1206 3524 1519 3586 naturalia
1547 3532 1609 3586 et
1638 3525 1913 3606 quodam
1949 3528 2137 3591 modo
2167 3547 2303 3609 gra-

803 3624 978 3685 tuita.
1017 3623 1353 3703 Quumque
1395 3639 1618 3684 eorum
1669 3631 1895 3686 natura
1942 3626 2126 3688 nobis
2175 3646 2301 3689 non

803 3722 1156 3784 innotescat
1202 3721 1268 3782 in
1316 3720 1646 3801 singulari,
1689 3722 1796 3784 sed
1843 3723 1908 3784 in
1952 3726 2302 3798 communi,

804 3820 1045 3883 idcirco
1084 3819 1235 3881 dum
1281 3819 1776 3881 denominantur
1814 3840 1928 3901 per
1967 3823 2302 3898 naturalia,

803 3918 1042 3981 habent
1070 3918 1385 3981 nominari
1425 3917 1794 3980 nominibus
1827 3921 2303 3995 communibuS,

805 4016 1080 4098 sumptis
1122 4015 1202 4078 ab
1247 4034 1467 4078 eorum
1515 4023 1741 4078 natura
1784 4024 1846 4079 et
1890 4017 2096 4080 forma
2139 4037 2307 4082 eom-

806 4114 1020 4192 muni3
1061 4121 1124 4175 et
1167 4113 1289 4175 hoe
1330 4113 1674 4196 dupliciter
1707 4132 1720 4175 :
1753 4115 1854 4177 vel
1899 4135 1936 4176 a
1978 4118 2307 4180 communi

2416 1953 2637 2014 tudine
2679 1953 3015 2034 potentiae3
3058 1955 3148 2016 sic
3180 1954 3332 2036 quia
3371 1955 3505 2018 hoec
3537 1956 3664 2017 duo
3702 1955 3929 2016 insunt

2416 2050 2717 2112 omnibus
2760 2051 2887 2113 illis
2926 2051 3323 2126 substantiiS‚
3357 2071 3581 2115 omnes
3610 2052 3927 2134 appellari

2418 2156 2659 2230 queunt
2704 2149 2913 2230 angeli
2956 2169 3029 2211 ac
3076 2150 3367 2223 virtuteS‚
3411 2158 3630 2232 utpote
3674 2150 3928 2213 habiles

2415 2248 2493 2309 ad
2552 2247 2966 2310 revelandum
3017 2257 3081 2311 et
3129 2248 3325 2312 fortes
3373 2248 3451 2310 ad
3500 2249 3924 2331 operandum.

2416 2345 2591 2418 Quod
2632 2346 2684 2408 si
2719 2346 3012 2408 dicantur
3040 2366 3077 2408 a
3105 2347 3273 2410 dono
3309 2342 3526 2428 gra'tiae
3564 2348 3927 2410 secundum

2417 2444 2586 2524 quod
2635 2452 2783 2505 sunt
2838 2445 2917 2506 ad
2975 2444 3095 2506 ista
3141 2444 3361 2507 officia
3408 2445 3770 2527 specialiter
3818 2445 3932 2507 de-

2417 2543 2644 2624 putati,
2676 2542 2977 2604 videlicet
3015 2543 3091 2604 ad
3137 2543 3441 2625 mysteria
3484 2543 3821 2636 revelanda
3856 2551 3929 2606 et

2418 2639 2726 2701 miracula
2781 2639 3108 2719 facienda3
3157 2641 3250 2703 sic
3297 2649 3445 2703 sunt
3494 2641 3927 2723 quorumdam

2417 2737 2715 2799 ordinum
2754 2738 3015 2801 nomina
3052 2739 3329 2821 propria.
3364 2775 3446 2785 ——
3473 2740 3691 2821 Itaque
3728 2740 3929 2803 deno·

2418 2835 2684 2899 minatio
2732 2835 3127 2916 angelorum,
3171 2846 3483 2919 quantum
3531 2838 3610 2898 ad
3661 2838 3931 2900 nomina

2416 2933 2687 3014 singulis
2733 2933 3070 2996 ordinibus
3119 2935 3398 3016 propria,
3443 2943 3702 3017 sumpta
3748 2943 3845 2998 est
3890 2955 3933 2998 a

2341 3028 2384 3091 C
2416 3031 2600 3094 donis
2630 3032 2976 3112 gratiarum
3019 3033 3372 3096 secundum
3406 3033 3691 3096 diversos
3720 3041 3931 3096 status

2416 3133 2480 3191 et
2508 3130 2741 3209 gradus
2783 3130 2848 3192 in
2886 3129 3119 3211 quibus
3151 3131 3634 3213 distinguuntur
3661 3139 3724 3193 et
3753 3133 3929 3194 ordi·

2417 3236 2671 3302 uantur,
2708 3236 2778 3289 ut
2817 3229 3061 3291 dictum
3108 3237 3221 3292 est.

2495 3326 2574 3388 At
2610 3345 2761 3389 vero
2802 3327 2866 3389 in
2912 3328 3100 3390 modo
3139 3328 3493 3410 accipiendi
3540 3328 3675 3392 haec
3717 3331 3931 3392 nomi-

2418 3444 2520 3498 na,
2554 3433 2703 3487 sunt
2740 3425 2862 3487 tria
2900 3426 3374 3488 consideranda.
3409 3427 3717 3503 Primum,
3749 3430 3925 3511 quod

2418 3543 2618 3585 unum
2668 3523 2905 3586 donum
2954 3532 3051 3586 est
3098 3524 3352 3605 dignius
3399 3525 3597 3588 altero
3639 3545 3654 3590 :
3702 3546 3928 3608 quem-

2418 3621 2761 3683 admodum
2812 3623 3040 3684 caritas
3092 3623 3462 3704 praeeminet
3510 3623 3759 3686 ceteris
3815 3625 3925 3688 Se-

2420 3719 2727 3793 cundum,
2761 3720 2931 3800 quod
2975 3721 3129 3782 ordo
3171 3721 3463 3802 superior
3506 3723 3572 3784 in
3617 3723 3925 3786 omnibus

2419 3816 2607 3879 donis
2663 3817 2919 3879 excellit
2978 3817 3329 3880 inferiores
3383 3819 3690 3892 Tertium,
3749 3822 3925 3903 quod

2420 3913 2855 3977 denominatio
2892 3914 3039 3977 fieri
3077 3913 3265 3976 debet
3295 3935 3331 3976 a
3359 3915 3654 3997 digniori.
3689 3918 3927 3991 Quum-

2421 4033 2546 4096 que
2588 4031 2816 4076 novem
2864 4013 2992 4076 sint
3034 4021 3234 4076 status
3278 4015 3343 4076 in
3388 4014 3623 4096 quihus
3665 4017 3926 4080 ordines

2419 4111 2690 4193 angelici
2740 4110 2976 4173 habent
3024 4111 3277 4193 disponi
3336 4112 3687 4174 secundum
3740 4113 3927 4176 diffe-

805 4220 1072 4287 remoto‚
1105 4219 1166 4274 et
1197 4211 1285 4274 ita
1313 4219 1622 4274 vocantur
1660 4213 1948 4276 coelestes
1979 4217 2306 4297 essentiae;
2338 4218 2389 4279 D
2420 4217 2665 4272 rentem
2714 4211 3135 4291 gratuitorum
3196 4210 3715 4291 praecellentiam‚
3768 4213 3923 4276 ordo

803 4313 908 4374 vel
937 4331 974 4374 a
1003 4309 1328 4373 communi
1369 4310 1750 4391 propinque,
1785 4319 1848 4372 et
1878 4312 1970 4373 sic
2007 4313 2311 4376 dicuntur

805 4409 1093 4472 coelestes
1150 4407 1433 4490 spiritus,
1487 4407 1901 4489 coelestesque
1951 4409 2309 4474 intellectus

803 4516 867 4570 et
919 4514 1184 4569 mentes,
1230 4543 1311 4552 —
1361 4506 1424 4568 Si
1473 4524 1625 4567 vero
1672 4506 2167 4570 denominentur
2215 4529 2309 4572 se-

805 4607 1090 4669 eundum
1140 4606 1306 4668 dona
1353 4604 1646 4686 gratuita,
1693 4605 1785 4666 sic
1834 4605 1985 4686 quia
2034 4607 2099 4668 in
2153 4609 2308 4690 ipsis

805 4707 1180 4770 differenter
1227 4703 1464 4766 habent
1511 4710 1746 4766 statum
1795 4711 1857 4765 et
1904 4705 2194 4784 gradum,
2246 4716 2309 4769 et

805 4824 920 4888 per
950 4823 1346 4886 consequens
1385 4801 1884 4876 distinctionem,
1918 4804 2011 4865 sic
2047 4822 2161 4885 per
2200 4805 2309 4868 illa

803 4905 1039 4967 habent
1082 4903 1338 4966 ordines
1387 4900 1704 4963 nominari
1754 4901 2125 4964 nominihus
2170 4922 2309 4984 pro-

804 5004 962 5086 priis
996 5022 1011 5066 ε
1047 5000 1344 5084 propriiS‚
1389 4999 1672 5082 inquam,
1703 4999 1804 5061 vel
1849 5008 2142 5082 respectu
2186 5002 2307 5065 dae-

805 5121 1094 5174 monum,
1147 5101 1248 5162 vel
1299 5105 1594 5180 respectu
1645 5098 1943 5160 ordinum
1994 5098 2266 5162 aliorum
2288 5119 2315 5178 ;.

803 5201 969 5264 sicut
1017 5201 1320 5262 dicuntur
1366 5197 1697 5279 Seraphim
1751 5205 1812 5258 et
1861 5196 2117 5271 Throni,
2163 5218 2306 5279 quae

802 5301 1065 5366 nomina
1105 5298 1254 5365 solis
1285 5296 1674 5363 conveniunt
1702 5295 1942 5380 angelis
1984 5295 2190 5360 bonis.
2225 5331 2307 5343 -

2419 4327 2758 4391 supremus
2798 4309 3082 4371 vindicat
3116 4309 3241 4371 sibi
3281 4327 3513 4372 nomen
3552 4329 3589 4372 a
3622 4310 3923 4391 dignissi-

2420 4427 2525 4470 mo
2582 4409 2749 4471 dono
2806 4427 2878 4470 ac
2938 4415 3143 4486 statu;
3193 4409 3477 4490 ordoque
3536 4427 3833 4490 sequenS‚
3883 4430 3921 4473 a

2420 4506 2585 4568 dono
2614 4513 2678 4568 et
2707 4514 2874 4568 statu
2906 4507 3107 4588 magis
3138 4508 3479 4569 accedente
3506 4507 3584 4568 ad
3620 4508 3915 4588 primum,

2417 4613 2481 4668 et
2524 4606 2647 4667 hoc
2691 4612 2787 4667 est
2830 4606 3160 4686 plenitudo
3203 4606 3487 4669 seientiae
3521 4624 3535 4670 :
3574 4607 3797 4689 sicque
3841 4609 3921 4671 de

2416 4705 2582 4778 aliis,
2625 4704 3067 4767 descendendo
3110 4723 3312 4786 usque
3356 4704 3433 4766 ad
3484 4704 3806 4768 infimum.
3838 4743 3923 4753 —

2418 4804 2577 4866 Hinc
2627 4802 2693 4864 in
2742 4801 3258 4865 denominatione
3316 4804 3755 4867 consideratur
3810 4807 3925 4867 du—

2419 4903 2566 4986 plex
2610 4921 2929 4974 excessuS,
2974 4909 3213 4983 utpote,
3245 4901 3394 4964 doni
3438 4903 3515 4964 ad
3559 4903 3823 4978 donum,
3856 4912 3925 4968 et

2419 5001 2662 5064 ordinis
2710 5001 2788 5062 ad
2838 4999 3149 5062 ordinem.
3202 5001 3377 5074 Quod
3430 5001 3769 5083 Gregorius
3824 5004 3923 5066 in-

2418 5100 2580 5172 nuit,
2622 5098 2841 5160 dicens
2886 5118 2900 5162 :
2944 5098 3394 5180 Unusquisque
3437 5099 3591 5162 ordo
3634 5100 3776 5181 ejus
3824 5104 3921 5166 rei

2418 5206 2715 5260 censetur
2745 5197 3025 5270 nomine,
3060 5216 3251 5279 quam
3290 5197 3539 5280 plenius
3570 5200 3819 5282 aceepit
3848 5201 3919 5264 in

2415 5315 2702 5362 munere.
2750 5297 3026 5372 Plenius,
3080 5297 3365 5380 inquam,
3412 5306 3707 5382 respectu
3758 5299 3918 5364 infe-
