4334 6242
508 2886 552 2927 p.
582 2870 715 2914 wa.

775 491 893 557 150

1436 510 1501 555 iN
1541 510 1763 556 mmmm
1805 509 1849 553 11
1888 506 2372 555 SENTENTIARUH.
2415 523 2496 534 ·-·
2537 506 2691 551 msr.
2739 504 2824 567 113
2867 504 3090 560 QUAEST.
3138 504 3206 549 111

854 681 1178 745 Postremo
1224 681 1570 744 Richardus
1613 679 1719 741 hic
1760 678 2008 760 quaerit,
2042 677 2264 740 Utrum
2297 673 2349 736 A
2460 678 2676 759 Itaque
2719 674 3024 758 quaeritur
3067 674 3296 757 primo,
3329 673 3538 752 Quid
3577 673 3687 739 sit
3719 686 3876 738 οω-

775 798 913 843 esse
962 780 1233 861 alicujus
1287 780 1569 862 corporis
1620 778 1849 841 habeat
1904 795 2266 839 mensuram

777 879 1155 960 unigeneam
1188 898 1335 940 cum
1364 896 1499 941 aevo
1528 876 1755 958 angeli.
1791 877 1867 938 Et
1897 876 2264 958 respondet:

776 976 1039 1039 Videtur
1069 976 1451 1058 quibusdam
1484 975 1653 1057 quod
1686 992 1842 1047 non,
1876 973 2027 1055 quia
2068 972 2131 1033 in
2161 990 2269 1033 an-

775 1075 933 1155 gelis
972 1084 1080 1138 aut
1119 1074 1294 1137 nulla
1334 1074 1599 1137 materia
1640 1080 1755 1145 est,
1787 1080 1897 1134 aut
1936 1071 1989 1134 si
2028 1078 2144 1144 est,
2181 1070 2269 1131 ibi

776 1191 903 1235 non
943 1182 1039 1235 est
1079 1174 1411 1255 unigenea,
1446 1173 1507 1234 id
1549 1180 1645 1235 est
1682 1171 1971 1251 ejusdem
2008 1168 2270 1232 rationis

774 1278 883 1333 aut
910 1272 1183 1352 generiS,
1208 1290 1353 1333 cum
1390 1271 1654 1333 materia
1682 1269 2147 1349 cujuscumque
2179 1266 2269 1328 rei

775 1370 1141 1453 corporaliS,
1175 1389 1291 1432 nec
1332 1369 1535 1433 forma
1573 1369 1829 1431 illorum
1873 1387 2021 1429 cum
2066 1366 2272 1428 forma

775 1469 1027 1543 horum,
1061 1488 1179 1531 nec
1217 1487 1356 1531 esse
1396 1469 1587 1530 unius
1628 1487 1773 1530 cum
1816 1465 1959 1529 alio.
1995 1466 2140 1528 Ideo
2179 1465 2271 1526 di-

777 1575 951 1641 cunt,
985 1569 1153 1649 quod
1186 1587 1391 1631 aevum
1437 1566 1580 1629 coeli
1612 1566 1896 1648 empyrei
1932 1582 2271 1645 aevumque

2377 776 2547 841 lum
2595 788 3084 856 empyreum,
3120 774 3202 839 et
3247 786 3492 854 quare
3537 772 3647 838 sit
3691 784 3879 837 con-

2376 876 2660 944 ditum.

2455 974 2720 1036 Videtur
2757 976 2924 1057 quod
2969 993 3096 1038 non
3135 975 3235 1037 sit.
3270 974 3504 1047 Primo,
3546 974 3696 1055 quia
3737 972 3880 1054 phi-

2379 1074 2649 1155 losophi,
2704 1074 2812 1155 qui
2864 1083 3154 1136 naturam
3205 1074 3489 1136 universi
3536 1072 3880 1153 diligenter

2380 1172 2588 1234 rimati
2639 1180 2790 1234 sunt
2837 1181 2898 1234 ct
2947 1174 3231 1248 scrutati,
3277 1174 3355 1235 de
3405 1172 3526 1235 hoc
3575 1171 3736 1235 coelo
3781 1171 3878 1232 ni-

2378 1272 2470 1334 hil
2520 1272 2711 1334 locuti
2760 1279 2928 1333 sunt.
2963 1308 3044 1317 —
3073 1272 3384 1345 SecundO,
3417 1271 3570 1353 quia
3613 1289 3728 1332 nec
3775 1290 3879 1332 sa-

2379 1388 2486 1431 cra
2526 1369 2852 1450 Scriptura
2893 1371 2971 1432 de
3017 1370 3154 1451 ipso
3200 1368 3480 1451 loquitur
3521 1368 3871 1430 evidenter.

2377 1503 2459 1513 —
2509 1468 2738 1543 Tertio,
2792 1470 3094 1550 quoniam
3149 1485 3276 1529 non
3329 1467 3585 1529 videtur
3639 1466 3876 1528 habere

2381 1567 2838 1629 connexionem
2900 1567 2977 1629 ad
3040 1567 3329 1629 ordinem
3393 1565 3699 1637 universi,
3760 1565 3874 1647 qui

775 1666 983 1747 angeli
1014 1674 1163 1729 sunt
1191 1666 1457 1728 diversa.
1492 1665 1616 1727 Alii
1657 1665 1899 1739 dicunt,
1930 1663 2100 1744 quod
2135 1681 2273 1743 pro-
2382 1665 2839 1747 pulcherrimus
2871 1684 3006 1727 esse
3037 1666 3387 1727 ostenditur
3413 1683 3492 1727 ex
3520 1663 3708 1725 dictis
3740 1663 3880 1745 phi-

777 1765 915 1846 pria
958 1783 1256 1826 mensura
1302 1764 1646 1826 intrinseca
1694 1763 1897 1845 ipsius
1942 1780 2081 1823 esse
2124 1760 2270 1823 coeli
2383 1765 2814 1846 losophorum,
2849 1766 3098 1827 secluso
3137 1784 3255 1827 nec
3297 1764 3504 1845 posito
3544 1761 3704 1826 coelo
3743 1782 3877 1825 em·

774 1862 1060 1945 empyrei
1108 1870 1171 1925 et
1215 1881 1513 1924 mensura
1558 1879 1697 1923 esse
1738 1860 2009 1941 angelici
2055 1859 2270 1939 unige-
2307 1863 2354 1925 B
2384 1881 2594 1947 pyreo.
2647 1900 2728 1909 —
2777 1865 3031 1938 Quarto,
3095 1863 3160 1925 in
3226 1862 3390 1926 libro
3446 1863 3524 1924 de
3583 1861 3754 1925 Coelo
3811 1869 3880 1922 et

774 1978 910 2023 neae
968 1968 1138 2034 sunt,
1189 1967 1253 2022 et
1302 1960 1587 2041 ipsorum
1648 1956 1847 2020 unum
1902 1957 1984 2019 sit
2034 1976 2265 2020 aevum.

773 2058 917 2121 Haec
958 2058 1325 2121 RicharduS.

856 2158 973 2231 Qui
1017 2157 1351 2239 utriusque
1393 2156 1713 2237 opinionis
1758 2156 1938 2237 ponit
1980 2162 2041 2229 et
2084 2153 2273 2216 solvit

774 2256 1034 2330 motiva,
1054 2274 1171 2318 nec
1206 2255 1482 2317 declinat
1510 2256 1586 2317 ad
1616 2255 1916 2336 aliquam.
1942 2254 2061 2316 Sed
2089 2253 2273 2333 juxta

772 2353 1121 2437 praehabita
1150 2354 1503 2417 secundum
1536 2354 1865 2427 Thomam,
1898 2351 2266 2425 Henricum,

772 2454 1046 2527 Petrum,
1093 2473 1165 2517 ac
1212 2454 1369 2515 alios
1418 2453 1676 2527 multos,
1724 2452 2001 2514 secunda
2050 2450 2272 2532 proba-

771 2550 963 2613 bilior
1000 2559 1345 2633 reputatur.
1382 2550 1761 2614 Substantiae
1802 2549 1974 2611 enim
2016 2548 2272 2630 spiritu—

769 2650 900 2713 ales
946 2658 1010 2712 et
1054 2650 1411 2731 corporales
1457 2650 1520 2711 in
1568 2649 1791 2711 eodem
1842 2655 1987 2709 sunt
2038 2665 2270 2728 genere

772 2749 995 2811 saltem
1048 2748 1603 2830 praedicamcntali.
1654 2748 1729 2809 Et
1780 2747 1945 2809 sicut
1994 2746 2272 2809 declarat

772 2848 1103 2923 HenricuS,
1126 2848 1464 2919 aeternitaS,
1488 2866 1717 2919 aevum,
1752 2853 1815 2908 et
1844 2853 2117 2927 tcmpuS‚
2142 2861 2268 2905 non

774 2954 924 3008 sunt
970 2946 1094 3007 nisi
1142 2945 1431 3026 quaedam
1485 2962 1673 3007 morae
1722 2944 1812 3006 rei
1864 2944 1929 3005 in
1978 2943 2264 3004 essendo.

2385 1963 2623 2024 mundo
2656 1962 2880 2044 probat
2907 1962 3339 2043 Philosophus,
3359 1961 3529 2042 quod
3557 1967 3735 2022 extra
3763 1978 3883 2022 coe-

2383 2060 2611 2133 lum,id
2645 2067 2737 2122 est
2770 2060 3050 2142 primum
3085 2058 3606 2133 mobile,nullum
3637 2058 3719 2120 sit
3749 2076 3884 2120 cor·

2382 2178 2522 2242 puS.
2557 2158 2795 2220 Deinde
2836 2166 3098 2239 apparet
3127 2158 3298 2239 quod
3339 2176 3466 2219 non
3505 2157 3586 2219 sit
3621 2176 3878 2239 corpuS,

2382 2257 2682 2340 quoniam
2747 2256 3008 2319 Strabus
3057 2264 3120 2319 et
3169 2256 3336 2319 Beda
3389 2256 3612 2317 dicunt
3664 2256 3880 2337 ipsum

2381 2374 2520 2418 esse
2572 2354 3020 2429 intellectuale,
3059 2352 3740 2436 contemplationisque
3790 2353 3882 2415 lo-

2382 2473 2530 2516 cum
2576 2471 2589 2515 :
2637 2453 3089 2535 contemplatio
3134 2461 3370 2527 autem,
3418 2472 3558 2534 quae
3606 2460 3702 2514 est
3749 2451 3882 2534 spi·

2381 2552 2627 2614 ritualis
2655 2553 2840 2627 actio,
2857 2568 3231 2633 corporeum
3265 2569 3391 2614 non
3423 2551 3618 2631 exigit
3647 2549 3876 2612 locum.

2460 2652 2526 2712 In
2562 2652 2950 2740 contrarium
2981 2657 3077 2713 est
3108 2651 3480 2713 Sanctorum
3511 2650 3875 2712 auctoritas

2462 2848 2555 2910 Ad
2603 2848 2736 2911 haec
2784 2848 3137 2910 Alexander
3183 2847 3524 2930 respondet
3569 2865 3583 2909 ε
3629 2847 3878 2910 Coelum

2381 2965 2756 3029 empyreum
2797 2955 2914 3020 est,
2949 2954 3011 3008 et
3048 2954 3308 3027 propter
3337 2965 3558 3008 causas
3595 2954 3882 3008 creatum

772 3046 975 3108 Motus
1015 3061 1269 3128 quoque
1309 3042 1663 3105 coelestium
1707 3060 2044 3124 corporum
2083 3048 2145 3103 et
2177 3042 2268 3102 in·
2308 3046 2352 3109 C
2381 3053 2494 3107 est.
2516 3045 2716 3108 Causa
2744 3062 2894 3107 vero
2925 3064 3054 3107 sua>
3085 3044 3421 3107 creationis
3451 3062 3578 3106 non
3609 3052 3705 3107 est
3737 3062 3888 3106 con-

772 3142 1081 3205 feriorum
1126 3141 1399 3203 multum
1441 3140 1750 3203 differunt
1780 3140 2015 3221 specie,
2049 3140 2178 3203 imo
2210 3146 2272 3201 et

773 3240 1047 3324 quodam
1097 3259 1328 3321 genere
1372 3239 1773 3317 subaltern03
1807 3238 2105 3299 similiter
2145 3237 2269 3298 ele-

774 3347 990 3401 menta
1017 3359 1053 3401 a
1082 3338 1323 3412 mixtis,
1354 3346 1417 3399 et
1450 3337 1645 3399 mixta
1676 3336 1840 3399 inter
1868 3354 1936 3397 se
1965 3336 2267 3417 (quorum

774 3437 1061 3520 quaedam
1107 3444 1257 3498 sunt
1298 3436 1597 3509 animata,
1630 3435 1915 3517 quaedam
1968 3434 2274 3496 inanima-

775 3543 884 3614 ta3
943 3542 1007 3597 et
1060 3534 1486 3597 animatorum
1547 3533 1834 3615 quaedam
1895 3533 2269 3613 vegetativa‚

776 3634 1065 3715 quaedam
1109 3633 1433 3705 sensitiva,
1468 3632 1755 3713 quaedam
1793 3631 2145 3693 secundum
2190 3630 2276 3693 lo-

776 3750 925 3794 cum
970 3732 1226 3804 motiva,
1269 3731 1485 3812 aliqua
1521 3729 1875 3810 rationalia)
1908 3746 1922 3791 :
1956 3738 2020 3791 et
2060 3736 2270 3791 tamen

776 3830 1065 3893 omnium
1124 3830 1352 3892 horum
1412 3847 1613 3890 unum
1670 3836 1766 3890 est
1820 3837 2093 3909 tempuS.
2150 3828 2274 3890 Cur

778 3945 928 4008 ergo
974 3945 1101 3990 non
1150 3927 1439 3991 omnium
1487 3933 1939 4007 perpetuorum
1990 3925 2270 3998 illorum,

776 4035 905 4089 tam
940 4026 1368 4108 spiritualium
1398 4043 1586 4108 quam
1616 4023 2059 4106 corporalium,
2075 4043 2274 4085 unum

778 4124 862 4187 sit
902 4128 1156 4188 aevum?

1198 4438 1673 4512 QUAESTIO
1735 4439 1859 4502 III

911 4714 1084 4776 Ertio
1141 4713 1582 4797 principaliter
1628 4714 1934 4795 quaeritur
1980 4714 2058 4775 de
2115 4714 2277 4776 coelo

936 4831 1255 4897 empyreo.
1305 4813 1391 4874 De
1439 4828 1567 4893 quo
1616 4812 1898 4894 quidam,
1946 4812 2276 4893 potissime

781 4912 1155 4986 Alexander,
1187 4912 1402 4993 plures
1448 4910 1689 4972 faciunt
1732 4911 2131 4992 quaestiones,
2166 4911 2280 4972 Ve-

784 5028 921 5071 rum
953 5017 1022 5071 ut
1050 5010 1467 5073 immoderata
1494 5010 1731 5071 vitetur
1760 5007 2282 5090 prolixita8,quae-

785 5127 876 5182 r0,
917 5108 1076 5182 Quid
1126 5108 1208 5169 sit
1255 5106 1488 5170 coelum
1534 5126 1931 5190 empyreum,
1972 5115 2034 5169 et
2082 5126 2278 5189 quare

784 5206 867 5269 sit
914 5206 1263 5280 conditum,
1310 5213 1373 5267 et
1420 5206 1497 5267 de
1546 5204 2039 5286 proprietatibus
2088 5212 2277 5286 atque

784 5304 1151 5368 efficientiis
1194 5324 1308 5368 seu
1350 5302 1691 5368 effectibus
1733 5302 1893 5383 ejus,

2382 3144 2652 3206 tinuatio
2699 3143 3124 3225 generationis
3172 3150 3236 3205 et
3283 3143 3731 3224 corruptionis,
3764 3162 3888 3206 nec

2383 3243 2778 3305 continuatio
2817 3250 2924 3304 aut
2966 3242 3361 3305 conservatio
3396 3260 3536 3304 esse
3575 3243 3888 3325 corrupti—

2383 3342 2610 3403 bilium
2654 3359 2890 3413 rerum,
2925 3342 3034 3403 sed
3081 3349 3150 3402 ut
3195 3340 3591 3422 compleatur
3631 3342 3888 3405 univer·

2383 3459 2526 3502 sum
2577 3440 2642 3501 in
2690 3458 2920 3521 genere
2981 3457 3318 3521 corporum
3374 3439 3722 3501 secundum
3779 3441 3888 3501 de-

2383 3539 2718 3601 terminata
2765 3546 3048 3600 extrema
3093 3545 3156 3599 et
3198 3537 3549 3599 secundum
3595 3538 3880 3599 medium

2385 3640 2548 3700 inter
2594 3656 2690 3711 ea,
2723 3638 2799 3699 ad
2849 3636 3277 3699 ostensionem
3323 3655 3590 3698 summae
3633 3636 3882 3717 sapien-

2384 3737 2508 3810 tiae,
2543 3735 3023 3817 omnipotentiae
3071 3734 3500 3815 bonitatisque
3546 3734 3878 3797 CreatoriS.

2384 3834 2679 3896 Extrema
2718 3839 2930 3894 autem
2979 3832 3044 3893 in
3082 3850 3312 3913 genere
3353 3848 3694 3913 corporum
3733 3841 3886 3894 sunt

2385 3949 2615 4013 corpus
2649 3930 2923 3993 maxime
2951 3929 3341 3991 luminosum
3369 3936 3433 3991 et
3463 3947 3693 4011 corpus
3723 3950 3889 3993 sum·
3943 3994 3960 4006 ,

2385 4050 2490 4093 me
2548 4047 2840 4111 opacum.
2893 4029 3176 4091 Primum
3235 4036 3331 4091 est
3383 4028 3615 4091 coelum
3666 4048 3890 4113 empy-

2384 4148 2591 4202 reum,
2643 4128 2995 4190 secundum
3045 4136 3142 4189 est
3189 4136 3373 4189 terra.
3426 4162 3509 4173 -
3555 4128 3883 4201 Praeterea,

2308 4224 2359 4287 D
2386 4227 2535 4290 licet
2591 4226 2856 4307 spiritus
2906 4244 2943 4287 a
2991 4225 3365 4307 corporibus
3425 4226 3694 4307 separati
3755 4245 3884 4288 non

2384 4326 2709 4407 indigeant
2756 4331 3067 4405 quantum
3115 4325 3194 4385 ad
3245 4343 3432 4386 suum
3483 4342 3624 4386 esse
3667 4324 3886 4407 aliquo

2385 4440 2669 4503 corpore,
2724 4429 2936 4483 tamen
2985 4427 3081 4489 est
3139 4421 3552 4501 congruentia
3599 4423 3884 4503 corporis

2383 4520 2656 4600 alicujus
2703 4519 2782 4581 ad
2833 4519 3004 4601 ipsos
3063 4525 3322 4601 propter
3369 4519 3882 4581 convenientiam

2386 4636 2676 4698 magnam
2726 4617 2792 4678 in
2840 4617 3270 4698 simplicitate,
3313 4617 3598 4679 claritate
3642 4636 3716 4679 ac
3767 4637 3883 4699 pu-

2383 4716 2568 4777 ritate
2612 4731 2626 4777 :
2668 4722 2730 4777 et
2779 4715 2899 4778 hoc
2947 4723 3042 4777 est
3089 4713 3322 4777 coelum
3371 4733 3770 4798 empyreum,
3815 4723 3884 4777 ut

2387 4813 2646 4896 patebit.
2671 4848 2752 4858 —-
2774 4814 3060 4894 Insuper,
3095 4812 3357 4894 spiritus
3389 4812 3749 4887 rationaleS,
3772 4814 3882 4895 qui

2387 4912 2864 4992 conjunguntur
2895 4910 3292 4992 corporibus,
3328 4928 3526 4991 quum
3559 4911 3888 4991 pervenie-

2385 5018 2490 5072 tur
2518 5009 2596 5070 ad
2638 5025 2978 5089 corporum
3014 5008 3570 5081 resurrectionem,
3605 5008 3888 5070 incorru-

2388 5108 2672 5191 ptionem
2733 5115 2794 5169 et
2852 5105 3408 5186 glorificationem,
3461 5114 3888 5186 congruenter

2387 5204 2870 5267 collocabuntur
2900 5204 2966 5266 in
3005 5221 3270 5285 corpore
3310 5203 3479 5285 quod
3511 5210 3606 5265 est
3641 5203 3886 5268 ult-imae

2386 5303 2479 5383 (id
2531 5310 2624 5364 est
2670 5302 2991 5383 maximae)
3037 5300 3390 5365 nobilitatis
3441 5301 3506 5363 in
3555 5301 3880 5375 universo,
