4334 6242
1253 517 1338 562 AN
1379 515 1678 563 DAEMONRS
1721 513 2130 561 PRAENOSCANT
2172 516 2430 572 FUTURA,
2472 514 2600 561 mc.

3358 486 3477 555 409

375 686 752 769 imaginaria
795 688 1060 751 visione.
1095 686 1358 750 Videtur
1399 686 1570 768 quod
1612 686 1722 748 sic.
1758 686 1878 747 An·
1905 682 1954 745 A
1985 684 2215 764 gentiae
2274 684 2423 745 talia
2483 684 2663 765 signa
2724 683 3021 745 subtilius
3080 680 3477 762 celeriusque

371 786 554 867 gelus
615 805 892 868 namque
949 806 1026 849 ex
1083 805 1198 848 sua
1253 792 1480 847 natura
1532 784 1759 857 bonuS,
1811 783 1876 844 in

373 883 622 945 visione
672 884 914 967 proprii
967 884 1118 946 boni
1169 883 1374 965 potuit
1423 881 1578 943 falli.
1623 880 1877 943 Lucifer

373 1002 652 1064 namque
697 983 1002 1065 deceptus
1052 982 1177 1043 fuit
1219 982 1283 1043 in
1328 982 1470 1054 hoc,
1505 980 1672 1063 q'uod
1712 979 1877 1059 judi-

371 1082 538 1143 cavit.
597 1081 770 1163 quod
829 1088 1162 1163 peccatum
1223 1098 1434 1151 suum,
1487 1078 1654 1160 quod
1711 1078 1876 1139 Deus

371 1194 448 1237 ex
498 1175 722 1237 ordine
774 1195 903 1237 suae
959 1174 1224 1255 justitiae
1274 1174 1481 1255 potuit
1528 1172 1872 1252 vindicare,

370 1282 632 1356 propter
680 1294 858 1336 suam
911 1273 1260 1336 bonitatem
1313 1291 1438 1335 11011
1491 1272 1697 1333 taliter
1741 1271 1874 1331 vin-

371 1372 613 1434 dicaret
655 1380 724 1433 ut
768 1371 1134 1434 vindicavit.
1168 1407 1250 1416 —
1289 1371 1662 1444 Dicendum,
1706 1369 1874 1450 quod

373 1472 426 1531 si
468 1471 734 1552 angelus
775 1470 1024 1532 dicatur
1062 1470 1268 1532 bonus
1315 1468 1592 1531 bonitate
1637 1475 1876 1531 naturae

372 1577 646 1644 tantum,
701 1577 913 1651 posset
972 1570 1224 1631 fallacia
1281 1568 1444 1630 fieri.
1498 1568 1546 1628 V
1554 1568 1613 1629 ix
1667 1574 1876 1628 tamen

374 1667 709 1749 contingit,
730 1668 880 1750 quia
913 1674 1136 1729 natura
1168 1665 1618 1729 intellectualis
1648 1664 1874 1745 angeli,

377 1767 483 1848 qui
539 1765 873 1828 deiformis
923 1773 1017 1829 est
1071 1764 1452 1835 intellectuS‚
1505 1763 1877 1826 naturaliter

1985 782 2342 865 percipiant
2386 802 2576 864 quam
2624 782 2936 855 homineS,
2978 780 3129 841 dum
3174 797 3479 861 apparere

1984 880 2305 963 incipiunt
2336 881 2401 942 in
2442 898 2727 962 corpore,
2760 879 2863 941 vel
2906 879 2971 940 in
3010 877 3339 958 sanguine,
3372 883 3480 938 aut

1984 979 2215 1061 spiritu
2276 979 2559 1041 interiori
2617 977 2911 1049 naturali,
2964 984 3072 1039 aut
3119 974 3321 1049 vitali,
3372 982 3481 1037 aut

1983 1077 2287 1155 animali3
2329 1085 2387 1139 et
2424 1098 2565 1160 quae
2596 1078 2661 1139 in
2694 1074 3132 1159 corporalibus
3170 1074 3309 1135 istis
3344 1092 3483 1155 per-

1985 1175 2255 1257 cipiunt,
2290 1195 2363 1237 ea
2397 1184 2661 1258 possunt
2693 1175 3064 1257 imprimere
3101 1174 3167 1235 in
3199 1173 3479 1235 animam

1985 1273 2377 1335 sensibilem.
2433 1274 2679 1337 Tertius
2728 1281 2823 1335 est
2870 1292 3093 1335 cursus
3146 1270 3477 1344 mirabilia,

1985 1372 2339 1433 secundum
2379 1391 2571 1453 quem
2618 1373 2682 1433 in
2723 1372 2897 1434 omni
2942 1378 3165 1432 natura
3206 1388 3483 1433 reserva-

1983 1469 2076 1530 vit
2125 1469 2249 1531 sibi
2309 1471 2475 1533 Deus
2533 1472 2701 1554 quod
2750 1470 2828 1532 de
2877 1487 3255 1551 unaquaque
3304 1476 3366 1530 et
3415 1466 3481 1529 in

1985 1586 2368 1650 unaquaque
2412 1576 2635 1631 natura
2684 1568 2873 1630 faciet
2915 1568 3084 1648 quod
3128 1567 3287 1641 vult,
3328 1574 3483 1628 tem-

1987 1682 2138 1745 pore
2172 1684 2309 1741 suo,
2342 1668 2419 1728 ad
2451 1668 2879 1729 ostensionem
2912 1666 3130 1747 gloriae
3158 1673 3348 1747 atque
3380 1682 3485 1745 po-

1988 1764 2202 1827 tentia}
2242 1785 2372 1828 suae
2407 1786 2422 1830 :
2455 1774 2517 1827 et
2548 1766 2717 1847 quod
2756 1766 2833 1827 de
2874 1766 2994 1827 hoc
3032 1764 3240 1845 angeli
3281 1763 3482 1826 sancti

375 1865 721 1927 inclinatur
749 1866 828 1927 ad
860 1884 1105 1936 verum,
1140 1881 1265 1926 non
1301 1863 1380 1925 ad
1411 1862 1869 1943 deceptionem.
1911 1862 1958 1924 B
1988 1881 2025 1923 a
2053 1863 2182 1925 Deo
2213 1882 2326 1944 per
2356 1864 2807 1926 revelationem
2843 1863 3228 1945 percipiunt,
3262 1869 3334 1923 ut
3361 1861 3483 1923 fre-

376 1964 438 2026 Si
483 1972 698 2026 autem
747 1962 1010 2044 angelus
1052 1962 1300 2023 dicatur
1343 1961 1548 2023 bonus
1597 1960 1875 2023 bonitate

376 2062 591 2143 gratiae
651 2061 1066 2133 confirmatae‚
1119 2078 1247 2123 non
1308 2066 1512 2141 pote-st
1571 2078 1684 2140 per
1729 2077 1876 2120 eum

379 2160 670 2241 deceptio
727 2158 892 2221 fieri.
941 2158 1116 2221 Unde
1171 2158 1236 2219 in
1299 2158 1462 2219 libro
1511 2157 1589 2218 de
1638 2156 1876 2238 Spiritu

379 2266 442 2319 et
485 2258 720 2332 anima,
772 2256 883 2338 qui
931 2256 1286 2337 Augustino
1335 2255 1740 2328 adscribitur,
1791 2255 1880 2316 di-

381 2357 545 2418 citur
579 2373 594 2417 ε
625 2356 988 2418 Humanum
1032 2354 1331 2437 spiritum
1371 2352 1714 2434 aliquando
1751 2353 1877 2435 spi-

381 2454 537 2516 ritus
569 2453 798 2527 bonus,
823 2452 1164 2535 aliquando
1195 2452 1398 2513 malus
1428 2451 1728 2530 assumit3
1762 2470 1878 2513 nec

380 2552 566 2614 facile
616 2554 824 2634 pot'est
867 2550 1144 2612 discerni
1188 2570 1225 2612 a
1267 2568 1394 2632 quo
1436 2550 1666 2631 spiritu
1709 2569 1880 2611 assu—

385 2658 612 2725 matur,
674 2650 796 2712 nisi
859 2649 1009 2731 quia
1065 2649 1270 2711 bonus
1331 2648 1610 2722 instruit,
1675 2649 1878 2710 malus

385 2746 565 2809 fallit.

469 2846 737 2927 Insuper
795 2844 1188 2924 Augustinus
1252 2843 1632 2907 duodecimo
1689 2862 1880 2924 super

386 2943 675 3007 Genesim
724 2943 802 3005 ad
852 2942 1126 3003 litteram
1177 2941 1332 3003 dicit
1385 2961 1398 3005 ε
1451 2942 1674 3022 Angeli
1727 2940 1878 3003 boni

1990 1963 2292 2044 quentius
2322 1963 2657 2025 animabus
2690 1963 2972 2025 revelant
3007 1980 3120 2043 per
3150 1960 3484 2023 sensibile-s

1987 2068 2051 2123 et
2091 2061 2495 2142 imaginarias
2537 2062 2835 2124 visiones.
2870 2096 2950 2106 —
2977 2060 3121 2123 Haec
3162 2060 3479 2122 AlbertuS.

2068 2162 2134 2221 ln
2180 2160 2365 2241 cujus
2396 2160 2609 2221 verbis
2641 2160 2893 2222 videtur
2928 2160 3271 2221 obscurum
3314 2158 3485 2239 quod

1987 2260 2074 2322 ait
2118 2279 2131 2323 :
2178 2258 2433 2321 Lucifer
2480 2259 2783 2340 deceptus
2833 2258 2959 2319 fuit
3008 2258 3073 2319 in
3122 2258 3263 2330 hoc,
3316 2254 3506 2339 quod'

1984 2357 2297 2437 judicavit
2334 2358 2503 2437 quod
2546 2357 2709 2418 Deus
2750 2363 3082 2437 peccatum
3126 2374 3314 2416 suum
3360 2372 3486 2416 non

1987 2455 2362 2529 vindicaret,
2424 2462 2542 2517 etc.
2592 2454 2832 2536 Nempe
2892 2462 2963 2516 ut
3017 2452 3307 2515 habitum
3366 2460 3483 2525 est,

1988 2553 2130 2615 'talis
2172 2553 2484 2634 deceptio,
2516 2571 2692 2616 error
2731 2572 2842 2615 seu
2883 2552 3071 2633 culpa
3114 2569 3241 2613 non
3283 2550 3485 2632 potuit

1989 2670 2126 2713 esse
2158 2652 2225 2712 in
2256 2650 2395 2731 ejus
2435 2650 2763 2711 intellectu
2801 2657 2947 2711 ante
2984 2669 3114 2712 suae
3145 2646 3489 2710 voluntatis

1989 2747 2493 2810 subversionem.
2527 2784 2607 2793 -
2646 2748 2907 2821 RursuS‚
2949 2746 3183 2809 solutio
3232 2746 3341 2807 illa
3386 2744 3491 2807 Al-

1989 2845 2152 2907 berti
2197 2846 2562 2908 immediate
2603 2866 2877 2928 sequens
2908 2845 3102 2907 verba
3137 2844 3269 2925 jam
3300 2852 3487 2915 tacta,

1990 2950 2170 3006 sonat
2213 2962 2285 3006 ac
2329 2944 2381 3005 si
2426 2952 2637 3006 essent
2679 2943 2887 3025 angeli
2934 2943 3135 3024 aliqui
3184 2942 3332 3004 boni
3382 2960 3491 3002 na-

387 3042 602 3104 multis
645 3041 849 3103 modis
890 3040 1061 3102 facili
1093 3040 1368 3127 quadam
1398 3059 1470 3101 ac
1504 3041 1877 3121 praepotenti
1918 3040 1961 3103 C
1991 3041 2180 3103 turali
2241 3042 2522 3104 bonitate
2571 3042 2919 3115 dumtaxat,
2970 3048 3189 3122 utpote
3245 3058 3364 3102 nec
3422 3039 3489 3101 in

384 3141 615 3203 unione
667 3158 812 3201 cum
871 3137 1207 3200 animabus
1265 3138 1518 3211 nostriS‚
1571 3138 1708 3199 visa
1767 3158 1880 3199 sua

382 3238 626 3301 faciunt
687 3257 824 3300 esse
889 3245 1123 3310 nostra,
1189 3237 1630 3317 visionemque
1697 3256 1876 3297 suam

384 3336 700 3399 ineffabili
741 3335 1012 3416 quodam
1058 3334 1247 3397 modo
1289 3336 1354 3397 in
1395 3336 1623 3416 spiritu
1665 3342 1881 3397 nostro

384 3434 747 3498 informant.
783 3433 964 3496 Circa
993 3434 1162 3514 quod
1194 3434 1391 3514 quaeri
1425 3440 1630 3516 potest
1661 3433 1738 3495 de
1771 3433 1881 3497 illo

383 3531 702 3595 ineffabili
746 3532 952 3594 modo.
990 3531 1365 3605 Dicendum,
1405 3532 1573 3613 quod
1617 3533 1880 3613 angelus

383 3639 510 3692 tam
561 3629 768 3693 bonus
818 3649 1006 3711 quam
1060 3630 1290 3703 11101113,
1337 3649 1450 3711 per
1499 3630 1618 3693 hoc
1669 3631 1880 3712 ipsum

383 3729 552 3810 quod
595 3728 950 3790 secundum
992 3728 1434 3790 excellentiam
1473 3748 1602 3791 suae
1642 3737 1882 3791 naturae

383 3828 668 3889 elevatus
698 3833 793 3887 est
826 3844 1018 3907 super
1047 3826 1324 3887 animam
1359 3826 1752 3901 sensibilem,
1779 3846 1884 3908 po-

383 3932 674 3987 testatem
725 3923 915 3985 habet
973 3923 1384 4005 imprimendi
1430 3924 1491 3985 ei
1543 3943 1690 3986 suos
1740 3943 1886 3987 0011-

384 4030 606 4104 ceptus
649 4040 762 4103 per
805 4021 1064 4083 modum
1105 4039 1233 4103 quo
1270 4022 1477 4084 omnis
1519 4030 1742 4085 natura
1782 4044 1884 4085 su-

385 4121 617 4204 perior,
669 4128 799 4181 tam
857 4120 1208 4201 spiritualis
1268 4140 1459 4202 quam
1514 4122 1881 4203 corporaliS,

1992 3140 2251 3202 caritate
2298 3150 2361 3201 et
2408 3140 2629 3221 gratia,
2673 3159 2791 3202 nec
2843 3139 2906 3200 in
2957 3145 3217 3220 peccato
3262 3158 3275 3201 ε
3318 3138 3486 3219 quod

1992 3257 2118 3300 11011
2168 3245 2265 3299 est
2312 3238 2700 3319 ponendum,
2752 3237 3045 3319 quamvis
3099 3236 3281 3316 juxta
3336 3254 3490 3318 prae-

1991 3337 2208 3399 habita
2251 3336 2447 3418 aliqui
2490 3337 2831 3417 opinentur
2870 3335 3039 3417 quod
3081 3335 3144 3397 in
3186 3335 3338 3398 solis
3382 3354 3489 3396 na-

1992 3435 2305 3497 turalibus
2349 3434 2608 3495 fuerunt
2652 3435 2863 3496 creati.

2072 3534 2397 3606 Praeterea‚
2442 3533 2521 3593 ad
2571 3532 2985 3614 quaestionem
3036 3532 3221 3605 hanc,
3275 3539 3491 3593 utrum

1992 3632 2201 3713 angeli
2245 3630 2396 3693 boni
2435 3639 2499 3692 et
2538 3630 2685 3692 mali
2733 3630 2979 3711 possint
3016 3649 3208 3711 super
3249 3629 3492 3691 intelle-

1995 3739 2169 3793 ctum
2219 3730 2594 3802 humanum,
2641 3729 2980 3810 respondet
3026 3728 3322 3791 Albertus
3365 3746 3379 3790 :
3422 3730 3489 3790 ln

1995 3830 2112 3890 hac
2153 3828 2502 3909 quaestione
2534 3828 2715 3889 valde
2754 3826 3171 3888 diversificati
3211 3834 3360 3889 sunt
3389 3828 3495 3889 do-

1996 3934 2201 3988 ctores
2242 3934 2389 3987 ante
2428 3942 2563 3986 nos,
2598 3924 2929 4005 Philippus
2969 3924 3141 3986 enim
3187 3925 3494 3987 cancella-

1995 4024 2128 4086 rius
2191 4022 2557 4086 Parisiensis
2619 4023 2801 4095 dixit,
2862 4022 3033 4104 quod
3095 4022 3268 4085 solus
3328 4023 3493 4086 Deus

1997 4130 2203 4203 potest
2234 4140 2427 4203 super
2455 4121 2845 4184 voluntatem
2884 4121 2949 4181 in
2988 4120 3263 4190 homine,
3300 4120 3493 4183 infor-

384 4219 574 4281 habet
607 4226 982 4301 potestatem
1017 4219 1427 4301 imprimendi
1461 4219 1525 4281 in
1561 4220 1879 4282 inferiora.
1917 4226 1965 4287 D
1997 4220 2228 4282 mando
2269 4219 2822 4300 convertendoque
2861 4237 3001 4281 eam
3038 4219 3118 4281 ad
3149 4220 3495 4300 quodcum-

459 4318 768 4379 Praeterea
806 4317 1288 4391 advertendum,
1325 4319 1492 4399 quod
1533 4319 1885 4380 secundum

383 4415 810 4497 Augustinum
841 4422 904 4476 et
935 4416 1328 4489 Anselmum,
1363 4416 1592 4497 triplex
1623 4425 1718 4478 est
1749 4436 1888 4478 cur-

384 4534 490 4575 sus
540 4532 772 4575 rerum.
828 4513 1077 4575 Primus
1125 4521 1220 4575 est
1267 4514 1574 4576 naturalis
1629 4532 1642 4576 :
1697 4523 1758 4577 et
1807 4516 1884 4577 ad

385 4611 555 4673 hunc
592 4610 1130 4674 manifestandum
1168 4612 1397 4675 animae
1427 4613 1716 4675 sensibili
1757 4633 1882 4677 non

385 4717 477 4771 est
519 4708 878 4771 necessaria
919 4710 1255 4790 impressio
1292 4711 1519 4790 angeli.
1557 4712 1886 4775 Secundus

387 4816 479 4870 est
511 4826 736 4869 cursus
769 4807 1187 4881 voluntariuS,
1221 4827 1349 4889 quo
1387 4809 1557 4870 fiunt
1587 4830 1686 4871 res
1717 4830 1754 4872 a
1783 4829 1890 4873 vo-

390 4906 628 4968 luntate
661 4905 1094 4987 procedentes
1129 4908 1326 4979 Quem
1360 4926 1618 4969 cursum
1652 4928 1888 4991 neque-

391 5013 502 5065 unt
539 5004 748 5084 angeli
789 5003 1216 5079 manilestare,
1249 5006 1399 5087 quia
1437 5027 1578 5087 quae
1618 5009 1888 5072 subsunt

391 5102 722 5175 voluntati,
775 5120 903 5163 non
955 5103 1166 5165 valent
1219 5122 1598 5185 cognoscere
1647 5108 1771 5169 nisi
1825 5109 1887 5169 in

394 5208 696 5281 quantum
733 5200 1224 5263 manifestantur
1255 5202 1319 5264 in
1351 5205 1787 5285 corporalibus
1815 5206 1890 5267 si·

394 5299 531 5378 gnis
584 5318 599 5361 :
654 5299 950 5381 quamvis
999 5320 1076 5362 ex
1125 5302 1608 5384 perspicacitate
1661 5303 1891 5365 intelli-

1996 4338 2119 4400 que
2151 4317 2442 4379 voluerit.
2478 4318 2652 4390 Quod
2685 4315 3091 4380 confirmavit
3121 4317 3495 4378 auctoritate

1999 4416 2334 4497 Fulgentii,
2370 4415 2775 4497 protestantis
2810 4432 2823 4475 :
2860 4413 3043 4478 Solus
3074 4416 3239 4476 Deus
3280 4433 3498 4497 opera-

1997 4523 2100 4576 tur
2143 4515 2209 4576 in
2254 4514 2552 4576 cordibus
2598 4513 2931 4575 hominum
2973 4514 3051 4575 ad
3096 4513 3495 4575 inclinandas

1995 4614 2353 4677 voluntates
2383 4630 2603 4674 eorum
2635 4612 2711 4673 ad
2744 4612 3056 4694 quidquid
3090 4612 3380 4674 voluerit.
3416 4647 3496 4657 —

1997 4712 2165 4775 Dixit
2205 4729 2481 4792 quoque,
2515 4710 2683 4791 quod
2728 4710 2991 4790 angelus
3040 4710 3245 4772 bonus
3288 4717 3494 4791 potest

1997 4830 2190 4892 super
2218 4829 2476 4871 sensum
2508 4808 2886 4871 exteriorem
2918 4816 2982 4869 et
3012 4827 3204 4889 super
3233 4827 3493 4869 sensum

1997 4909 2387 4981 interiorem,
2430 4908 2541 4990 qui
2590 4916 2685 4969 est
2734 4926 2958 4969 sensus
3008 4906 3390 4980 communiS,
3432 4914 3494 4968 et

2001 5007 2407 5088 imaginativa
2436 5014 2497 5067 et
2533 5005 2866 5088 phantasia
2894 5012 2957 5067 et
2992 5005 3367 5067 aestimativa
3405 5013 3494 5066 at-

1997 5126 2121 5188 que
2183 5107 2594 5168 memorativa
2642 5104 2826 5185 (dicit
2882 5104 3120 5165 etenim
3172 5104 3496 5166 Avicenna

1999 5212 2175 5267 sexto
2206 5204 2623 5278 Naturalium,
2653 5203 2822 5285 quod
2854 5202 3139 5283 quinque
3180 5212 3327 5265 sunt
3357 5223 3495 5267 sen-

2002 5324 2110 5365 sus
2143 5303 2497 5377 interiore8‚
2531 5302 2636 5384 qui
2667 5302 2798 5383 jam
2833 5301 3142 5364 nominati
3174 5309 3344 5376 sunt,
3379 5303 3495 5366 sic-

3542 2484 3585 2525 p.
3612 2473 3690 2513 295
3701 2470 3753 2513 Α.

3544 3267 3587 3309 p.
3610 3255 3686 3295 287
3702 3252 3748 3297 B.
