4334 6242
651 868 752 950 D.
841 868 1198 950 PETRI
1283 867 1916 954 LOMBARDI
1997 872 2550 956 EPISCOPI
2637 874 3399 959 PARISIENSIS

1339 1162 1813 1270 LIBER
1909 1163 2713 1274 SECUNDUS

1107 1415 2931 1652 SENTENTIARUM

758 1857 850 1904 ΒΕ
909 1857 1152 1904 RERUM
1205 1857 1616 1904 cunarlom:
1672 1857 1759 1905 Ac
1813 1859 2120 1905 nonnus
2178 1860 2406 1907 LAPSU
2463 1860 2835 1908 PnAEmPUE
2890 1861 3288 1909 TRAGTANS.

1267 2412 2176 2525 DISTINCTIO
2279 2414 2793 2524 PRIMA

927 2723 1007 2786 A.
1058 2725 1292 2788 Unum
1329 2737 1485 2787 esse
1519 2740 1783 2787 rerum
1811 2726 2275 2798 principium
2312 2725 2651 2798 ostendit,
2691 2739 2840 2788 non
2868 2727 3129 2801 plura,

1556 2842 1640 2903 ut
1676 2843 1979 2916 quidam
2006 2841 2485 2915 putaverunt.

3598 3137 3737 3167 nem.
3750 3123 3824 3166 lib.
3836 3137 3865 3175 ι,

712 3153 1032 3234 temporis
1068 3155 1264 3234 atque
1293 3152 1592 3216 omnium
1623 3151 1990 3215 visibilium
2017 3153 2123 3216 vel
2151 3152 2590 3216 invisibilium
2618 3153 3085 3234 creaturarum,
3119 3155 3187 3218 in
3215 3155 3573 3237 primordio
3600 3200 3644 3230 ῃ,
3667 3189 3707 3229 5,

712 3269 820 3332 sui
858 3269 1166 3348 ostendit,
1203 3269 1428 3332 dicens
1463 3288 1477 3329 z
1520 3268 1596 3331 In
1634 3268 1956 3350 principio
1996 3269 2241 3332 creavit
2276 3269 2458 3331 Deus
2495 3268 2734 3332 coelum
2773 3270 2839 3332 et
2877 3271 3139 3334 terram.
3174 3272 3297 3334 His
3331 3271 3575 3334 etenim
3622 3285 3779 3334 σιω,
3801 3287 3837 3328 ι.

468 3385 688 3448 verbis
715 3385 984 3464 Moyses
1011 3384 1260 3466 Spiritu
1289 3384 1413 3449 Dei
1443 3384 1723 3464 afflatuS‚
1756 3385 1824 3446 in
1861 3403 1994 3448 uno
2030 3384 2355 3466 principio
2392 3402 2432 3446 a
2465 3385 2606 3448 Deo
2643 3387 2929 3448 creatore
2967 3386 3291 3449 mundum
3328 3386 3575 3450 factum

465 3501 692 3580 refert,
715 3499 968 3563 elidens
1000 3517 1284 3564 errorem
1313 3501 1777 3581 quorumdam,
1800 3502 1990 3582 plura
2017 3501 2160 3564 sine
2187 3499 2511 3581 principio
2542 3500 2746 3563 fuisse
2774 3500 3098 3582 principia
3134 3502 3568 3582 opinantium.

603 3615 796 3679 Plato
833 3632 1118 3695 namque
1155 3616 1283 3678 tria
1319 3615 1510 3678 initia
1549 3615 1976 3695 existimavit,
2016 3616 2235 3680 Deum
2273 3615 2545 3696 scilicet,
2588 3616 2946 3697 exemplar,
2982 3619 3047 3680 et
3090 3617 3468 3699 materiam3
3509 3619 3575 3681 et
3625 3631 3773 3706 ambr.
3792 3643 3865 3685 01·-

464 3733 618 3814 ipsa
653 3731 942 3795 increata
979 3731 1121 3794 sine
1158 3731 1506 3812 principio,
1540 3731 1605 3794 et
1640 3731 1856 3794 Deum
1893 3732 2083 3811 quasi
2129 3731 2469 3810 artificem,
2511 3748 2643 3795 non
2682 3733 3061 3795 creatorem.
3094 3731 3361 3796 Creator
3394 3733 3573 3796 enim
3599 3699 3675 3738 ω’
3694 3707 3739 3735 ““
3764 3696 3803 3735 ¹‘

468 3849 573 3912 est
609 3848 726 3928 qui
761 3847 844 3910 de
873 3845 1082 3909 nihilo
1112 3847 1364 3927 aliquid
1393 3846 1550 3908 facit
1580 3864 1596 3906 τ
1631 3846 1698 3907 et
1734 3861 1974 3923 creare,
2009 3845 2273 3926 proprie
2311 3847 2412 3908 est
2447 3845 2527 3908 de
2563 3845 2773 3908 nihilo
2804 3846 3056 3927 aliquid
3086 3846 3329 3928 facere3
3363 3848 3572 3912 facere

466 3981 654 4044 ver0,
685 3981 820 4027 non
857 3963 1054 4026 modo
1094 3963 1176 4027 de
1211 3961 1421 4025 nihilo
1459 3960 1710 4042 aliquid
1754 3961 2030 4041 operari,
2066 3962 2183 4026 sed
2220 3962 2418 4026 etiam
2456 3963 2536 4025 de
2574 3962 2867 4026 materia.
2903 3963 3091 4028 Unde
3129 3965 3195 4026 et
3230 3964 3430 4027 homo
3468 3965 3573 4028 vel

467 4079 748 4162 angelus
790 4079 1033 4142 dicitur
1081 4079 1305 4159 aliqua
1352 4077 1585 4158 facere,
1625 4078 1740 4141 sed
1786 4095 1918 4140 non
1967 4095 2219 4158 creare3
2266 4079 2667 4158 vocaturque
2716 4077 2921 4140 factor
2966 4079 3106 4141 sive
3152 4078 3411 4158 artifeX,
3458 4081 3574 4142 sed

465 4213 605 4259 non
642 4196 896 4259 creator
937 4213 952 4256 ε
994 4195 1118 4257 hoc
1157 4193 1332 4257 enim
1372 4211 1613 4258 nomen
1649 4192 1774 4255 soli
1813 4194 1952 4256 Deo
1992 4193 2253 4273 proprie
2290 4193 2614 4274 congruit,
2651 4193 2766 4273 qui
2804 4194 2870 4256 et
2905 4193 2985 4255 de
3022 4193 3231 4256 nihilo
3268 4195 3575 4274 quaedam

469 4315 542 4376 et
581 4313 660 4375 de
711 4311 936 4391 aliquo
983 4311 1205 4392 aliqua
1252 4309 1429 4373 facit.
1473 4311 1621 4391 Ipse
1669 4311 1769 4372 est
1814 4327 1966 4390 ergo
2015 4309 2267 4372 creator
2312 4311 2377 4372 et
2414 4309 2637 4390 opifex
2686 4310 2751 4373 et
2799 4307 3005 4372 factor
3048 4329 3061 4370 :
3104 4310 3220 4373 sed
3265 4311 3574 4376 creatoris

468 4445 716 4492 nomen
763 4427 891 4490 sibi
937 4428 1200 4508 proprie
1245 4427 1539 4506 retinuit,
1580 4426 1710 4488 alia
1746 4443 1900 4490 vero
1939 4425 2136 4488 etiam
2188 4424 2501 4489 creaturis
2539 4426 3074 4489 communicavit.
3115 4427 3192 4489 In
3239 4427 3575 4508 Scriptura

471 4548 695 4609 tamen
725 4561 904 4624 saepe
941 4545 1192 4608 creator
1229 4543 1546 4624 accipitur
1581 4545 1894 4624 tanquam
1933 4543 2162 4623 factor,
2197 4545 2263 4605 et
2289 4559 2506 4606 creare
2542 4545 2857 4623 tanquam
2897 4543 3131 4624 facere,
3162 4543 3304 4607 sine
3339 4544 3574 4608 distin-

475 4661 692 4726 ctione
737 4658 1260 4740 significationis.

483 3033 1195 3332 CREATIONEM
1243 3052 1464 3100 rerum
1513 3036 1855 3100 insinuans
1901 3036 2259 3118 Scriptura,
2300 3037 2517 3100 Deum
2566 3053 2708 3100 esse
2754 3039 3137 3120 creatorem,
3178 3039 3574 3121 initiumque
3628 3059 3869 3106 Ambus.-
3944 3074 3954 3083 ·

541 4877 616 4940 B.
654 4880 853 4946 Quod
891 4879 1044 4939 hoec
1077 4878 1332 4948 verba,
1373 4877 1654 4938 scilicet
1689 4891 1913 4953 affere
1950 4879 2022 4939 et
2053 4877 2333 4950 facere,
2375 4876 2448 4937 ‘et
2487 4877 2937 4948 hujusmodi,
2978 4888 3126 4938 non
3167 4876 3516 4940 dicuntur

800 4996 888 5054 de
926 4993 1072 5053 Deo
1105 4995 1504 5055 secundum
1540 5005 1712 5054 eam
1746 4994 2122 5056 rationem
2159 5005 2305 5066 qua
2345 4993 2694 5055 dicuntur
2730 4994 2816 5053 de
2854 4991 3252 5052 creatur-ia.

617 5185 1090 5252 Verumtamen
1146 5185 1487 5249 sciendum
1545 5188 1666 5266 est,
1717 5187 1861 5252 haec
1917 5187 2135 5268 verba,
2185 5185 2435 5250 scilicet
2490 5201 2729 5263 creare,
2785 5183 3019 5266 facere,
3070 5203 3283 5268 agere,
3338 5186 3402 5250 et
3448 5185 3581 5250 alia

491 5302 900 5387 hujusmodi,
941 5303 1023 5368 de
1059 5303 1198 5368 Deo
1238 5319 1368 5366 non
1415 5319 1610 5384 posse
1648 5304 1778 5367 dici
1816 5305 2179 5369 secundum
2229 5321 2371 5368 eam
2408 5301 2729 5367 rationem
2771 5318 2903 5382 qua
2938 5303 3246 5368 dicuntur
3279 5304 3361 5368 de
3398 5321 3579 5370 crea-
