<?xml version="1.0" encoding="UTF-8"?>
<!DOCTYPE html PUBLIC "-//W3C//DTD XHTML 1.0 Transitional//EN"
    "http://www.w3.org/TR/xhtml1/DTD/xhtml1-transitional.dtd">
<html xmlns="http://www.w3.org/1999/xhtml" xml:lang="en" lang="en">
 <head>
  <title>
</title>
<meta http-equiv="Content-Type" content="text/html;charset=utf-8" />
  <meta name='ocr-system' content='tesseract 3.04.00' />
  <meta name='ocr-capabilities' content='ocr_page ocr_carea ocr_par ocr_line ocrx_word'/>
</head>
<body>
  <div class='ocr_page' id='page_1' title='image "./doctorisecstati01denigoog_0501.png"; bbox 0 0 4334 6242; ppageno 0'>
   <div class='ocr_carea' id='block_1_1' title="bbox 139 1662 362 1716">
    <p class='ocr_par' dir='ltr' id='par_1_1' title="bbox 139 1662 362 1716">
     <span class='ocr_line' id='line_1_1' title="bbox 139 1662 362 1716; baseline 0 -10"><span class='ocrx_word' id='word_1_1' title='bbox 139 1662 362 1716; x_wconf 50' lang='lat' dir='ltr'><strong>Cspssint</strong></span> 
     </span>
    </p>
   </div>
   <div class='ocr_carea' id='block_1_2' title="bbox 688 491 3173 551">
    <p class='ocr_par' dir='ltr' id='par_1_2' title="bbox 688 491 3173 551">
     <span class='ocr_line' id='line_1_2' title="bbox 688 491 3173 551; baseline -0 -12"><span class='ocrx_word' id='word_1_2' title='bbox 688 491 913 548; x_wconf 71' lang='lat' dir='ltr'><strong>QUAES‘r.</strong></span> <span class='ocrx_word' id='word_1_3' title='bbox 957 493 1024 538; x_wconf 88' lang='lat'><strong>111</strong></span> <span class='ocrx_word' id='word_1_4' title='bbox 1066 491 1081 537; x_wconf 88' lang='lat'>:</span> <span class='ocrx_word' id='word_1_5' title='bbox 1123 491 1209 538; x_wconf 78' lang='lat' dir='ltr'><strong>AN</strong></span> <span class='ocrx_word' id='word_1_6' title='bbox 1250 493 1474 540; x_wconf 69' lang='lat' dir='ltr'><strong>ANGELI</strong></span> <span class='ocrx_word' id='word_1_7' title='bbox 1517 493 1657 540; x_wconf 74' lang='lat' dir='ltr'><strong>Rom</strong></span> <span class='ocrx_word' id='word_1_8' title='bbox 1697 493 1776 540; x_wconf 75' lang='lat' dir='ltr'><strong>AG</strong></span> <span class='ocrx_word' id='word_1_9' title='bbox 1817 494 1967 541; x_wconf 67' lang='lat' dir='ltr'><strong>uam</strong></span> <span class='ocrx_word' id='word_1_10' title='bbox 2009 493 2197 542; x_wconf 73' lang='lat' dir='ltr'><strong>INTRA</strong></span> <span class='ocrx_word' id='word_1_11' title='bbox 2236 493 2509 542; x_wconf 67' lang='lat' dir='ltr'><strong>notamus</strong></span> <span class='ocrx_word' id='word_1_12' title='bbox 2551 495 2699 541; x_wconf 72' lang='lat' dir='ltr'><strong>ESSE</strong></span> <span class='ocrx_word' id='word_1_13' title='bbox 2738 494 3001 551; x_wconf 71' lang='lat' dir='ltr'><strong>QUEANT,</strong></span> <span class='ocrx_word' id='word_1_14' title='bbox 3044 492 3173 540; x_wconf 73' lang='lat' dir='ltr'><strong>mc.</strong></span> 
     </span>
    </p>
   </div>
   <div class='ocr_carea' id='block_1_3' title="bbox 3384 469 3503 536">
    <p class='ocr_par' dir='ltr' id='par_1_3' title="bbox 3384 469 3503 536">
     <span class='ocr_line' id='line_1_3' title="bbox 3384 469 3503 536; baseline 0 0"><span class='ocrx_word' id='word_1_15' title='bbox 3384 469 3503 536; x_wconf 79' lang='lat'><strong>459</strong></span> 
     </span>
    </p>
   </div>
   <div class='ocr_carea' id='block_1_4' title="bbox 391 663 3508 750">
    <p class='ocr_par' dir='ltr' id='par_1_4' title="bbox 391 663 3508 750">
     <span class='ocr_line' id='line_1_4' title="bbox 391 663 3508 750; baseline -0.001 -25"><span class='ocrx_word' id='word_1_16' title='bbox 391 670 496 725; x_wconf 89' lang='lat' dir='ltr'><strong>ant</strong></span> <span class='ocrx_word' id='word_1_17' title='bbox 536 663 783 726; x_wconf 88' lang='lat' dir='ltr'><strong>satiare.</strong></span> <span class='ocrx_word' id='word_1_18' title='bbox 817 664 892 726; x_wconf 89' lang='lat' dir='ltr'><strong>Hi</strong></span> <span class='ocrx_word' id='word_1_19' title='bbox 933 683 1080 726; x_wconf 90' lang='lat' dir='ltr'><strong>cum</strong></span> <span class='ocrx_word' id='word_1_20' title='bbox 1123 665 1486 729; x_wconf 81' lang='lat' dir='ltr'>nutricibus</span> <span class='ocrx_word' id='word_1_21' title='bbox 1527 664 1747 728; x_wconf 89' lang='lat' dir='ltr'><strong>multis</strong></span> <span class='ocrx_word' id='word_1_22' title='bbox 1786 685 1894 727; x_wconf 89' lang='lat' dir='ltr'><strong>an·</strong></span> <span class='ocrx_word' id='word_1_23' title='bbox 1925 665 1977 729; x_wconf 84' lang='lat' dir='ltr'><strong>A</strong></span> <span class='ocrx_word' id='word_1_24' title='bbox 2007 683 2136 728; x_wconf 90' lang='lat' dir='ltr'><strong>non</strong></span> <span class='ocrx_word' id='word_1_25' title='bbox 2185 667 2475 749; x_wconf 88' lang='lat' dir='ltr'><strong>pervenit</strong></span> <span class='ocrx_word' id='word_1_26' title='bbox 2518 687 2720 750; x_wconf 89' lang='lat' dir='ltr'><strong>usque</strong></span> <span class='ocrx_word' id='word_1_27' title='bbox 2764 668 2841 730; x_wconf 87' lang='lat' dir='ltr'><strong>ad</strong></span> <span class='ocrx_word' id='word_1_28' title='bbox 2882 666 3273 729; x_wconf 88' lang='lat' dir='ltr'><strong>voluntatem</strong></span> <span class='ocrx_word' id='word_1_29' title='bbox 3308 680 3321 725; x_wconf 90' lang='lat'>:</span> <span class='ocrx_word' id='word_1_30' title='bbox 3356 663 3508 745; x_wconf 91' lang='lat' dir='ltr'><strong>quia</strong></span> 
     </span>
    </p>
   </div>
   <div class='ocr_carea' id='block_1_5' title="bbox 391 760 1898 1122">
    <p class='ocr_par' dir='ltr' id='par_1_5' title="bbox 391 760 1898 1122">
     <span class='ocr_line' id='line_1_5' title="bbox 392 760 1896 836; baseline 0.003 -13"><span class='ocrx_word' id='word_1_31' title='bbox 392 760 492 824; x_wconf 90' lang='lat' dir='ltr'><strong>nis</strong></span> <span class='ocrx_word' id='word_1_32' title='bbox 527 761 652 823; x_wconf 80' lang='lat' dir='ltr'><strong>visi</strong></span> <span class='ocrx_word' id='word_1_33' title='bbox 691 771 842 824; x_wconf 85' lang='lat' dir='ltr'><strong>sunt</strong></span> <span class='ocrx_word' id='word_1_34' title='bbox 882 764 1138 836; x_wconf 88' lang='lat' dir='ltr'><strong>morari,</strong></span> <span class='ocrx_word' id='word_1_35' title='bbox 1168 764 1400 826; x_wconf 90' lang='lat' dir='ltr'><strong>deinde</strong></span> <span class='ocrx_word' id='word_1_36' title='bbox 1439 763 1654 826; x_wconf 87' lang='lat' dir='ltr'><strong>subito</strong></span> <span class='ocrx_word' id='word_1_37' title='bbox 1692 763 1896 827; x_wconf 88' lang='lat' dir='ltr'><strong>evola-</strong></span> 
     </span>
     <span class='ocr_line' id='line_1_6' title="bbox 391 861 1895 944; baseline 0.003 -23"><span class='ocrx_word' id='word_1_38' title='bbox 391 867 680 934; x_wconf 90' lang='lat' dir='ltr'><strong>runt,aut</strong></span> <span class='ocrx_word' id='word_1_39' title='bbox 713 862 926 943; x_wconf 89' lang='lat' dir='ltr'><strong>potius</strong></span> <span class='ocrx_word' id='word_1_40' title='bbox 954 862 1629 936; x_wconf 88' lang='lat' dir='ltr'><strong>evanuerunt,nullum</strong></span> <span class='ocrx_word' id='word_1_41' title='bbox 1664 861 1895 944; x_wconf 89' lang='lat' dir='ltr'><strong>prioris</strong></span> 
     </span>
     <span class='ocr_line' id='line_1_7' title="bbox 393 958 1898 1043; baseline 0.002 -23"><span class='ocrx_word' id='word_1_42' title='bbox 393 958 780 1024; x_wconf 82' lang='lat' dir='ltr'><strong>exsistentiae</strong></span> <span class='ocrx_word' id='word_1_43' title='bbox 820 959 1161 1041; x_wconf 85' lang='lat' dir='ltr'><strong>vestigium</strong></span> <span class='ocrx_word' id='word_1_44' title='bbox 1206 959 1642 1042; x_wconf 75' lang='lat' dir='ltr'><strong>relinquentes</strong></span> <span class='ocrx_word' id='word_1_45' title='bbox 1687 981 1701 1024; x_wconf 73' lang='grc' dir='ltr'>ι</span> <span class='ocrx_word' id='word_1_46' title='bbox 1747 979 1898 1043; x_wconf 91' lang='lat' dir='ltr'><strong>quo-</strong></span> 
     </span>
     <span class='ocr_line' id='line_1_8' title="bbox 395 1056 1892 1122; baseline 0.002 -4"><span class='ocrx_word' id='word_1_47' title='bbox 395 1075 538 1118; x_wconf 89' lang='lat' dir='ltr'><strong>rum</strong></span> <span class='ocrx_word' id='word_1_48' title='bbox 569 1056 710 1120; x_wconf 88' lang='lat' dir='ltr'><strong>sitis</strong></span> <span class='ocrx_word' id='word_1_49' title='bbox 740 1057 1027 1120; x_wconf 78' lang='lat' dir='ltr'><strong>illusoria</strong></span> <span class='ocrx_word' id='word_1_50' title='bbox 1056 1058 1198 1119; x_wconf 82' lang='lat' dir='ltr'><strong>suit.</strong></span> <span class='ocrx_word' id='word_1_51' title='bbox 1219 1093 1299 1104; x_wconf 93' lang='lat'><strong>--</strong></span> <span class='ocrx_word' id='word_1_52' title='bbox 1318 1058 1461 1121; x_wconf 81' lang='lat' dir='ltr'><strong>Haec</strong></span> <span class='ocrx_word' id='word_1_53' title='bbox 1494 1058 1892 1122; x_wconf 81' lang='lat' dir='ltr'><strong>GuillelmuS.</strong></span> 
     </span>
    </p>
   </div>
   <div class='ocr_carea' id='block_1_6' title="bbox 391 1253 1903 1827">
    <p class='ocr_par' dir='ltr' id='par_1_6' title="bbox 391 1253 1903 1827">
     <span class='ocr_line' id='line_1_9' title="bbox 473 1253 1899 1337; baseline 0.001 -21"><span class='ocrx_word' id='word_1_54' title='bbox 473 1254 568 1316; x_wconf 87' lang='lat' dir='ltr'><strong>Ad</strong></span> <span class='ocrx_word' id='word_1_55' title='bbox 618 1253 869 1335; x_wconf 87' lang='lat' dir='ltr'><strong>objecta</strong></span> <span class='ocrx_word' id='word_1_56' title='bbox 916 1263 1088 1337; x_wconf 87' lang='lat' dir='ltr'><strong>patet</strong></span> <span class='ocrx_word' id='word_1_57' title='bbox 1145 1255 1495 1337; x_wconf 88' lang='lat' dir='ltr'><strong>responsio.</strong></span> <span class='ocrx_word' id='word_1_58' title='bbox 1549 1255 1899 1317; x_wconf 81' lang='lat' dir='ltr'><strong>Mercurius</strong></span> 
     </span>
     <span class='ocr_line' id='line_1_10' title="bbox 393 1351 1900 1434; baseline 0 -20"><span class='ocrx_word' id='word_1_59' title='bbox 393 1369 545 1415; x_wconf 87' lang='lat' dir='ltr'><strong>vero</strong></span> <span class='ocrx_word' id='word_1_60' title='bbox 592 1351 658 1414; x_wconf 89' lang='lat' dir='ltr'><strong>in</strong></span> <span class='ocrx_word' id='word_1_61' title='bbox 700 1352 818 1414; x_wconf 93' lang='lat' dir='ltr'><strong>hoc</strong></span> <span class='ocrx_word' id='word_1_62' title='bbox 862 1352 1033 1434; x_wconf 93' lang='lat' dir='ltr'><strong>quod</strong></span> <span class='ocrx_word' id='word_1_63' title='bbox 1075 1371 1152 1414; x_wconf 83' lang='lat' dir='ltr'><strong>ex</strong></span> <span class='ocrx_word' id='word_1_64' title='bbox 1196 1352 1336 1434; x_wconf 91' lang='lat' dir='ltr'><strong>ipso</strong></span> <span class='ocrx_word' id='word_1_65' title='bbox 1375 1351 1703 1433; x_wconf 79' lang='lat' dir='ltr'><strong>allegatur,</strong></span> <span class='ocrx_word' id='word_1_66' title='bbox 1735 1371 1900 1414; x_wconf 90' lang='lat' dir='ltr'><strong>erra-</strong></span> 
     </span>
     <span class='ocr_line' id='line_1_11' title="bbox 391 1449 1900 1532; baseline 0 -20"><span class='ocrx_word' id='word_1_67' title='bbox 391 1451 508 1525; x_wconf 90' lang='lat' dir='ltr'><strong>vit,</strong></span> <span class='ocrx_word' id='word_1_68' title='bbox 541 1451 710 1514; x_wconf 90' lang='lat' dir='ltr'><strong>sicut</strong></span> <span class='ocrx_word' id='word_1_69' title='bbox 751 1457 813 1512; x_wconf 93' lang='lat' dir='ltr'><strong>et</strong></span> <span class='ocrx_word' id='word_1_70' title='bbox 855 1457 1074 1532; x_wconf 88' lang='lat' dir='ltr'><strong>postea</strong></span> <span class='ocrx_word' id='word_1_71' title='bbox 1116 1449 1645 1512; x_wconf 89' lang='lat' dir='ltr'><strong>sceleratissimus</strong></span> <span class='ocrx_word' id='word_1_72' title='bbox 1693 1451 1900 1512; x_wconf 89' lang='lat' dir='ltr'><strong>Maho-</strong></span> 
     </span>
     <span class='ocr_line' id='line_1_12' title="bbox 395 1547 1903 1631; baseline -0.001 -20"><span class='ocrx_word' id='word_1_73' title='bbox 395 1557 626 1624; x_wconf 79' lang='lat' dir='ltr'><strong>metuS,</strong></span> <span class='ocrx_word' id='word_1_74' title='bbox 681 1555 976 1631; x_wconf 88' lang='lat' dir='ltr'><strong>putantes</strong></span> <span class='ocrx_word' id='word_1_75' title='bbox 1025 1547 1333 1630; x_wconf 89' lang='lat' dir='ltr'><strong>quosdam</strong></span> <span class='ocrx_word' id='word_1_76' title='bbox 1391 1547 1648 1628; x_wconf 80' lang='lat' dir='ltr'><strong>angelos</strong></span> <span class='ocrx_word' id='word_1_77' title='bbox 1704 1549 1903 1610; x_wconf 89' lang='lat' dir='ltr'><strong>incar-</strong></span> 
     </span>
     <span class='ocr_line' id='line_1_13' title="bbox 393 1646 1899 1728; baseline -0.001 -18"><span class='ocrx_word' id='word_1_78' title='bbox 393 1655 576 1710; x_wconf 89' lang='lat' dir='ltr'><strong>natos</strong></span> <span class='ocrx_word' id='word_1_79' title='bbox 633 1647 1051 1728; x_wconf 75' lang='lat' dir='ltr'><strong>vene-reisque</strong></span> <span class='ocrx_word' id='word_1_80' title='bbox 1111 1646 1378 1720; x_wconf 80' lang='lat' dir='ltr'><strong>illectOS,</strong></span> <span class='ocrx_word' id='word_1_81' title='bbox 1437 1652 1506 1706; x_wconf 90' lang='lat' dir='ltr'><strong>ut</strong></span> <span class='ocrx_word' id='word_1_82' title='bbox 1564 1647 1899 1710; x_wconf 88' lang='lat' dir='ltr'><strong>recitatum</strong></span> 
     </span>
     <span class='ocr_line' id='line_1_14' title="bbox 394 1755 747 1827; baseline -0.014 -16"><span class='ocrx_word' id='word_1_83' title='bbox 394 1755 492 1810; x_wconf 90' lang='lat' dir='ltr'><strong>est</strong></span> <span class='ocrx_word' id='word_1_84' title='bbox 534 1764 747 1827; x_wconf 90' lang='lat' dir='ltr'><strong>supra.</strong></span> 
     </span>
    </p>
   </div>
   <div class='ocr_carea' id='block_1_7' title="bbox 821 2061 1489 2136">
    <p class='ocr_par' dir='ltr' id='par_1_7' title="bbox 821 2061 1489 2136">
     <span class='ocr_line' id='line_1_15' title="bbox 821 2061 1489 2136; baseline -0.001 -11"><span class='ocrx_word' id='word_1_85' title='bbox 821 2061 1297 2136; x_wconf 88' lang='lat' dir='ltr'><strong>QUAESTIO</strong></span> <span class='ocrx_word' id='word_1_86' title='bbox 1365 2062 1489 2124; x_wconf 90' lang='lat'><strong>111</strong></span> 
     </span>
    </p>
   </div>
   <div class='ocr_carea' id='block_1_8' title="bbox 395 2333 1904 2710">
    <p class='ocr_par' dir='ltr' id='par_1_8' title="bbox 395 2333 1904 2710">
     <span class='ocr_line' id='line_1_16' title="bbox 526 2333 1902 2416; baseline 0.003 -20"><span class='ocrx_word' id='word_1_87' title='bbox 526 2333 701 2396; x_wconf 87' lang='lat' dir='ltr'><strong>Ertio</strong></span> <span class='ocrx_word' id='word_1_88' title='bbox 743 2333 1070 2416; x_wconf 60' lang='lat' dir='ltr'><strong>quaeritur,</strong></span> <span class='ocrx_word' id='word_1_89' title='bbox 1102 2335 1230 2400; x_wconf 85' lang='lat' dir='ltr'><strong>An</strong></span> <span class='ocrx_word' id='word_1_90' title='bbox 1270 2333 1538 2412; x_wconf 79' lang='lat' dir='ltr'><strong>ang-eli</strong></span> <span class='ocrx_word' id='word_1_91' title='bbox 1583 2333 1769 2401; x_wconf 75' lang='lat' dir='ltr'><strong>boni</strong></span> <span class='ocrx_word' id='word_1_92' title='bbox 1810 2349 1902 2401; x_wconf 82' lang='lat' dir='ltr'><strong>ao</strong></span> 
     </span>
     <span class='ocr_line' id='line_1_17' title="bbox 558 2431 1904 2513; baseline 0 -15"><span class='ocrx_word' id='word_1_93' title='bbox 558 2432 758 2499; x_wconf 88' lang='lat' dir='ltr'><strong>mali</strong></span> <span class='ocrx_word' id='word_1_94' title='bbox 807 2431 1025 2499; x_wconf 84' lang='lat' dir='ltr'><strong>intra</strong></span> <span class='ocrx_word' id='word_1_95' title='bbox 1077 2433 1443 2499; x_wconf 88' lang='lat' dir='ltr'><strong>homines</strong></span> <span class='ocrx_word' id='word_1_96' title='bbox 1495 2447 1665 2498; x_wconf 87' lang='lat' dir='ltr'><strong>esse</strong></span> <span class='ocrx_word' id='word_1_97' title='bbox 1718 2447 1904 2513; x_wconf 88' lang='lat' dir='ltr'><strong>que-</strong></span> 
     </span>
     <span class='ocr_line' id='line_1_18' title="bbox 395 2529 1902 2612; baseline 0 -16"><span class='ocrx_word' id='word_1_98' title='bbox 395 2532 561 2612; x_wconf 88' lang='lat' dir='ltr'><strong>ant,</strong></span> <span class='ocrx_word' id='word_1_99' title='bbox 622 2532 707 2596; x_wconf 85' lang='lat' dir='ltr'><strong>et</strong></span> <span class='ocrx_word' id='word_1_100' title='bbox 774 2545 878 2596; x_wconf 87' lang='lat' dir='ltr'><strong>an</strong></span> <span class='ocrx_word' id='word_1_101' title='bbox 944 2529 1384 2597; x_wconf 81' lang='lat' dir='ltr'><strong>illabantur</strong></span> <span class='ocrx_word' id='word_1_102' title='bbox 1451 2531 1902 2596; x_wconf 88' lang='lat' dir='ltr'><strong>animarum</strong></span> 
     </span>
     <span class='ocr_line' id='line_1_19' title="bbox 396 2629 1903 2710; baseline 0 -16"><span class='ocrx_word' id='word_1_103' title='bbox 396 2643 928 2710; x_wconf 80' lang='lat' dir='ltr'><strong>corporumve</strong></span> <span class='ocrx_word' id='word_1_104' title='bbox 977 2629 1379 2710; x_wconf 72' lang='lat' dir='ltr'><strong>essentiis,</strong></span> <span class='ocrx_word' id='word_1_105' title='bbox 1428 2631 1510 2695; x_wconf 89' lang='lat' dir='ltr'><strong>et</strong></span> <span class='ocrx_word' id='word_1_106' title='bbox 1554 2629 1903 2709; x_wconf 72' lang='lat' dir='ltr'><strong>qualiter</strong></span> 
     </span>
    </p>
   </div>
   <div class='ocr_carea' id='block_1_9' title="bbox 395 2727 1900 2905">
    <p class='ocr_par' dir='ltr' id='par_1_9' title="bbox 395 2727 1900 2905">
     <span class='ocr_line' id='line_1_20' title="bbox 395 2727 1127 2795; baseline 0.001 -1"><span class='ocrx_word' id='word_1_107' title='bbox 395 2728 707 2794; x_wconf 81' lang='lat' dir='ltr'><strong>intrent</strong></span> <span class='ocrx_word' id='word_1_108' title='bbox 744 2727 1127 2795; x_wconf 85' lang='lat' dir='ltr'><strong>obsessos.</strong></span> 
     </span>
     <span class='ocr_line' id='line_1_21' title="bbox 481 2824 1900 2905; baseline 0.001 -21"><span class='ocrx_word' id='word_1_109' title='bbox 481 2824 744 2886; x_wconf 80' lang='lat' dir='ltr'><strong>Videtur</strong></span> <span class='ocrx_word' id='word_1_110' title='bbox 791 2825 961 2905; x_wconf 89' lang='lat' dir='ltr'><strong>quod</strong></span> <span class='ocrx_word' id='word_1_111' title='bbox 1018 2824 1184 2886; x_wconf 88' lang='lat' dir='ltr'><strong>intra</strong></span> <span class='ocrx_word' id='word_1_112' title='bbox 1230 2824 1520 2892; x_wconf 88' lang='lat' dir='ltr'><strong>homines</strong></span> <span class='ocrx_word' id='word_1_113' title='bbox 1579 2843 1719 2886; x_wconf 87' lang='lat' dir='ltr'><strong>esse</strong></span> <span class='ocrx_word' id='word_1_114' title='bbox 1774 2842 1900 2886; x_wconf 91' lang='lat' dir='ltr'><strong>non</strong></span> 
     </span>
    </p>
   </div>
   <div class='ocr_carea' id='block_1_10' title="bbox 395 2921 1907 3004">
    <p class='ocr_par' dir='ltr' id='par_1_10' title="bbox 395 2921 1907 3004">
     <span class='ocr_line' id='line_1_22' title="bbox 395 2921 1907 3004; baseline 0.001 -20"><span class='ocrx_word' id='word_1_115' title='bbox 395 2922 670 2984; x_wconf 82' lang='lat' dir='ltr'><strong>valeant.</strong></span> <span class='ocrx_word' id='word_1_116' title='bbox 723 2923 861 2984; x_wconf 89' lang='lat' dir='ltr'><strong>Duo</strong></span> <span class='ocrx_word' id='word_1_117' title='bbox 909 2922 1080 2984; x_wconf 89' lang='lat' dir='ltr'><strong>enim</strong></span> <span class='ocrx_word' id='word_1_118' title='bbox 1133 2921 1396 3004; x_wconf 88' lang='lat' dir='ltr'><strong>spiritus</strong></span> <span class='ocrx_word' id='word_1_119' title='bbox 1447 2923 1640 2984; x_wconf 90' lang='lat' dir='ltr'><strong>simul</strong></span> <span class='ocrx_word' id='word_1_120' title='bbox 1691 2924 1756 2984; x_wconf 88' lang='lat' dir='ltr'><strong>in</strong></span> <span class='ocrx_word' id='word_1_121' title='bbox 1806 2941 1907 2985; x_wconf 89' lang='lat' dir='ltr'><strong>eo-</strong></span> 
     </span>
    </p>
   </div>
   <div class='ocr_carea' id='block_1_11' title="bbox 2008 765 3518 1828">
    <p class='ocr_par' dir='ltr' id='par_1_11' title="bbox 2008 765 3518 1828">
     <span class='ocr_line' id='line_1_23' title="bbox 2009 765 3507 847; baseline -0.003 -21"><span class='ocrx_word' id='word_1_122' title='bbox 2009 765 2304 827; x_wconf 88' lang='lat' dir='ltr'><strong>voluntas</strong></span> <span class='ocrx_word' id='word_1_123' title='bbox 2362 784 2569 847; x_wconf 90' lang='lat' dir='ltr'><strong>neque</strong></span> <span class='ocrx_word' id='word_1_124' title='bbox 2629 773 2939 847; x_wconf 87' lang='lat' dir='ltr'><strong>quantum</strong></span> <span class='ocrx_word' id='word_1_125' title='bbox 2988 765 3067 826; x_wconf 89' lang='lat' dir='ltr'><strong>ad</strong></span> <span class='ocrx_word' id='word_1_126' title='bbox 3124 771 3338 827; x_wconf 87' lang='lat' dir='ltr'><strong>actum</strong></span> <span class='ocrx_word' id='word_1_127' title='bbox 3396 779 3507 822; x_wconf 88' lang='lat' dir='ltr'><strong>ne-</strong></span> 
     </span>
     <span class='ocr_line' id='line_1_24' title="bbox 2008 861 3509 944; baseline -0.002 -21"><span class='ocrx_word' id='word_1_128' title='bbox 2008 881 2132 944; x_wconf 91' lang='lat' dir='ltr'><strong>que</strong></span> <span class='ocrx_word' id='word_1_129' title='bbox 2180 871 2490 944; x_wconf 90' lang='lat' dir='ltr'><strong>quantum</strong></span> <span class='ocrx_word' id='word_1_130' title='bbox 2540 863 2619 924; x_wconf 91' lang='lat' dir='ltr'><strong>ad</strong></span> <span class='ocrx_word' id='word_1_131' title='bbox 2670 883 2857 924; x_wconf 90' lang='lat' dir='ltr'><strong>suum</strong></span> <span class='ocrx_word' id='word_1_132' title='bbox 2903 861 3227 943; x_wconf 84' lang='lat' dir='ltr'><strong>objectum</strong></span> <span class='ocrx_word' id='word_1_133' title='bbox 3276 861 3509 940; x_wconf 91' lang='lat' dir='ltr'><strong>depen-</strong></span> 
     </span>
     <span class='ocr_line' id='line_1_25' title="bbox 2009 958 3510 1042; baseline -0.003 -19"><span class='ocrx_word' id='word_1_134' title='bbox 2009 961 2114 1024; x_wconf 86' lang='lat' dir='ltr'><strong>det</strong></span> <span class='ocrx_word' id='word_1_135' title='bbox 2163 978 2242 1023; x_wconf 87' lang='lat' dir='ltr'><strong>ex</strong></span> <span class='ocrx_word' id='word_1_136' title='bbox 2293 979 2526 1042; x_wconf 88' lang='lat' dir='ltr'><strong>organo</strong></span> <span class='ocrx_word' id='word_1_137' title='bbox 2584 961 2937 1042; x_wconf 85' lang='lat' dir='ltr'><strong>corporali3</strong></span> <span class='ocrx_word' id='word_1_138' title='bbox 2987 960 3137 1042; x_wconf 91' lang='lat' dir='ltr'><strong>quia</strong></span> <span class='ocrx_word' id='word_1_139' title='bbox 3185 958 3510 1040; x_wconf 84' lang='lat' dir='ltr'><strong>objectum</strong></span> 
     </span>
     <span class='ocr_line' id='line_1_26' title="bbox 2009 1055 3511 1141; baseline -0.002 -21"><span class='ocrx_word' id='word_1_140' title='bbox 2009 1078 2199 1120; x_wconf 89' lang='lat' dir='ltr'><strong>suum</strong></span> <span class='ocrx_word' id='word_1_141' title='bbox 2230 1059 2311 1120; x_wconf 93' lang='lat' dir='ltr'><strong>ab</strong></span> <span class='ocrx_word' id='word_1_142' title='bbox 2342 1059 2669 1121; x_wconf 87' lang='lat' dir='ltr'><strong>intellectu</strong></span> <span class='ocrx_word' id='word_1_143' title='bbox 2700 1059 2949 1141; x_wconf 88' lang='lat' dir='ltr'><strong>accipit,</strong></span> <span class='ocrx_word' id='word_1_144' title='bbox 2965 1058 3313 1121; x_wconf 89' lang='lat' dir='ltr'><strong>secundum</strong></span> <span class='ocrx_word' id='word_1_145' title='bbox 3344 1055 3511 1138; x_wconf 92' lang='lat' dir='ltr'><strong>quod</strong></span> 
     </span>
     <span class='ocr_line' id='line_1_27' title="bbox 2011 1155 3513 1239; baseline -0.001 -21"><span class='ocrx_word' id='word_1_146' title='bbox 2011 1157 2373 1219; x_wconf 89' lang='lat' dir='ltr'><strong>intellectus</strong></span> <span class='ocrx_word' id='word_1_147' title='bbox 2417 1156 2658 1239; x_wconf 87' lang='lat' dir='ltr'><strong>aliquid</strong></span> <span class='ocrx_word' id='word_1_148' title='bbox 2704 1157 3125 1238; x_wconf 83' lang='lat' dir='ltr'><strong>apprehendit</strong></span> <span class='ocrx_word' id='word_1_149' title='bbox 3164 1156 3228 1217; x_wconf 91' lang='lat' dir='ltr'><strong>in</strong></span> <span class='ocrx_word' id='word_1_150' title='bbox 3270 1155 3513 1217; x_wconf 88' lang='lat' dir='ltr'><strong>ratione</strong></span> 
     </span>
     <span class='ocr_line' id='line_1_28' title="bbox 2012 1253 3517 1338; baseline -0.001 -21"><span class='ocrx_word' id='word_1_151' title='bbox 2012 1255 2183 1318; x_wconf 87' lang='lat' dir='ltr'><strong>boni.</strong></span> <span class='ocrx_word' id='word_1_152' title='bbox 2217 1291 2298 1300; x_wconf 89' lang='lat'>-</span> <span class='ocrx_word' id='word_1_153' title='bbox 2328 1255 2671 1318; x_wconf 86' lang='lat' dir='ltr'><strong>Sciendum</strong></span> <span class='ocrx_word' id='word_1_154' title='bbox 2703 1264 3029 1338; x_wconf 82' lang='lat' dir='ltr'><strong>praeterea,</strong></span> <span class='ocrx_word' id='word_1_155' title='bbox 3054 1255 3221 1337; x_wconf 91' lang='lat' dir='ltr'><strong>quod</strong></span> <span class='ocrx_word' id='word_1_156' title='bbox 3253 1273 3391 1316; x_wconf 89' lang='lat' dir='ltr'><strong>esse</strong></span> <span class='ocrx_word' id='word_1_157' title='bbox 3424 1253 3517 1315; x_wconf 92' lang='lat' dir='ltr'><strong>in-</strong></span> 
     </span>
     <span class='ocr_line' id='line_1_29' title="bbox 2011 1352 3510 1435; baseline -0.001 -19"><span class='ocrx_word' id='word_1_158' title='bbox 2011 1362 2108 1416; x_wconf 91' lang='lat' dir='ltr'><strong>tra</strong></span> <span class='ocrx_word' id='word_1_159' title='bbox 2150 1353 2418 1435; x_wconf 87' lang='lat' dir='ltr'><strong>aliquid,</strong></span> <span class='ocrx_word' id='word_1_160' title='bbox 2452 1361 2549 1415; x_wconf 91' lang='lat' dir='ltr'><strong>est</strong></span> <span class='ocrx_word' id='word_1_161' title='bbox 2591 1372 2729 1416; x_wconf 91' lang='lat' dir='ltr'><strong>esse</strong></span> <span class='ocrx_word' id='word_1_162' title='bbox 2777 1354 2945 1416; x_wconf 87' lang='lat' dir='ltr'><strong>intra</strong></span> <span class='ocrx_word' id='word_1_163' title='bbox 2992 1353 3298 1416; x_wconf 88' lang='lat' dir='ltr'><strong>terminos</strong></span> <span class='ocrx_word' id='word_1_164' title='bbox 3348 1352 3510 1433; x_wconf 79' lang='lat' dir='ltr'><strong>ejus,</strong></span> 
     </span>
     <span class='ocr_line' id='line_1_30' title="bbox 2013 1449 3517 1534; baseline -0.001 -20"><span class='ocrx_word' id='word_1_165' title='bbox 2013 1451 2257 1534; x_wconf 90' lang='lat' dir='ltr'><strong>Corpus</strong></span> <span class='ocrx_word' id='word_1_166' title='bbox 2299 1469 2451 1514; x_wconf 90' lang='lat' dir='ltr'><strong>vero</strong></span> <span class='ocrx_word' id='word_1_167' title='bbox 2500 1451 2688 1514; x_wconf 84' lang='lat' dir='ltr'><strong>habet</strong></span> <span class='ocrx_word' id='word_1_168' title='bbox 2744 1451 3051 1514; x_wconf 89' lang='lat' dir='ltr'><strong>terminos</strong></span> <span class='ocrx_word' id='word_1_169' title='bbox 3099 1449 3376 1533; x_wconf 91' lang='lat' dir='ltr'><strong>duplicis</strong></span> <span class='ocrx_word' id='word_1_170' title='bbox 3424 1469 3517 1512; x_wconf 90' lang='lat' dir='ltr'><strong>ra—</strong></span> 
     </span>
     <span class='ocr_line' id='line_1_31' title="bbox 2013 1544 3516 1631; baseline 0.001 -21"><span class='ocrx_word' id='word_1_171' title='bbox 2013 1549 2228 1623; x_wconf 80' lang='lat' dir='ltr'><strong>tioniS,</strong></span> <span class='ocrx_word' id='word_1_172' title='bbox 2289 1549 2588 1612; x_wconf 86' lang='lat' dir='ltr'><strong>videlicet</strong></span> <span class='ocrx_word' id='word_1_173' title='bbox 2648 1569 2779 1612; x_wconf 74' lang='lat' dir='ltr'><strong>suaa</strong></span> <span class='ocrx_word' id='word_1_174' title='bbox 2837 1544 3207 1631; x_wconf 74' lang='lat' dir='ltr'><strong>quantitatis</strong></span> <span class='ocrx_word' id='word_1_175' title='bbox 3266 1555 3330 1610; x_wconf 86' lang='lat' dir='ltr'><strong>et</strong></span> <span class='ocrx_word' id='word_1_176' title='bbox 3386 1567 3516 1612; x_wconf 82' lang='lat' dir='ltr'><strong>suae</strong></span> 
     </span>
     <span class='ocr_line' id='line_1_32' title="bbox 2013 1646 3518 1728; baseline -0.003 -18"><span class='ocrx_word' id='word_1_177' title='bbox 2013 1647 2304 1710; x_wconf 84' lang='lat' dir='ltr'><strong>essentiae</strong></span> <span class='ocrx_word' id='word_1_178' title='bbox 2339 1663 2352 1708; x_wconf 90' lang='lat'><strong>:</strong></span> <span class='ocrx_word' id='word_1_179' title='bbox 2390 1646 2531 1709; x_wconf 90' lang='lat' dir='ltr'><strong>ideo</strong></span> <span class='ocrx_word' id='word_1_180' title='bbox 2570 1647 2833 1728; x_wconf 89' lang='lat' dir='ltr'><strong>angelus</strong></span> <span class='ocrx_word' id='word_1_181' title='bbox 2876 1666 3145 1728; x_wconf 90' lang='lat' dir='ltr'><strong>operans</strong></span> <span class='ocrx_word' id='word_1_182' title='bbox 3190 1646 3352 1708; x_wconf 86' lang='lat' dir='ltr'><strong>intra</strong></span> <span class='ocrx_word' id='word_1_183' title='bbox 3398 1653 3518 1706; x_wconf 88' lang='lat' dir='ltr'><strong>ter-</strong></span> 
     </span>
     <span class='ocr_line' id='line_1_33' title="bbox 2014 1744 3517 1828; baseline -0.002 -19"><span class='ocrx_word' id='word_1_184' title='bbox 2014 1746 2222 1809; x_wconf 90' lang='lat' dir='ltr'><strong>minos</strong></span> <span class='ocrx_word' id='word_1_185' title='bbox 2254 1746 2599 1828; x_wconf 89' lang='lat' dir='ltr'><strong>corporalis</strong></span> <span class='ocrx_word' id='word_1_186' title='bbox 2640 1746 3034 1828; x_wconf 78' lang='lat' dir='ltr'><strong>quantitatiS,</strong></span> <span class='ocrx_word' id='word_1_187' title='bbox 3067 1744 3353 1808; x_wconf 85' lang='lat' dir='ltr'><strong>illabitur</strong></span> <span class='ocrx_word' id='word_1_188' title='bbox 3383 1761 3517 1807; x_wconf 89' lang='lat' dir='ltr'><strong>cor-</strong></span> 
     </span>
    </p>
   </div>
   <div class='ocr_carea' id='block_1_12' title="bbox 1935 1842 3516 1926">
    <p class='ocr_par' dir='ltr' id='par_1_12' title="bbox 1935 1842 3516 1926">
     <span class='ocr_line' id='line_1_34' title="bbox 1935 1842 3516 1926; baseline -0.003 -18"><span class='ocrx_word' id='word_1_189' title='bbox 1935 1845 1982 1908; x_wconf 93' lang='lat' dir='ltr'>B</span> <span class='ocrx_word' id='word_1_190' title='bbox 2013 1844 2191 1926; x_wconf 85' lang='lat' dir='ltr'><strong>pori3</strong></span> <span class='ocrx_word' id='word_1_191' title='bbox 2225 1861 2353 1906; x_wconf 91' lang='lat' dir='ltr'><strong>non</strong></span> <span class='ocrx_word' id='word_1_192' title='bbox 2390 1851 2604 1906; x_wconf 89' lang='lat' dir='ltr'><strong>autem</strong></span> <span class='ocrx_word' id='word_1_193' title='bbox 2646 1844 2733 1906; x_wconf 92' lang='lat' dir='ltr'><strong>ita</strong></span> <span class='ocrx_word' id='word_1_194' title='bbox 2771 1845 2941 1926; x_wconf 90' lang='lat' dir='ltr'><strong>quod</strong></span> <span class='ocrx_word' id='word_1_195' title='bbox 2980 1843 3063 1906; x_wconf 89' lang='lat' dir='ltr'><strong>sit</strong></span> <span class='ocrx_word' id='word_1_196' title='bbox 3102 1843 3267 1906; x_wconf 91' lang='lat' dir='ltr'><strong>intra</strong></span> <span class='ocrx_word' id='word_1_197' title='bbox 3302 1842 3516 1904; x_wconf 89' lang='lat' dir='ltr'><strong>termi-</strong></span> 
     </span>
    </p>
   </div>
   <div class='ocr_carea' id='block_1_13' title="bbox 2013 1941 3521 3001">
    <p class='ocr_par' dir='ltr' id='par_1_13' title="bbox 2013 1941 3521 3001">
     <span class='ocr_line' id='line_1_35' title="bbox 2013 1941 3517 2023; baseline -0.001 -19"><span class='ocrx_word' id='word_1_198' title='bbox 2013 1960 2128 2004; x_wconf 92' lang='lat' dir='ltr'><strong>nos</strong></span> <span class='ocrx_word' id='word_1_199' title='bbox 2177 1941 2468 2004; x_wconf 60' lang='lat' dir='ltr'><strong>essentiae</strong></span> <span class='ocrx_word' id='word_1_200' title='bbox 2518 1961 2671 2016; x_wconf 85' lang='lat' dir='ltr'><strong>suae,</strong></span> <span class='ocrx_word' id='word_1_201' title='bbox 2718 1960 2926 2023; x_wconf 87' lang='lat' dir='ltr'><strong>neque</strong></span> <span class='ocrx_word' id='word_1_202' title='bbox 2977 1949 3047 2002; x_wconf 90' lang='lat' dir='ltr'><strong>ut</strong></span> <span class='ocrx_word' id='word_1_203' title='bbox 3096 1960 3262 2022; x_wconf 81' lang='lat' dir='ltr'><strong>parS,</strong></span> <span class='ocrx_word' id='word_1_204' title='bbox 3308 1959 3517 2022; x_wconf 91' lang='lat' dir='ltr'><strong>neque</strong></span> 
     </span>
     <span class='ocr_line' id='line_1_36' title="bbox 2013 2039 3519 2122; baseline -0.001 -21"><span class='ocrx_word' id='word_1_205' title='bbox 2013 2047 2083 2101; x_wconf 93' lang='lat' dir='ltr'><strong>ut</strong></span> <span class='ocrx_word' id='word_1_206' title='bbox 2130 2040 2335 2102; x_wconf 87' lang='lat' dir='ltr'><strong>virtus</strong></span> <span class='ocrx_word' id='word_1_207' title='bbox 2395 2039 2573 2102; x_wconf 86' lang='lat' dir='ltr'><strong>dans·</strong></span> <span class='ocrx_word' id='word_1_208' title='bbox 2610 2059 2770 2112; x_wconf 91' lang='lat' dir='ltr'><strong>esse,</strong></span> <span class='ocrx_word' id='word_1_209' title='bbox 2824 2058 3024 2122; x_wconf 90' lang='lat' dir='ltr'><strong>quum</strong></span> <span class='ocrx_word' id='word_1_210' title='bbox 3084 2057 3222 2101; x_wconf 89' lang='lat' dir='ltr'><strong>esse</strong></span> <span class='ocrx_word' id='word_1_211' title='bbox 3272 2039 3355 2100; x_wconf 88' lang='lat' dir='ltr'><strong>sit</strong></span> <span class='ocrx_word' id='word_1_212' title='bbox 3404 2057 3519 2120; x_wconf 89' lang='lat' dir='ltr'><strong>per</strong></span> 
     </span>
     <span class='ocr_line' id='line_1_37' title="bbox 2013 2136 3520 2218; baseline -0.001 -18"><span class='ocrx_word' id='word_1_213' title='bbox 2013 2139 2398 2200; x_wconf 87' lang='lat' dir='ltr'><strong>creationem</strong></span> <span class='ocrx_word' id='word_1_214' title='bbox 2448 2157 2486 2199; x_wconf 93' lang='lat' dir='ltr'><strong>a</strong></span> <span class='ocrx_word' id='word_1_215' title='bbox 2533 2138 2680 2200; x_wconf 85' lang='lat' dir='ltr'><strong>Deo.</strong></span> <span class='ocrx_word' id='word_1_216' title='bbox 2718 2136 3083 2200; x_wconf 84' lang='lat' dir='ltr'><strong>Substantia</strong></span> <span class='ocrx_word' id='word_1_217' title='bbox 3129 2145 3343 2199; x_wconf 88' lang='lat' dir='ltr'><strong>autem</strong></span> <span class='ocrx_word' id='word_1_218' title='bbox 3394 2136 3520 2218; x_wconf 86' lang='lat' dir='ltr'><strong>spi—</strong></span> 
     </span>
     <span class='ocr_line' id='line_1_38' title="bbox 2013 2235 3513 2317; baseline 0 -21"><span class='ocrx_word' id='word_1_219' title='bbox 2013 2235 2261 2297; x_wconf 88' lang='lat' dir='ltr'><strong>ritualis</strong></span> <span class='ocrx_word' id='word_1_220' title='bbox 2320 2253 2448 2297; x_wconf 90' lang='lat' dir='ltr'><strong>non</strong></span> <span class='ocrx_word' id='word_1_221' title='bbox 2507 2235 2698 2296; x_wconf 87' lang='lat' dir='ltr'><strong>habet</strong></span> <span class='ocrx_word' id='word_1_222' title='bbox 2758 2235 3061 2298; x_wconf 87' lang='lat' dir='ltr'><strong>terminos</strong></span> <span class='ocrx_word' id='word_1_223' title='bbox 3120 2235 3513 2317; x_wconf 81' lang='lat' dir='ltr'><strong>quantitatiS,</strong></span> 
     </span>
     <span class='ocr_line' id='line_1_39' title="bbox 2013 2333 3516 2415; baseline -0.001 -20"><span class='ocrx_word' id='word_1_224' title='bbox 2013 2333 2122 2395; x_wconf 92' lang='lat' dir='ltr'><strong>sed</strong></span> <span class='ocrx_word' id='word_1_225' title='bbox 2173 2341 2421 2395; x_wconf 88' lang='lat' dir='ltr'><strong>tantum</strong></span> <span class='ocrx_word' id='word_1_226' title='bbox 2468 2333 2759 2396; x_wconf 85' lang='lat' dir='ltr'><strong>essentiae</strong></span> <span class='ocrx_word' id='word_1_227' title='bbox 2792 2350 2807 2395; x_wconf 73' lang='grc' dir='ltr'><strong><em>ε</em></strong></span> <span class='ocrx_word' id='word_1_228' title='bbox 2841 2333 2983 2396; x_wconf 89' lang='lat' dir='ltr'><strong>ideo</strong></span> <span class='ocrx_word' id='word_1_229' title='bbox 3027 2334 3094 2395; x_wconf 92' lang='lat' dir='ltr'><strong>in</strong></span> <span class='ocrx_word' id='word_1_230' title='bbox 3139 2333 3343 2415; x_wconf 87' lang='lat' dir='ltr'><strong>ipsam</strong></span> <span class='ocrx_word' id='word_1_231' title='bbox 3388 2350 3516 2394; x_wconf 91' lang='lat' dir='ltr'><strong>non</strong></span> 
     </span>
     <span class='ocr_line' id='line_1_40' title="bbox 2017 2430 3519 2512; baseline -0.001 -20"><span class='ocrx_word' id='word_1_232' title='bbox 2017 2431 2209 2492; x_wconf 84' lang='lat' dir='ltr'><strong>intrat</strong></span> <span class='ocrx_word' id='word_1_233' title='bbox 2265 2430 2389 2493; x_wconf 90' lang='lat' dir='ltr'><strong>nisi</strong></span> <span class='ocrx_word' id='word_1_234' title='bbox 2440 2431 2551 2512; x_wconf 91' lang='lat' dir='ltr'><strong>qui</strong></span> <span class='ocrx_word' id='word_1_235' title='bbox 2615 2431 2838 2493; x_wconf 77' lang='lat' dir='ltr'><strong>tribuit</strong></span> <span class='ocrx_word' id='word_1_236' title='bbox 2890 2431 2949 2493; x_wconf 92' lang='lat' dir='ltr'><strong>ei</strong></span> <span class='ocrx_word' id='word_1_237' title='bbox 3007 2450 3168 2504; x_wconf 89' lang='lat' dir='ltr'><strong>esse,</strong></span> <span class='ocrx_word' id='word_1_238' title='bbox 3219 2431 3519 2494; x_wconf 88' lang='lat' dir='ltr'><strong>videlicet</strong></span> 
     </span>
     <span class='ocr_line' id='line_1_41' title="bbox 2015 2527 3517 2611; baseline -0.001 -20"><span class='ocrx_word' id='word_1_239' title='bbox 2015 2530 2203 2603; x_wconf 82' lang='lat' dir='ltr'><strong>DeuS,</strong></span> <span class='ocrx_word' id='word_1_240' title='bbox 2237 2529 2347 2611; x_wconf 93' lang='lat' dir='ltr'><strong>qui</strong></span> <span class='ocrx_word' id='word_1_241' title='bbox 2378 2529 2568 2591; x_wconf 91' lang='lat' dir='ltr'><strong>habet</strong></span> <span class='ocrx_word' id='word_1_242' title='bbox 2608 2527 3042 2611; x_wconf 86' lang='lat' dir='ltr'><strong>operationem</strong></span> <span class='ocrx_word' id='word_1_243' title='bbox 3083 2529 3517 2592; x_wconf 80' lang='lat' dir='ltr'><strong>influentiam-</strong></span> 
     </span>
     <span class='ocr_line' id='line_1_42' title="bbox 2014 2626 3518 2708; baseline 0.002 -21"><span class='ocrx_word' id='word_1_244' title='bbox 2014 2645 2139 2708; x_wconf 91' lang='lat' dir='ltr'><strong>que</strong></span> <span class='ocrx_word' id='word_1_245' title='bbox 2172 2627 2582 2689; x_wconf 84' lang='lat' dir='ltr'><strong>intrinsecam</strong></span> <span class='ocrx_word' id='word_1_246' title='bbox 2627 2627 2692 2688; x_wconf 91' lang='lat' dir='ltr'><strong>in</strong></span> <span class='ocrx_word' id='word_1_247' title='bbox 2725 2627 2927 2708; x_wconf 89' lang='lat' dir='ltr'><strong>ipsam</strong></span> <span class='ocrx_word' id='word_1_248' title='bbox 2968 2627 3331 2690; x_wconf 90' lang='lat' dir='ltr'><strong>essentiam.</strong></span> <span class='ocrx_word' id='word_1_249' title='bbox 3365 2626 3518 2690; x_wconf 82' lang='lat' dir='ltr'><strong>Aliae</strong></span> 
     </span>
     <span class='ocr_line' id='line_1_43' title="bbox 2014 2724 3521 2807; baseline 0.001 -22"><span class='ocrx_word' id='word_1_250' title='bbox 2014 2743 2164 2787; x_wconf 87' lang='lat' dir='ltr'><strong>vero</strong></span> <span class='ocrx_word' id='word_1_251' title='bbox 2196 2724 2620 2807; x_wconf 79' lang='lat' dir='ltr'><strong>perfectiones</strong></span> <span class='ocrx_word' id='word_1_252' title='bbox 2661 2725 3082 2806; x_wconf 66' lang='lat' dir='ltr'><strong>superadditae</strong></span> <span class='ocrx_word' id='word_1_253' title='bbox 3124 2732 3271 2787; x_wconf 90' lang='lat' dir='ltr'><strong>sunt</strong></span> <span class='ocrx_word' id='word_1_254' title='bbox 3310 2744 3521 2787; x_wconf 89' lang='lat' dir='ltr'><strong>essen-</strong></span> 
     </span>
     <span class='ocr_line' id='line_1_44' title="bbox 2015 2823 3521 2904; baseline 0 -20"><span class='ocrx_word' id='word_1_255' title='bbox 2015 2823 2117 2885; x_wconf 83' lang='lat' dir='ltr'><strong>tiae</strong></span> <span class='ocrx_word' id='word_1_256' title='bbox 2151 2840 2165 2884; x_wconf 73' lang='grc' dir='ltr'><strong><em>ε</em></strong></span> <span class='ocrx_word' id='word_1_257' title='bbox 2208 2823 2360 2886; x_wconf 92' lang='lat' dir='ltr'><strong>hinc</strong></span> <span class='ocrx_word' id='word_1_258' title='bbox 2400 2823 2661 2904; x_wconf 86' lang='lat' dir='ltr'><strong>angelus</strong></span> <span class='ocrx_word' id='word_1_259' title='bbox 2702 2823 3071 2885; x_wconf 89' lang='lat' dir='ltr'><strong>illuminans</strong></span> <span class='ocrx_word' id='word_1_260' title='bbox 3112 2840 3239 2885; x_wconf 90' lang='lat' dir='ltr'><strong>uon</strong></span> <span class='ocrx_word' id='word_1_261' title='bbox 3283 2823 3521 2884; x_wconf 86' lang='lat' dir='ltr'><strong>dicitur</strong></span> 
     </span>
     <span class='ocr_line' id='line_1_45' title="bbox 2014 2919 3519 3001; baseline -0.001 -19"><span class='ocrx_word' id='word_1_262' title='bbox 2014 2939 2152 2982; x_wconf 90' lang='lat' dir='ltr'><strong>esse</strong></span> <span class='ocrx_word' id='word_1_263' title='bbox 2199 2921 2364 2982; x_wconf 89' lang='lat' dir='ltr'><strong>intra</strong></span> <span class='ocrx_word' id='word_1_264' title='bbox 2404 2921 2701 3001; x_wconf 87' lang='lat' dir='ltr'><strong>angelum</strong></span> <span class='ocrx_word' id='word_1_265' title='bbox 2747 2921 3178 2983; x_wconf 89' lang='lat' dir='ltr'><strong>illuminatum</strong></span> <span class='ocrx_word' id='word_1_266' title='bbox 3231 2929 3342 2983; x_wconf 90' lang='lat' dir='ltr'><strong>aut</strong></span> <span class='ocrx_word' id='word_1_267' title='bbox 3387 2919 3519 2982; x_wconf 89' lang='lat' dir='ltr'><strong>ani-</strong></span> 
     </span>
    </p>
   </div>
   <div class='ocr_carea' id='block_1_14' title="bbox 396 3017 3515 3102">
    <p class='ocr_par' dir='ltr' id='par_1_14' title="bbox 396 3017 3515 3102">
     <span class='ocr_line' id='line_1_46' title="bbox 396 3017 3515 3102; baseline -0.001 -20"><span class='ocrx_word' id='word_1_268' title='bbox 396 3023 546 3082; x_wconf 91' lang='lat' dir='ltr'><strong>dem</strong></span> <span class='ocrx_word' id='word_1_269' title='bbox 579 3038 718 3082; x_wconf 90' lang='lat' dir='ltr'><strong>esse</strong></span> <span class='ocrx_word' id='word_1_270' title='bbox 748 3027 1075 3102; x_wconf 87' lang='lat' dir='ltr'><strong>nequeunt</strong></span> <span class='ocrx_word' id='word_1_271' title='bbox 1107 3020 1484 3094; x_wconf 88' lang='lat' dir='ltr'><strong>loco.Quum</strong></span> <span class='ocrx_word' id='word_1_272' title='bbox 1514 3038 1664 3101; x_wconf 89' lang='lat' dir='ltr'><strong>ergo</strong></span> <span class='ocrx_word' id='word_1_273' title='bbox 1693 3021 1906 3083; x_wconf 90' lang='lat' dir='ltr'><strong>anima</strong></span> <span class='ocrx_word' id='word_1_274' title='bbox 1941 3021 1984 3084; x_wconf 93' lang='lat' dir='ltr'>C</span> <span class='ocrx_word' id='word_1_275' title='bbox 2017 3037 2187 3080; x_wconf 91' lang='lat' dir='ltr'><strong>mam</strong></span> <span class='ocrx_word' id='word_1_276' title='bbox 2236 3018 2636 3094; x_wconf 87' lang='lat' dir='ltr'><strong>illustratam,</strong></span> <span class='ocrx_word' id='word_1_277' title='bbox 2671 3019 2781 3081; x_wconf 91' lang='lat' dir='ltr'><strong>sed</strong></span> <span class='ocrx_word' id='word_1_278' title='bbox 2832 3018 3225 3081; x_wconf 87' lang='lat' dir='ltr'><strong>extrinsecus</strong></span> <span class='ocrx_word' id='word_1_279' title='bbox 3274 3017 3515 3100; x_wconf 91' lang='lat' dir='ltr'><strong>aliquid</strong></span> 
     </span>
    </p>
   </div>
   <div class='ocr_carea' id='block_1_15' title="bbox 396 3117 1908 3396">
    <p class='ocr_par' dir='ltr' id='par_1_15' title="bbox 396 3117 1908 3396">
     <span class='ocr_line' id='line_1_47' title="bbox 396 3117 1904 3201; baseline -0.001 -20"><span class='ocrx_word' id='word_1_280' title='bbox 396 3119 484 3181; x_wconf 87' lang='lat' dir='ltr'><strong>sit</strong></span> <span class='ocrx_word' id='word_1_281' title='bbox 513 3125 645 3180; x_wconf 90' lang='lat' dir='ltr'><strong>tota</strong></span> <span class='ocrx_word' id='word_1_282' title='bbox 674 3119 740 3180; x_wconf 89' lang='lat' dir='ltr'><strong>in</strong></span> <span class='ocrx_word' id='word_1_283' title='bbox 775 3125 922 3190; x_wconf 88' lang='lat' dir='ltr'><strong>toto,</strong></span> <span class='ocrx_word' id='word_1_284' title='bbox 956 3126 1018 3179; x_wconf 90' lang='lat' dir='ltr'><strong>et</strong></span> <span class='ocrx_word' id='word_1_285' title='bbox 1051 3125 1178 3180; x_wconf 88' lang='lat' dir='ltr'><strong>tota</strong></span> <span class='ocrx_word' id='word_1_286' title='bbox 1209 3118 1274 3179; x_wconf 91' lang='lat' dir='ltr'><strong>in</strong></span> <span class='ocrx_word' id='word_1_287' title='bbox 1306 3117 1592 3200; x_wconf 89' lang='lat' dir='ltr'><strong>qualibet</strong></span> <span class='ocrx_word' id='word_1_288' title='bbox 1621 3119 1904 3201; x_wconf 89' lang='lat' dir='ltr'><strong>corporis</strong></span> 
     </span>
     <span class='ocr_line' id='line_1_48' title="bbox 399 3216 1905 3298; baseline 0.001 -20"><span class='ocrx_word' id='word_1_289' title='bbox 399 3224 602 3298; x_wconf 88' lang='lat' dir='ltr'><strong>parte,</strong></span> <span class='ocrx_word' id='word_1_290' title='bbox 638 3233 765 3278; x_wconf 90' lang='lat' dir='ltr'><strong>non</strong></span> <span class='ocrx_word' id='word_1_291' title='bbox 799 3224 1002 3298; x_wconf 88' lang='lat' dir='ltr'><strong>potest</strong></span> <span class='ocrx_word' id='word_1_292' title='bbox 1032 3216 1196 3278; x_wconf 90' lang='lat' dir='ltr'><strong>alius</strong></span> <span class='ocrx_word' id='word_1_293' title='bbox 1239 3216 1502 3298; x_wconf 90' lang='lat' dir='ltr'><strong>spiritus</strong></span> <span class='ocrx_word' id='word_1_294' title='bbox 1543 3216 1736 3278; x_wconf 91' lang='lat' dir='ltr'><strong>simul</strong></span> <span class='ocrx_word' id='word_1_295' title='bbox 1767 3236 1905 3279; x_wconf 91' lang='lat' dir='ltr'><strong>esse</strong></span> 
     </span>
     <span class='ocr_line' id='line_1_49' title="bbox 399 3313 1908 3396; baseline 0 -20"><span class='ocrx_word' id='word_1_296' title='bbox 399 3333 551 3376; x_wconf 87' lang='lat' dir='ltr'><strong>curn</strong></span> <span class='ocrx_word' id='word_1_297' title='bbox 581 3333 657 3376; x_wconf 88' lang='lat' dir='ltr'><strong>ea</strong></span> <span class='ocrx_word' id='word_1_298' title='bbox 686 3314 752 3376; x_wconf 91' lang='lat' dir='ltr'><strong>in</strong></span> <span class='ocrx_word' id='word_1_299' title='bbox 785 3331 1067 3396; x_wconf 84' lang='lat' dir='ltr'><strong>corpore.</strong></span> <span class='ocrx_word' id='word_1_300' title='bbox 1103 3349 1183 3358; x_wconf 91' lang='lat'><strong>—</strong></span> <span class='ocrx_word' id='word_1_301' title='bbox 1213 3313 1524 3388; x_wconf 83' lang='lat' dir='ltr'><strong>SecundO,</strong></span> <span class='ocrx_word' id='word_1_302' title='bbox 1558 3314 1778 3378; x_wconf 89' lang='lat' dir='ltr'><strong>Glossa</strong></span> <span class='ocrx_word' id='word_1_303' title='bbox 1807 3335 1908 3376; x_wconf 91' lang='lat' dir='ltr'><strong>su-</strong></span> 
     </span>
    </p>
   </div>
   <div class='ocr_carea' id='block_1_16' title="bbox 327 3411 1908 3496">
    <p class='ocr_par' dir='ltr' id='par_1_16' title="bbox 327 3411 1908 3496">
     <span class='ocr_line' id='line_1_50' title="bbox 327 3411 1908 3496; baseline 0.004 -27"><span class='ocrx_word' id='word_1_304' title='bbox 327 3442 368 3478; x_wconf 80' lang='lat' dir='ltr'><strong>n,</strong></span> <span class='ocrx_word' id='word_1_305' title='bbox 399 3431 519 3496; x_wconf 88' lang='lat' dir='ltr'><strong>per</strong></span> <span class='ocrx_word' id='word_1_306' title='bbox 549 3413 708 3475; x_wconf 92' lang='lat' dir='ltr'><strong>illud</strong></span> <span class='ocrx_word' id='word_1_307' title='bbox 733 3412 1043 3485; x_wconf 87' lang='lat' dir='ltr'><strong>Habacuc‚</strong></span> <span class='ocrx_word' id='word_1_308' title='bbox 1064 3411 1372 3474; x_wconf 92' lang='lat' dir='ltr'><strong>Dominus</strong></span> <span class='ocrx_word' id='word_1_309' title='bbox 1404 3413 1470 3474; x_wconf 92' lang='lat' dir='ltr'><strong>in</strong></span> <span class='ocrx_word' id='word_1_310' title='bbox 1502 3413 1744 3494; x_wconf 90' lang='lat' dir='ltr'><strong>templo</strong></span> <span class='ocrx_word' id='word_1_311' title='bbox 1773 3433 1908 3476; x_wconf 89' lang='lat' dir='ltr'><strong>san-</strong></span> 
     </span>
    </p>
   </div>
   <div class='ocr_carea' id='block_1_17' title="bbox 392 3511 1908 4180">
    <p class='ocr_par' dir='ltr' id='par_1_17' title="bbox 399 3511 1908 3692">
     <span class='ocr_line' id='line_1_51' title="bbox 399 3511 1908 3595; baseline 0.001 -21"><span class='ocrx_word' id='word_1_312' title='bbox 399 3521 504 3574; x_wconf 92' lang='lat' dir='ltr'><strong>cto</strong></span> <span class='ocrx_word' id='word_1_313' title='bbox 534 3529 666 3585; x_wconf 92' lang='lat' dir='ltr'><strong>su0‚</strong></span> <span class='ocrx_word' id='word_1_314' title='bbox 687 3519 984 3574; x_wconf 87' lang='lat' dir='ltr'><strong>testatur:</strong></span> <span class='ocrx_word' id='word_1_315' title='bbox 1009 3511 1337 3574; x_wconf 81' lang='lat' dir='ltr'><strong>Daemones</strong></span> <span class='ocrx_word' id='word_1_316' title='bbox 1368 3511 1728 3574; x_wconf 89' lang='lat' dir='ltr'><strong>simulacris</strong></span> <span class='ocrx_word' id='word_1_317' title='bbox 1759 3533 1908 3595; x_wconf 83' lang='lat' dir='ltr'><strong>prae-</strong></span> 
     </span>
     <span class='ocr_line' id='line_1_52' title="bbox 399 3609 1900 3692; baseline 0 -20"><span class='ocrx_word' id='word_1_318' title='bbox 399 3611 610 3673; x_wconf 86' lang='lat' dir='ltr'><strong>sidere</strong></span> <span class='ocrx_word' id='word_1_319' title='bbox 645 3617 912 3692; x_wconf 87' lang='lat' dir='ltr'><strong>possunt</strong></span> <span class='ocrx_word' id='word_1_320' title='bbox 947 3609 1248 3683; x_wconf 82' lang='lat' dir='ltr'><strong>exteriuS,</strong></span> <span class='ocrx_word' id='word_1_321' title='bbox 1282 3627 1408 3672; x_wconf 92' lang='lat' dir='ltr'><strong>non</strong></span> <span class='ocrx_word' id='word_1_322' title='bbox 1451 3611 1621 3672; x_wconf 90' lang='lat' dir='ltr'><strong>intus</strong></span> <span class='ocrx_word' id='word_1_323' title='bbox 1661 3611 1900 3673; x_wconf 88' lang='lat' dir='ltr'><strong>adesse.</strong></span> 
     </span>
    </p>

    <p class='ocr_par' dir='ltr' id='par_1_18' title="bbox 392 3705 1905 4180">
     <span class='ocr_line' id='line_1_53' title="bbox 498 3705 1904 3788; baseline -0.001 -18"><span class='ocrx_word' id='word_1_324' title='bbox 498 3707 621 3770; x_wconf 87' lang='lat' dir='ltr'><strong>Sed</strong></span> <span class='ocrx_word' id='word_1_325' title='bbox 671 3712 910 3780; x_wconf 88' lang='lat' dir='ltr'><strong>contra,</strong></span> <span class='ocrx_word' id='word_1_326' title='bbox 964 3705 1226 3786; x_wconf 86' lang='lat' dir='ltr'><strong>angelus</strong></span> <span class='ocrx_word' id='word_1_327' title='bbox 1279 3705 1390 3767; x_wconf 93' lang='lat' dir='ltr'><strong>ubi</strong></span> <span class='ocrx_word' id='word_1_328' title='bbox 1442 3715 1762 3788; x_wconf 89' lang='lat' dir='ltr'><strong>operatur,</strong></span> <span class='ocrx_word' id='word_1_329' title='bbox 1815 3707 1904 3768; x_wconf 92' lang='lat' dir='ltr'><strong>ibi</strong></span> 
     </span>
     <span class='ocr_line' id='line_1_54' title="bbox 394 3803 1904 3886; baseline -0.001 -18"><span class='ocrx_word' id='word_1_330' title='bbox 394 3814 512 3868; x_wconf 90' lang='lat' dir='ltr'><strong>est.</strong></span> <span class='ocrx_word' id='word_1_331' title='bbox 548 3805 672 3868; x_wconf 92' lang='lat' dir='ltr'><strong>Sed</strong></span> <span class='ocrx_word' id='word_1_332' title='bbox 711 3803 972 3884; x_wconf 84' lang='lat' dir='ltr'><strong>angelus</strong></span> <span class='ocrx_word' id='word_1_333' title='bbox 1015 3803 1218 3865; x_wconf 89' lang='lat' dir='ltr'><strong>bonus</strong></span> <span class='ocrx_word' id='word_1_334' title='bbox 1258 3803 1455 3865; x_wconf 90' lang='lat' dir='ltr'><strong>bonas</strong></span> <span class='ocrx_word' id='word_1_335' title='bbox 1492 3803 1904 3886; x_wconf 87' lang='lat' dir='ltr'><strong>cogitationes</strong></span> 
     </span>
     <span class='ocr_line' id='line_1_55' title="bbox 397 3901 1902 3984; baseline -0.001 -18"><span class='ocrx_word' id='word_1_336' title='bbox 397 3903 625 3966; x_wconf 91' lang='lat' dir='ltr'><strong>inserit</strong></span> <span class='ocrx_word' id='word_1_337' title='bbox 665 3903 886 3976; x_wconf 86' lang='lat' dir='ltr'><strong>menti,</strong></span> <span class='ocrx_word' id='word_1_338' title='bbox 925 3909 988 3964; x_wconf 88' lang='lat' dir='ltr'><strong>et</strong></span> <span class='ocrx_word' id='word_1_339' title='bbox 1027 3901 1232 3964; x_wconf 88' lang='lat' dir='ltr'><strong>malus</strong></span> <span class='ocrx_word' id='word_1_340' title='bbox 1273 3902 1489 3964; x_wconf 90' lang='lat' dir='ltr'><strong>malas.</strong></span> <span class='ocrx_word' id='word_1_341' title='bbox 1533 3903 1694 3984; x_wconf 88' lang='lat' dir='ltr'><strong>Ergo</strong></span> <span class='ocrx_word' id='word_1_342' title='bbox 1738 3912 1902 3965; x_wconf 90' lang='lat' dir='ltr'><strong>uter-</strong></span> 
     </span>
     <span class='ocr_line' id='line_1_56' title="bbox 395 4000 1905 4084; baseline 0.001 -21"><span class='ocrx_word' id='word_1_343' title='bbox 395 4021 522 4084; x_wconf 91' lang='lat' dir='ltr'><strong>que</strong></span> <span class='ocrx_word' id='word_1_344' title='bbox 557 4009 655 4063; x_wconf 88' lang='lat' dir='ltr'><strong>est</strong></span> <span class='ocrx_word' id='word_1_345' title='bbox 687 4001 852 4062; x_wconf 89' lang='lat' dir='ltr'><strong>intra</strong></span> <span class='ocrx_word' id='word_1_346' title='bbox 884 4007 1187 4073; x_wconf 88' lang='lat' dir='ltr'><strong>mentem,</strong></span> <span class='ocrx_word' id='word_1_347' title='bbox 1221 4018 1338 4062; x_wconf 91' lang='lat' dir='ltr'><strong>nec</strong></span> <span class='ocrx_word' id='word_1_348' title='bbox 1369 4000 1622 4061; x_wconf 88' lang='lat' dir='ltr'><strong>videtur</strong></span> <span class='ocrx_word' id='word_1_349' title='bbox 1652 4019 1766 4062; x_wconf 89' lang='lat' dir='ltr'><strong>cur</strong></span> <span class='ocrx_word' id='word_1_350' title='bbox 1795 4019 1905 4083; x_wconf 90' lang='lat' dir='ltr'><strong>po-</strong></span> 
     </span>
     <span class='ocr_line' id='line_1_57' title="bbox 392 4098 1896 4180; baseline 0.001 -19"><span class='ocrx_word' id='word_1_351' title='bbox 392 4101 524 4162; x_wconf 88' lang='lat' dir='ltr'><strong>tius</strong></span> <span class='ocrx_word' id='word_1_352' title='bbox 563 4099 646 4162; x_wconf 88' lang='lat' dir='ltr'><strong>sit</strong></span> <span class='ocrx_word' id='word_1_353' title='bbox 682 4098 848 4161; x_wconf 91' lang='lat' dir='ltr'><strong>intra</strong></span> <span class='ocrx_word' id='word_1_354' title='bbox 887 4116 1118 4180; x_wconf 86' lang='lat' dir='ltr'><strong>corpus</strong></span> <span class='ocrx_word' id='word_1_355' title='bbox 1158 4117 1352 4180; x_wconf 87' lang='lat' dir='ltr'><strong>quam</strong></span> <span class='ocrx_word' id='word_1_356' title='bbox 1391 4098 1557 4160; x_wconf 88' lang='lat' dir='ltr'><strong>intra</strong></span> <span class='ocrx_word' id='word_1_357' title='bbox 1596 4100 1896 4162; x_wconf 88' lang='lat' dir='ltr'><strong>animam.</strong></span> 
     </span>
    </p>
   </div>
   <div class='ocr_carea' id='block_1_18' title="bbox 398 4295 1910 5346">
    <p class='ocr_par' dir='ltr' id='par_1_19' title="bbox 398 4295 1910 5346">
     <span class='ocr_line' id='line_1_58' title="bbox 476 4295 1899 4378; baseline 0 -20"><span class='ocrx_word' id='word_1_358' title='bbox 476 4297 572 4359; x_wconf 90' lang='lat' dir='ltr'><strong>Ad</strong></span> <span class='ocrx_word' id='word_1_359' title='bbox 604 4295 725 4359; x_wconf 91' lang='lat' dir='ltr'><strong>hoc</strong></span> <span class='ocrx_word' id='word_1_360' title='bbox 755 4296 1027 4360; x_wconf 87' lang='lat' dir='ltr'><strong>Thomas</strong></span> <span class='ocrx_word' id='word_1_361' title='bbox 1065 4297 1404 4378; x_wconf 89' lang='lat' dir='ltr'><strong>respondet</strong></span> <span class='ocrx_word' id='word_1_362' title='bbox 1440 4313 1453 4358; x_wconf 92' lang='lat'>:</span> <span class='ocrx_word' id='word_1_363' title='bbox 1488 4296 1710 4378; x_wconf 87' lang='lat' dir='ltr'><strong>Angeli</strong></span> <span class='ocrx_word' id='word_1_364' title='bbox 1748 4296 1899 4359; x_wconf 91' lang='lat' dir='ltr'><strong>boni</strong></span> 
     </span>
     <span class='ocr_line' id='line_1_59' title="bbox 398 4395 1904 4477; baseline -0.001 -19"><span class='ocrx_word' id='word_1_365' title='bbox 398 4415 474 4458; x_wconf 90' lang='lat' dir='ltr'><strong>ac</strong></span> <span class='ocrx_word' id='word_1_366' title='bbox 521 4395 672 4457; x_wconf 88' lang='lat' dir='ltr'><strong>mali</strong></span> <span class='ocrx_word' id='word_1_367' title='bbox 715 4413 793 4456; x_wconf 81' lang='lat' dir='ltr'><strong>ex</strong></span> <span class='ocrx_word' id='word_1_368' title='bbox 836 4413 952 4457; x_wconf 88' lang='lat' dir='ltr'><strong>sua</strong></span> <span class='ocrx_word' id='word_1_369' title='bbox 996 4395 1279 4476; x_wconf 89' lang='lat' dir='ltr'><strong>potentia</strong></span> <span class='ocrx_word' id='word_1_370' title='bbox 1325 4396 1595 4457; x_wconf 89' lang='lat' dir='ltr'><strong>naturali</strong></span> <span class='ocrx_word' id='word_1_371' title='bbox 1640 4402 1904 4477; x_wconf 90' lang='lat' dir='ltr'><strong>possunt</strong></span> 
     </span>
     <span class='ocr_line' id='line_1_60' title="bbox 401 4494 1905 4575; baseline -0.001 -19"><span class='ocrx_word' id='word_1_372' title='bbox 401 4494 743 4556; x_wconf 87' lang='lat' dir='ltr'><strong>immutare</strong></span> <span class='ocrx_word' id='word_1_373' title='bbox 774 4511 1039 4575; x_wconf 89' lang='lat' dir='ltr'><strong>corpora</strong></span> <span class='ocrx_word' id='word_1_374' title='bbox 1079 4501 1312 4566; x_wconf 88' lang='lat' dir='ltr'><strong>nostra,</strong></span> <span class='ocrx_word' id='word_1_375' title='bbox 1346 4494 1512 4556; x_wconf 88' lang='lat' dir='ltr'><strong>sicut</strong></span> <span class='ocrx_word' id='word_1_376' title='bbox 1541 4500 1604 4556; x_wconf 87' lang='lat' dir='ltr'><strong>et</strong></span> <span class='ocrx_word' id='word_1_377' title='bbox 1644 4494 1767 4556; x_wconf 90' lang='lat' dir='ltr'><strong>alia</strong></span> <span class='ocrx_word' id='word_1_378' title='bbox 1798 4513 1905 4555; x_wconf 89' lang='lat' dir='ltr'><strong>na-</strong></span> 
     </span>
     <span class='ocr_line' id='line_1_61' title="bbox 401 4591 1910 4673; baseline -0.001 -19"><span class='ocrx_word' id='word_1_379' title='bbox 401 4591 635 4654; x_wconf 87' lang='lat' dir='ltr'><strong>turalia</strong></span> <span class='ocrx_word' id='word_1_380' title='bbox 661 4608 958 4673; x_wconf 84' lang='lat' dir='ltr'><strong>corpora3</strong></span> <span class='ocrx_word' id='word_1_381' title='bbox 991 4610 1318 4673; x_wconf 89' lang='lat' dir='ltr'><strong>quumque</strong></span> <span class='ocrx_word' id='word_1_382' title='bbox 1351 4592 1478 4653; x_wconf 87' lang='lat' dir='ltr'><strong>sint</strong></span> <span class='ocrx_word' id='word_1_383' title='bbox 1508 4591 1616 4654; x_wconf 94' lang='lat' dir='ltr'><strong>ubi</strong></span> <span class='ocrx_word' id='word_1_384' title='bbox 1649 4610 1910 4673; x_wconf 89' lang='lat' dir='ltr'><strong>operan-</strong></span> 
     </span>
     <span class='ocr_line' id='line_1_62' title="bbox 403 4689 1908 4772; baseline 0.001 -20"><span class='ocrx_word' id='word_1_385' title='bbox 403 4699 529 4764; x_wconf 86' lang='lat' dir='ltr'><strong>tur,</strong></span> <span class='ocrx_word' id='word_1_386' title='bbox 554 4689 698 4752; x_wconf 92' lang='lat' dir='ltr'><strong>ideo</strong></span> <span class='ocrx_word' id='word_1_387' title='bbox 726 4689 960 4752; x_wconf 88' lang='lat' dir='ltr'><strong>nostris</strong></span> <span class='ocrx_word' id='word_1_388' title='bbox 991 4690 1366 4772; x_wconf 89' lang='lat' dir='ltr'><strong>corporibus</strong></span> <span class='ocrx_word' id='word_1_389' title='bbox 1397 4689 1767 4752; x_wconf 88' lang='lat' dir='ltr'><strong>illabuntur.</strong></span> <span class='ocrx_word' id='word_1_390' title='bbox 1794 4691 1908 4753; x_wconf 90' lang='lat' dir='ltr'><strong>Per</strong></span> 
     </span>
     <span class='ocr_line' id='line_1_63' title="bbox 404 4788 1906 4872; baseline 0 -22"><span class='ocrx_word' id='word_1_391' title='bbox 404 4807 804 4871; x_wconf 90' lang='lat' dir='ltr'><strong>consequens</strong></span> <span class='ocrx_word' id='word_1_392' title='bbox 842 4788 1035 4852; x_wconf 87' lang='lat' dir='ltr'><strong>etiam</strong></span> <span class='ocrx_word' id='word_1_393' title='bbox 1079 4789 1530 4872; x_wconf 89' lang='lat' dir='ltr'><strong>impressiones</strong></span> <span class='ocrx_word' id='word_1_394' title='bbox 1572 4789 1804 4851; x_wconf 91' lang='lat' dir='ltr'><strong>habent</strong></span> <span class='ocrx_word' id='word_1_395' title='bbox 1833 4808 1906 4851; x_wconf 91' lang='lat' dir='ltr'><strong>ac</strong></span> 
     </span>
     <span class='ocr_line' id='line_1_64' title="bbox 405 4887 1906 4971; baseline -0.001 -21"><span class='ocrx_word' id='word_1_396' title='bbox 405 4887 651 4951; x_wconf 78' lang='lat' dir='ltr'><strong>faciunt</strong></span> <span class='ocrx_word' id='word_1_397' title='bbox 702 4887 767 4950; x_wconf 91' lang='lat' dir='ltr'><strong>in</strong></span> <span class='ocrx_word' id='word_1_398' title='bbox 816 4888 984 4950; x_wconf 88' lang='lat' dir='ltr'><strong>vires</strong></span> <span class='ocrx_word' id='word_1_399' title='bbox 1034 4888 1288 4970; x_wconf 87' lang='lat' dir='ltr'><strong>organis</strong></span> <span class='ocrx_word' id='word_1_400' title='bbox 1336 4888 1586 4962; x_wconf 80' lang='lat' dir='ltr'><strong>affixas,</strong></span> <span class='ocrx_word' id='word_1_401' title='bbox 1634 4907 1906 4971; x_wconf 90' lang='lat' dir='ltr'><strong>quarum</strong></span> 
     </span>
     <span class='ocr_line' id='line_1_65' title="bbox 405 4986 1905 5068; baseline -0.001 -20"><span class='ocrx_word' id='word_1_402' title='bbox 405 4986 806 5068; x_wconf 86' lang='lat' dir='ltr'><strong>operationes</strong></span> <span class='ocrx_word' id='word_1_403' title='bbox 837 4986 1258 5048; x_wconf 90' lang='lat' dir='ltr'><strong>immutantur</strong></span> <span class='ocrx_word' id='word_1_404' title='bbox 1287 4988 1365 5048; x_wconf 90' lang='lat' dir='ltr'><strong>ad</strong></span> <span class='ocrx_word' id='word_1_405' title='bbox 1397 4986 1905 5049; x_wconf 89' lang='lat' dir='ltr'><strong>immutationem</strong></span> 
     </span>
     <span class='ocr_line' id='line_1_66' title="bbox 407 5083 1906 5166; baseline -0.001 -20"><span class='ocrx_word' id='word_1_406' title='bbox 407 5102 808 5165; x_wconf 87' lang='lat' dir='ltr'><strong>organorum.</strong></span> <span class='ocrx_word' id='word_1_407' title='bbox 844 5083 948 5147; x_wconf 90' lang='lat' dir='ltr'><strong>Sic</strong></span> <span class='ocrx_word' id='word_1_408' title='bbox 985 5084 1174 5146; x_wconf 89' lang='lat' dir='ltr'><strong>etiam</strong></span> <span class='ocrx_word' id='word_1_409' title='bbox 1208 5104 1322 5166; x_wconf 90' lang='lat' dir='ltr'><strong>per</strong></span> <span class='ocrx_word' id='word_1_410' title='bbox 1350 5085 1644 5147; x_wconf 91' lang='lat' dir='ltr'><strong>accidens</strong></span> <span class='ocrx_word' id='word_1_411' title='bbox 1683 5102 1906 5146; x_wconf 91' lang='lat' dir='ltr'><strong>eorum</strong></span> 
     </span>
     <span class='ocr_line' id='line_1_67' title="bbox 410 5181 1908 5265; baseline 0 -21"><span class='ocrx_word' id='word_1_412' title='bbox 410 5182 749 5264; x_wconf 87' lang='lat' dir='ltr'><strong>impressio</strong></span> <span class='ocrx_word' id='word_1_413' title='bbox 791 5181 1050 5244; x_wconf 91' lang='lat' dir='ltr'><strong>resultat</strong></span> <span class='ocrx_word' id='word_1_414' title='bbox 1099 5181 1162 5244; x_wconf 93' lang='lat' dir='ltr'><strong>in</strong></span> <span class='ocrx_word' id='word_1_415' title='bbox 1208 5182 1624 5256; x_wconf 89' lang='lat' dir='ltr'><strong>intellectum,</strong></span> <span class='ocrx_word' id='word_1_416' title='bbox 1658 5183 1765 5265; x_wconf 90' lang='lat' dir='ltr'><strong>qui</strong></span> <span class='ocrx_word' id='word_1_417' title='bbox 1818 5182 1908 5245; x_wconf 90' lang='lat' dir='ltr'><strong>in-</strong></span> 
     </span>
     <span class='ocr_line' id='line_1_68' title="bbox 415 5279 1907 5346; baseline -0.001 -2"><span class='ocrx_word' id='word_1_418' title='bbox 415 5280 721 5344; x_wconf 78' lang='lat' dir='ltr'><strong>feriorum</strong></span> <span class='ocrx_word' id='word_1_419' title='bbox 751 5279 986 5344; x_wconf 88' lang='lat' dir='ltr'><strong>virium</strong></span> <span class='ocrx_word' id='word_1_420' title='bbox 1018 5280 1373 5344; x_wconf 89' lang='lat' dir='ltr'><strong>ministerio</strong></span> <span class='ocrx_word' id='word_1_421' title='bbox 1406 5281 1622 5346; x_wconf 86' lang='lat' dir='ltr'><strong>utitur.</strong></span> <span class='ocrx_word' id='word_1_422' title='bbox 1638 5280 1757 5343; x_wconf 89' lang='lat' dir='ltr'><strong>Sed</strong></span> <span class='ocrx_word' id='word_1_423' title='bbox 1788 5281 1907 5343; x_wconf 92' lang='lat' dir='ltr'><strong>hoc</strong></span> 
     </span>
    </p>
   </div>
   <div class='ocr_carea' id='block_1_19' title="bbox 2015 3117 3210 3199">
    <p class='ocr_par' dir='ltr' id='par_1_20' title="bbox 2015 3117 3210 3199">
     <span class='ocr_line' id='line_1_69' title="bbox 2015 3117 3210 3199; baseline 0 -21"><span class='ocrx_word' id='word_1_424' title='bbox 2015 3117 2285 3198; x_wconf 88' lang='lat' dir='ltr'><strong>operari.</strong></span> <span class='ocrx_word' id='word_1_425' title='bbox 2333 3117 2476 3180; x_wconf 83' lang='lat' dir='ltr'><strong>Haec</strong></span> <span class='ocrx_word' id='word_1_426' title='bbox 2519 3117 2789 3180; x_wconf 84' lang='lat' dir='ltr'><strong>Thomas</strong></span> <span class='ocrx_word' id='word_1_427' title='bbox 2834 3118 2899 3179; x_wconf 92' lang='lat' dir='ltr'><strong>in</strong></span> <span class='ocrx_word' id='word_1_428' title='bbox 2944 3117 3210 3199; x_wconf 91' lang='lat' dir='ltr'><strong>Scripto.</strong></span> 
     </span>
    </p>
   </div>
   <div class='ocr_carea' id='block_1_20' title="bbox 2097 3214 3810 3298">
    <p class='ocr_par' dir='ltr' id='par_1_21' title="bbox 2097 3214 3810 3298">
     <span class='ocr_line' id='line_1_70' title="bbox 2097 3214 3810 3298; baseline 0.001 -20"><span class='ocrx_word' id='word_1_429' title='bbox 2097 3214 2215 3278; x_wconf 89' lang='lat' dir='ltr'><strong>Ubi</strong></span> <span class='ocrx_word' id='word_1_430' title='bbox 2258 3222 2320 3276; x_wconf 91' lang='lat' dir='ltr'><strong>et</strong></span> <span class='ocrx_word' id='word_1_431' title='bbox 2358 3215 2534 3276; x_wconf 89' lang='lat' dir='ltr'><strong>addit</strong></span> <span class='ocrx_word' id='word_1_432' title='bbox 2570 3215 2739 3296; x_wconf 91' lang='lat' dir='ltr'><strong>quod</strong></span> <span class='ocrx_word' id='word_1_433' title='bbox 2780 3215 3121 3296; x_wconf 86' lang='lat' dir='ltr'><strong>allegatum</strong></span> <span class='ocrx_word' id='word_1_434' title='bbox 3164 3223 3260 3278; x_wconf 86' lang='lat' dir='ltr'><strong>est</strong></span> <span class='ocrx_word' id='word_1_435' title='bbox 3299 3234 3512 3298; x_wconf 90' lang='lat' dir='ltr'><strong>supra,</strong></span> <span class='ocrx_word' id='word_1_436' title='bbox 3544 3237 3810 3294; x_wconf 40' lang='lat' dir='ltr'><strong>pssunt*</strong></span> 
     </span>
    </p>
   </div>
   <div class='ocr_carea' id='block_1_21' title="bbox 2015 3312 3523 4180">
    <p class='ocr_par' dir='ltr' id='par_1_22' title="bbox 2015 3312 3523 4180">
     <span class='ocr_line' id='line_1_71' title="bbox 2017 3312 3517 3395; baseline 0 -21"><span class='ocrx_word' id='word_1_437' title='bbox 2017 3313 2318 3375; x_wconf 88' lang='lat' dir='ltr'><strong>videlicet</strong></span> <span class='ocrx_word' id='word_1_438' title='bbox 2350 3330 2365 3375; x_wconf 73' lang='grc' dir='ltr'>ε</span> <span class='ocrx_word' id='word_1_439' title='bbox 2399 3314 2443 3374; x_wconf 89' lang='lat' dir='ltr'>F</span> <span class='ocrx_word' id='word_1_440' title='bbox 2445 3330 2638 3376; x_wconf 86' lang='lat' dir='ltr'><strong>ormae</strong></span> <span class='ocrx_word' id='word_1_441' title='bbox 2678 3333 2821 3395; x_wconf 84' lang='lat' dir='ltr'><strong>quae</strong></span> <span class='ocrx_word' id='word_1_442' title='bbox 2849 3312 3147 3376; x_wconf 88' lang='lat' dir='ltr'><strong>videntur</strong></span> <span class='ocrx_word' id='word_1_443' title='bbox 3177 3313 3244 3374; x_wconf 91' lang='lat' dir='ltr'><strong>in</strong></span> <span class='ocrx_word' id='word_1_444' title='bbox 3278 3313 3517 3395; x_wconf 84' lang='lat' dir='ltr'><strong>praesti-</strong></span> 
     </span>
     <span class='ocr_line' id='line_1_72' title="bbox 2019 3410 3517 3492; baseline -0.001 -19"><span class='ocrx_word' id='word_1_445' title='bbox 2019 3411 2163 3492; x_wconf 83' lang='lat' dir='ltr'><strong>giis,</strong></span> <span class='ocrx_word' id='word_1_446' title='bbox 2198 3429 2323 3472; x_wconf 91' lang='lat' dir='ltr'><strong>non</strong></span> <span class='ocrx_word' id='word_1_447' title='bbox 2357 3419 2505 3472; x_wconf 89' lang='lat' dir='ltr'><strong>sunt</strong></span> <span class='ocrx_word' id='word_1_448' title='bbox 2533 3410 2655 3472; x_wconf 89' lang='lat' dir='ltr'><strong>nisi</strong></span> <span class='ocrx_word' id='word_1_449' title='bbox 2691 3411 2755 3473; x_wconf 90' lang='lat' dir='ltr'><strong>in</strong></span> <span class='ocrx_word' id='word_1_450' title='bbox 2788 3430 2999 3473; x_wconf 91' lang='lat' dir='ltr'><strong>sensu.</strong></span> <span class='ocrx_word' id='word_1_451' title='bbox 3033 3411 3207 3485; x_wconf 88' lang='lat' dir='ltr'><strong>Quod</strong></span> <span class='ocrx_word' id='word_1_452' title='bbox 3248 3411 3517 3492; x_wconf 89' lang='lat' dir='ltr'><strong>duplici-</strong></span> 
     </span>
     <span class='ocr_line' id='line_1_73' title="bbox 2020 3509 3521 3591; baseline -0.001 -20"><span class='ocrx_word' id='word_1_453' title='bbox 2020 3518 2115 3571; x_wconf 88' lang='lat' dir='ltr'><strong>ter</strong></span> <span class='ocrx_word' id='word_1_454' title='bbox 2155 3515 2362 3590; x_wconf 91' lang='lat' dir='ltr'><strong>potest</strong></span> <span class='ocrx_word' id='word_1_455' title='bbox 2402 3509 2767 3589; x_wconf 86' lang='lat' dir='ltr'><strong>contingere</strong></span> <span class='ocrx_word' id='word_1_456' title='bbox 2811 3510 3173 3572; x_wconf 82' lang='lat' dir='ltr'><strong>daemonum</strong></span> <span class='ocrx_word' id='word_1_457' title='bbox 3214 3509 3521 3591; x_wconf 89' lang='lat' dir='ltr'><strong>operatio-</strong></span> 
     </span>
     <span class='ocr_line' id='line_1_74' title="bbox 2018 3606 3521 3689; baseline 0.001 -21"><span class='ocrx_word' id='word_1_458' title='bbox 2018 3627 2117 3668; x_wconf 91' lang='lat' dir='ltr'><strong>ne.</strong></span> <span class='ocrx_word' id='word_1_459' title='bbox 2154 3606 2363 3669; x_wconf 90' lang='lat' dir='ltr'><strong>Primo</strong></span> <span class='ocrx_word' id='word_1_460' title='bbox 2412 3607 2527 3681; x_wconf 88' lang='lat' dir='ltr'><strong>sic,</strong></span> <span class='ocrx_word' id='word_1_461' title='bbox 2565 3607 2734 3689; x_wconf 90' lang='lat' dir='ltr'><strong>quod</strong></span> <span class='ocrx_word' id='word_1_462' title='bbox 2784 3607 3029 3689; x_wconf 90' lang='lat' dir='ltr'><strong>species</strong></span> <span class='ocrx_word' id='word_1_463' title='bbox 3073 3627 3214 3689; x_wconf 82' lang='lat' dir='ltr'><strong>quae</strong></span> <span class='ocrx_word' id='word_1_464' title='bbox 3263 3615 3411 3669; x_wconf 86' lang='lat' dir='ltr'><strong>sunt</strong></span> <span class='ocrx_word' id='word_1_465' title='bbox 3455 3608 3521 3670; x_wconf 93' lang='lat' dir='ltr'><strong>in</strong></span> 
     </span>
     <span class='ocr_line' id='line_1_75' title="bbox 2020 3705 3520 3786; baseline 0.001 -20"><span class='ocrx_word' id='word_1_466' title='bbox 2020 3706 2315 3767; x_wconf 90' lang='lat' dir='ltr'><strong>thesauro</strong></span> <span class='ocrx_word' id='word_1_467' title='bbox 2346 3705 2771 3786; x_wconf 84' lang='lat' dir='ltr'><strong>imaginativae</strong></span> <span class='ocrx_word' id='word_1_468' title='bbox 2810 3713 3093 3779; x_wconf 83' lang='lat' dir='ltr'><strong>servatae,</strong></span> <span class='ocrx_word' id='word_1_469' title='bbox 3130 3705 3405 3768; x_wconf 79' lang='lat' dir='ltr'><strong>refluant</strong></span> <span class='ocrx_word' id='word_1_470' title='bbox 3441 3706 3520 3768; x_wconf 89' lang='lat' dir='ltr'><strong>ad</strong></span> 
     </span>
     <span class='ocr_line' id='line_1_76' title="bbox 2017 3803 3520 3883; baseline 0 -18"><span class='ocrx_word' id='word_1_471' title='bbox 2017 3821 2252 3883; x_wconf 89' lang='lat' dir='ltr'><strong>organa</strong></span> <span class='ocrx_word' id='word_1_472' title='bbox 2282 3823 2586 3866; x_wconf 89' lang='lat' dir='ltr'><strong>sensuum</strong></span> <span class='ocrx_word' id='word_1_473' title='bbox 2628 3803 3037 3876; x_wconf 88' lang='lat' dir='ltr'><strong>exteriorum,</strong></span> <span class='ocrx_word' id='word_1_474' title='bbox 3070 3805 3235 3865; x_wconf 91' lang='lat' dir='ltr'><strong>sicut</strong></span> <span class='ocrx_word' id='word_1_475' title='bbox 3276 3803 3520 3865; x_wconf 91' lang='lat' dir='ltr'><strong>contin-</strong></span> 
     </span>
     <span class='ocr_line' id='line_1_77' title="bbox 2015 3900 3521 3984; baseline 0.001 -22"><span class='ocrx_word' id='word_1_476' title='bbox 2015 3901 2106 3982; x_wconf 84' lang='lat' dir='ltr'><strong>git</strong></span> <span class='ocrx_word' id='word_1_477' title='bbox 2156 3901 2222 3964; x_wconf 90' lang='lat' dir='ltr'><strong>in</strong></span> <span class='ocrx_word' id='word_1_478' title='bbox 2274 3920 2497 3964; x_wconf 90' lang='lat' dir='ltr'><strong>somno</strong></span> <span class='ocrx_word' id='word_1_479' title='bbox 2547 3919 2560 3964; x_wconf 91' lang='lat'>:</span> <span class='ocrx_word' id='word_1_480' title='bbox 2612 3902 2752 3964; x_wconf 90' lang='lat' dir='ltr'><strong>ideo</strong></span> <span class='ocrx_word' id='word_1_481' title='bbox 2801 3901 3053 3984; x_wconf 90' lang='lat' dir='ltr'><strong>quando</strong></span> <span class='ocrx_word' id='word_1_482' title='bbox 3102 3901 3348 3983; x_wconf 87' lang='lat' dir='ltr'><strong>species</strong></span> <span class='ocrx_word' id='word_1_483' title='bbox 3397 3900 3521 3964; x_wconf 81' lang='lat' dir='ltr'><strong>illae</strong></span> 
     </span>
     <span class='ocr_line' id='line_1_78' title="bbox 2016 4000 3523 4082; baseline -0.001 -20"><span class='ocrx_word' id='word_1_484' title='bbox 2016 4000 2395 4082; x_wconf 84' lang='lat' dir='ltr'><strong>contingunt</strong></span> <span class='ocrx_word' id='word_1_485' title='bbox 2424 4018 2732 4081; x_wconf 87' lang='lat' dir='ltr'><strong>organum</strong></span> <span class='ocrx_word' id='word_1_486' title='bbox 2764 4019 2988 4063; x_wconf 89' lang='lat' dir='ltr'><strong>sensus</strong></span> <span class='ocrx_word' id='word_1_487' title='bbox 3019 4000 3370 4074; x_wconf 81' lang='lat' dir='ltr'><strong>exterioris,</strong></span> <span class='ocrx_word' id='word_1_488' title='bbox 3389 4000 3523 4062; x_wconf 90' lang='lat' dir='ltr'><strong>uni·</strong></span> 
     </span>
     <span class='ocr_line' id='line_1_79' title="bbox 2018 4099 3519 4180; baseline 0 -20"><span class='ocrx_word' id='word_1_489' title='bbox 2018 4107 2211 4160; x_wconf 90' lang='lat' dir='ltr'><strong>untur</strong></span> <span class='ocrx_word' id='word_1_490' title='bbox 2256 4099 2314 4160; x_wconf 91' lang='lat' dir='ltr'><strong>ei</strong></span> <span class='ocrx_word' id='word_1_491' title='bbox 2359 4117 2433 4160; x_wconf 91' lang='lat' dir='ltr'><strong>ac</strong></span> <span class='ocrx_word' id='word_1_492' title='bbox 2476 4099 2530 4160; x_wconf 92' lang='lat' dir='ltr'><strong>si</strong></span> <span class='ocrx_word' id='word_1_493' title='bbox 2574 4117 2674 4160; x_wconf 93' lang='lat' dir='ltr'><strong>res</strong></span> <span class='ocrx_word' id='word_1_494' title='bbox 2716 4106 2884 4161; x_wconf 88' lang='lat' dir='ltr'><strong>esset</strong></span> <span class='ocrx_word' id='word_1_495' title='bbox 2928 4117 3205 4180; x_wconf 85' lang='lat' dir='ltr'><strong>praesens</strong></span> <span class='ocrx_word' id='word_1_496' title='bbox 3246 4106 3421 4160; x_wconf 86' lang='lat' dir='ltr'><strong>extra</strong></span> <span class='ocrx_word' id='word_1_497' title='bbox 3457 4107 3519 4160; x_wconf 89' lang='lat' dir='ltr'><strong>et</strong></span> 
     </span>
    </p>
   </div>
   <div class='ocr_carea' id='block_1_22' title="bbox 1935 4197 3519 4269">
    <p class='ocr_par' dir='ltr' id='par_1_23' title="bbox 1935 4197 3519 4269">
     <span class='ocr_line' id='line_1_80' title="bbox 1935 4197 3519 4269; baseline -0.001 -9"><span class='ocrx_word' id='word_1_498' title='bbox 1935 4199 1986 4260; x_wconf 94' lang='lat' dir='ltr'>D</span> <span class='ocrx_word' id='word_1_499' title='bbox 2015 4206 2159 4260; x_wconf 90' lang='lat' dir='ltr'><strong>actu</strong></span> <span class='ocrx_word' id='word_1_500' title='bbox 2204 4197 2565 4259; x_wconf 88' lang='lat' dir='ltr'><strong>sentiretur.</strong></span> <span class='ocrx_word' id='word_1_501' title='bbox 2602 4197 2914 4269; x_wconf 91' lang='lat' dir='ltr'><strong>Secundo,</strong></span> <span class='ocrx_word' id='word_1_502' title='bbox 2947 4215 3024 4258; x_wconf 89' lang='lat' dir='ltr'><strong>ex</strong></span> <span class='ocrx_word' id='word_1_503' title='bbox 3076 4197 3519 4259; x_wconf 88' lang='lat' dir='ltr'><strong>immutatione</strong></span> 
     </span>
    </p>
   </div>
   <div class='ocr_carea' id='block_1_23' title="bbox 2015 4294 3521 5366">
    <p class='ocr_par' dir='ltr' id='par_1_24' title="bbox 2015 4294 3521 4968">
     <span class='ocr_line' id='line_1_81' title="bbox 2015 4294 3519 4376; baseline -0.001 -20"><span class='ocrx_word' id='word_1_504' title='bbox 2015 4295 2257 4376; x_wconf 88' lang='lat' dir='ltr'><strong>organi,</strong></span> <span class='ocrx_word' id='word_1_505' title='bbox 2289 4312 2418 4376; x_wconf 92' lang='lat' dir='ltr'><strong>quo</strong></span> <span class='ocrx_word' id='word_1_506' title='bbox 2466 4295 2823 4368; x_wconf 81' lang='lat' dir='ltr'><strong>immutatO,</strong></span> <span class='ocrx_word' id='word_1_507' title='bbox 2864 4294 3109 4356; x_wconf 80' lang='lat' dir='ltr'><strong>fallitur</strong></span> <span class='ocrx_word' id='word_1_508' title='bbox 3153 4313 3375 4356; x_wconf 88' lang='lat' dir='ltr'><strong>sensus</strong></span> <span class='ocrx_word' id='word_1_509' title='bbox 3420 4294 3519 4374; x_wconf 88' lang='lat' dir='ltr'><strong>ju-</strong></span> 
     </span>
     <span class='ocr_line' id='line_1_82' title="bbox 2016 4393 3516 4475; baseline 0 -20"><span class='ocrx_word' id='word_1_510' title='bbox 2016 4394 2258 4456; x_wconf 91' lang='lat' dir='ltr'><strong>dicium</strong></span> <span class='ocrx_word' id='word_1_511' title='bbox 2303 4411 2316 4455; x_wconf 88' lang='lat'>:</span> <span class='ocrx_word' id='word_1_512' title='bbox 2362 4393 2899 4475; x_wconf 88' lang='lat' dir='ltr'><strong>quemadmodum</strong></span> <span class='ocrx_word' id='word_1_513' title='bbox 2949 4393 3207 4455; x_wconf 90' lang='lat' dir='ltr'><strong>habenti</strong></span> <span class='ocrx_word' id='word_1_514' title='bbox 3257 4400 3516 4474; x_wconf 88' lang='lat' dir='ltr'><strong>gustum</strong></span> 
     </span>
     <span class='ocr_line' id='line_1_83' title="bbox 2017 4491 3518 4574; baseline 0 -20"><span class='ocrx_word' id='word_1_515' title='bbox 2017 4500 2389 4574; x_wconf 88' lang='lat' dir='ltr'><strong>corruptum</strong></span> <span class='ocrx_word' id='word_1_516' title='bbox 2449 4501 2677 4554; x_wconf 88' lang='lat' dir='ltr'><strong>cuncta</strong></span> <span class='ocrx_word' id='word_1_517' title='bbox 2734 4491 3033 4553; x_wconf 88' lang='lat' dir='ltr'><strong>videntur</strong></span> <span class='ocrx_word' id='word_1_518' title='bbox 3093 4509 3325 4552; x_wconf 89' lang='lat' dir='ltr'><strong>amara.</strong></span> <span class='ocrx_word' id='word_1_519' title='bbox 3388 4492 3518 4554; x_wconf 86' lang='lat' dir='ltr'><strong>Hoc</strong></span> 
     </span>
     <span class='ocr_line' id='line_1_84' title="bbox 2015 4589 3516 4672; baseline 0 -20"><span class='ocrx_word' id='word_1_520' title='bbox 2015 4599 2229 4652; x_wconf 90' lang='lat' dir='ltr'><strong>autem</strong></span> <span class='ocrx_word' id='word_1_521' title='bbox 2289 4590 2497 4652; x_wconf 79' lang='lat' dir='ltr'><strong>facere</strong></span> <span class='ocrx_word' id='word_1_522' title='bbox 2546 4590 2759 4651; x_wconf 88' lang='lat' dir='ltr'><strong>valent</strong></span> <span class='ocrx_word' id='word_1_523' title='bbox 2806 4589 3041 4652; x_wconf 88' lang='lat' dir='ltr'><strong>virtute</strong></span> <span class='ocrx_word' id='word_1_524' title='bbox 3096 4591 3516 4672; x_wconf 89' lang='lat' dir='ltr'><strong>quarumdam</strong></span> 
     </span>
     <span class='ocr_line' id='line_1_85' title="bbox 2016 4688 3518 4770; baseline 0 -20"><span class='ocrx_word' id='word_1_525' title='bbox 2016 4689 2406 4751; x_wconf 85' lang='lat' dir='ltr'><strong>naturalium</strong></span> <span class='ocrx_word' id='word_1_526' title='bbox 2446 4707 2684 4761; x_wconf 91' lang='lat' dir='ltr'><strong>rerum,</strong></span> <span class='ocrx_word' id='word_1_527' title='bbox 2718 4688 2883 4750; x_wconf 90' lang='lat' dir='ltr'><strong>sicut</strong></span> <span class='ocrx_word' id='word_1_528' title='bbox 2921 4688 2998 4750; x_wconf 91' lang='lat' dir='ltr'><strong>ad</strong></span> <span class='ocrx_word' id='word_1_529' title='bbox 3043 4688 3518 4770; x_wconf 89' lang='lat' dir='ltr'><strong>vaporationem</strong></span> 
     </span>
     <span class='ocr_line' id='line_1_86' title="bbox 2017 4785 3521 4868; baseline 0 -19"><span class='ocrx_word' id='word_1_530' title='bbox 2017 4787 2350 4868; x_wconf 86' lang='lat' dir='ltr'><strong>cujusdam</strong></span> <span class='ocrx_word' id='word_1_531' title='bbox 2380 4786 2543 4848; x_wconf 79' lang='lat' dir='ltr'><strong>fumi</strong></span> <span class='ocrx_word' id='word_1_532' title='bbox 2580 4785 2786 4848; x_wconf 88' lang='lat' dir='ltr'><strong>trabes</strong></span> <span class='ocrx_word' id='word_1_533' title='bbox 2818 4787 3043 4849; x_wconf 91' lang='lat' dir='ltr'><strong>domus</strong></span> <span class='ocrx_word' id='word_1_534' title='bbox 3076 4787 3370 4848; x_wconf 88' lang='lat' dir='ltr'><strong>videntur</strong></span> <span class='ocrx_word' id='word_1_535' title='bbox 3397 4805 3521 4850; x_wconf 91' lang='lat' dir='ltr'><strong>mo-</strong></span> 
     </span>
     <span class='ocr_line' id='line_1_87' title="bbox 2017 4885 3098 4968; baseline -0.001 -20"><span class='ocrx_word' id='word_1_536' title='bbox 2017 4886 2172 4948; x_wconf 88' lang='lat' dir='ltr'><strong>veri.</strong></span> <span class='ocrx_word' id='word_1_537' title='bbox 2222 4885 2365 4948; x_wconf 83' lang='lat' dir='ltr'><strong>Haec</strong></span> <span class='ocrx_word' id='word_1_538' title='bbox 2408 4885 2678 4947; x_wconf 87' lang='lat' dir='ltr'><strong>Thomas</strong></span> <span class='ocrx_word' id='word_1_539' title='bbox 2723 4885 2790 4946; x_wconf 91' lang='lat' dir='ltr'><strong>in</strong></span> <span class='ocrx_word' id='word_1_540' title='bbox 2832 4885 3098 4968; x_wconf 91' lang='lat' dir='ltr'><strong>Scripto.</strong></span> 
     </span>
    </p>

    <p class='ocr_par' dir='ltr' id='par_1_25' title="bbox 2017 4983 3520 5366">
     <span class='ocr_line' id='line_1_88' title="bbox 2097 4983 3520 5066; baseline -0.001 -18"><span class='ocrx_word' id='word_1_541' title='bbox 2097 4985 2413 5048; x_wconf 90' lang='lat' dir='ltr'><strong>Consonat</strong></span> <span class='ocrx_word' id='word_1_542' title='bbox 2475 4984 2692 5046; x_wconf 88' lang='lat' dir='ltr'><strong>Petrus</strong></span> <span class='ocrx_word' id='word_1_543' title='bbox 2756 5001 2770 5044; x_wconf 75' lang='grc' dir='ltr'>ε</span> <span class='ocrx_word' id='word_1_544' title='bbox 2834 4983 3106 5066; x_wconf 88' lang='lat' dir='ltr'><strong>Spiritus</strong></span> <span class='ocrx_word' id='word_1_545' title='bbox 3162 4984 3520 5066; x_wconf 88' lang='lat' dir='ltr'><strong>(inquiens)</strong></span> 
     </span>
     <span class='ocr_line' id='line_1_89' title="bbox 2017 5082 3517 5164; baseline 0.001 -20"><span class='ocrx_word' id='word_1_546' title='bbox 2017 5084 2234 5156; x_wconf 87' lang='lat' dir='ltr'><strong>creati,</strong></span> <span class='ocrx_word' id='word_1_547' title='bbox 2267 5082 2618 5145; x_wconf 88' lang='lat' dir='ltr'><strong>subtilitate</strong></span> <span class='ocrx_word' id='word_1_548' title='bbox 2658 5101 2788 5146; x_wconf 82' lang='lat' dir='ltr'><strong>suae</strong></span> <span class='ocrx_word' id='word_1_549' title='bbox 2828 5089 3067 5145; x_wconf 83' lang='lat' dir='ltr'><strong>naturae</strong></span> <span class='ocrx_word' id='word_1_550' title='bbox 3106 5083 3288 5164; x_wconf 89' lang='lat' dir='ltr'><strong>quasi</strong></span> <span class='ocrx_word' id='word_1_551' title='bbox 3322 5082 3517 5145; x_wconf 90' lang='lat' dir='ltr'><strong>medii</strong></span> 
     </span>
     <span class='ocr_line' id='line_1_90' title="bbox 2017 5181 3512 5263; baseline 0 -19"><span class='ocrx_word' id='word_1_552' title='bbox 2017 5189 2166 5244; x_wconf 90' lang='lat' dir='ltr'><strong>sunt</strong></span> <span class='ocrx_word' id='word_1_553' title='bbox 2198 5181 2363 5243; x_wconf 89' lang='lat' dir='ltr'><strong>inter</strong></span> <span class='ocrx_word' id='word_1_554' title='bbox 2392 5181 2691 5263; x_wconf 89' lang='lat' dir='ltr'><strong>spiritum</strong></span> <span class='ocrx_word' id='word_1_555' title='bbox 2724 5181 3073 5242; x_wconf 87' lang='lat' dir='ltr'><strong>increatum</strong></span> <span class='ocrx_word' id='word_1_556' title='bbox 3111 5189 3169 5243; x_wconf 88' lang='lat' dir='ltr'><strong>et</strong></span> <span class='ocrx_word' id='word_1_557' title='bbox 3202 5199 3467 5263; x_wconf 86' lang='lat' dir='ltr'><strong>corpora</strong></span> <span class='ocrx_word' id='word_1_558' title='bbox 3498 5199 3512 5244; x_wconf 74' lang='grc' dir='ltr'>ε</span> 
     </span>
     <span class='ocr_line' id='line_1_91' title="bbox 2017 5278 3517 5366; baseline 0.001 -24"><span class='ocrx_word' id='word_1_559' title='bbox 2017 5280 2169 5362; x_wconf 88' lang='lat' dir='ltr'><strong>quia</strong></span> <span class='ocrx_word' id='word_1_560' title='bbox 2208 5286 2501 5364; x_wconf 90' lang='lat' dir='ltr'><strong>respectu</strong></span> <span class='ocrx_word' id='word_1_561' title='bbox 2533 5279 2643 5344; x_wconf 91' lang='lat' dir='ltr'><strong>Dei</strong></span> <span class='ocrx_word' id='word_1_562' title='bbox 2685 5278 3041 5344; x_wconf 89' lang='lat' dir='ltr'><strong>consistunt</strong></span> <span class='ocrx_word' id='word_1_563' title='bbox 3080 5281 3389 5366; x_wconf 87' lang='lat' dir='ltr'><strong>corporei,</strong></span> <span class='ocrx_word' id='word_1_564' title='bbox 3422 5299 3517 5348; x_wconf 85' lang='lat' dir='ltr'><strong>re-</strong></span> 
     </span>
    </p>
   </div>
  </div>
 </body>
</html>
