<?xml version="1.0" encoding="UTF-8"?>
<!DOCTYPE html PUBLIC "-//W3C//DTD XHTML 1.0 Transitional//EN"
    "http://www.w3.org/TR/xhtml1/DTD/xhtml1-transitional.dtd">
<html xmlns="http://www.w3.org/1999/xhtml" xml:lang="en" lang="en">
 <head>
  <title>
</title>
<meta http-equiv="Content-Type" content="text/html;charset=utf-8" />
  <meta name='ocr-system' content='tesseract 3.04.00' />
  <meta name='ocr-capabilities' content='ocr_page ocr_carea ocr_par ocr_line ocrx_word'/>
</head>
<body>
  <div class='ocr_page' id='page_1' title='image "./doctorisecstati01denigoog_0166.png"; bbox 0 0 4334 6242; ppageno 0'>
   <div class='ocr_carea' id='block_1_1' title="bbox 876 476 995 542">
    <p class='ocr_par' dir='ltr' id='par_1_1' title="bbox 876 476 995 542">
     <span class='ocr_line' id='line_1_1' title="bbox 876 476 995 542; baseline 0.017 -2"><span class='ocrx_word' id='word_1_1' title='bbox 876 476 995 542; x_wconf 72' lang='lat'><strong>142</strong></span> 
     </span>
    </p>
   </div>
   <div class='ocr_carea' id='block_1_2' title="bbox 1556 494 3298 557">
    <p class='ocr_par' dir='ltr' id='par_1_2' title="bbox 1556 494 3298 557">
     <span class='ocr_line' id='line_1_2' title="bbox 1556 494 3298 557; baseline -0.001 -14"><span class='ocrx_word' id='word_1_2' title='bbox 1556 497 1621 543; x_wconf 78' lang='lat' dir='ltr'><strong>IN</strong></span> <span class='ocrx_word' id='word_1_3' title='bbox 1661 496 1883 543; x_wconf 74' lang='lat' dir='ltr'><strong>mulum</strong></span> <span class='ocrx_word' id='word_1_4' title='bbox 1924 496 1969 541; x_wconf 87' lang='lat'><strong>11</strong></span> <span class='ocrx_word' id='word_1_5' title='bbox 2009 494 2491 542; x_wconf 67' lang='lat' dir='ltr'>SENTENTIARUH.</span> <span class='ocrx_word' id='word_1_6' title='bbox 2537 512 2617 523; x_wconf 89' lang='grc'><strong>--</strong></span> <span class='ocrx_word' id='word_1_7' title='bbox 2657 496 2810 542; x_wconf 73' lang='grc' dir='ltr'><strong>ΒῘΒΤ.</strong></span> <span class='ocrx_word' id='word_1_8' title='bbox 2857 495 2942 557; x_wconf 85' lang='lat'><strong>113</strong></span> <span class='ocrx_word' id='word_1_9' title='bbox 2985 494 3208 552; x_wconf 71' lang='lat' dir='ltr'><strong>QUAEST.</strong></span> <span class='ocrx_word' id='word_1_10' title='bbox 3253 497 3298 542; x_wconf 84' lang='lat'><strong>11</strong></span> 
     </span>
    </p>
   </div>
   <div class='ocr_carea' id='block_1_3' title="bbox 878 664 3984 749">
    <p class='ocr_par' dir='ltr' id='par_1_3' title="bbox 878 664 3984 749">
     <span class='ocr_line' id='line_1_3' title="bbox 878 664 3984 749; baseline 0 -22"><span class='ocrx_word' id='word_1_11' title='bbox 878 666 1213 749; x_wconf 87' lang='lat' dir='ltr'><strong>quentium</strong></span> <span class='ocrx_word' id='word_1_12' title='bbox 1267 666 1331 729; x_wconf 93' lang='lat' dir='ltr'><strong>in</strong></span> <span class='ocrx_word' id='word_1_13' title='bbox 1377 684 1607 748; x_wconf 86' lang='lat' dir='ltr'><strong>genere</strong></span> <span class='ocrx_word' id='word_1_14' title='bbox 1657 684 1769 728; x_wconf 93' lang='lat' dir='ltr'><strong>seu</strong></span> <span class='ocrx_word' id='word_1_15' title='bbox 1817 666 2041 729; x_wconf 84' lang='lat' dir='ltr'><strong>ordine</strong></span> <span class='ocrx_word' id='word_1_16' title='bbox 2093 665 2220 727; x_wconf 91' lang='lat' dir='ltr'><strong>illo.</strong></span> <span class='ocrx_word' id='word_1_17' title='bbox 2269 665 2372 727; x_wconf 90' lang='lat' dir='ltr'><strong>Sic</strong></span> <span class='ocrx_word' id='word_1_18' title='bbox 2403 664 2455 727; x_wconf 88' lang='lat' dir='ltr'><strong>A</strong></span> <span class='ocrx_word' id='word_1_19' title='bbox 2484 665 2629 747; x_wconf 87' lang='lat' dir='ltr'><strong>quis</strong></span> <span class='ocrx_word' id='word_1_20' title='bbox 2669 665 2930 747; x_wconf 87' lang='lat' dir='ltr'><strong>angelus</strong></span> <span class='ocrx_word' id='word_1_21' title='bbox 2973 666 3326 728; x_wconf 89' lang='lat' dir='ltr'><strong>secundum</strong></span> <span class='ocrx_word' id='word_1_22' title='bbox 3369 666 3650 748; x_wconf 89' lang='lat' dir='ltr'><strong>speciem</strong></span> <span class='ocrx_word' id='word_1_23' title='bbox 3695 665 3984 748; x_wconf 79' lang='lat' dir='ltr'><strong>aliquam</strong></span> 
     </span>
    </p>
   </div>
   <div class='ocr_carea' id='block_1_4' title="bbox 876 764 2377 1829">
    <p class='ocr_par' dir='ltr' id='par_1_4' title="bbox 876 764 2377 1514">
     <span class='ocr_line' id='line_1_4' title="bbox 877 764 2376 846; baseline 0 -21"><span class='ocrx_word' id='word_1_24' title='bbox 877 764 1117 846; x_wconf 87' lang='lat' dir='ltr'><strong>quippe</strong></span> <span class='ocrx_word' id='word_1_25' title='bbox 1149 782 1447 827; x_wconf 90' lang='lat' dir='ltr'><strong>mensura</strong></span> <span class='ocrx_word' id='word_1_26' title='bbox 1486 764 1551 825; x_wconf 93' lang='lat' dir='ltr'><strong>in</strong></span> <span class='ocrx_word' id='word_1_27' title='bbox 1594 782 1975 846; x_wconf 88' lang='lat' dir='ltr'><strong>unoquoque</strong></span> <span class='ocrx_word' id='word_1_28' title='bbox 2008 782 2240 844; x_wconf 81' lang='lat' dir='ltr'><strong>genere</strong></span> <span class='ocrx_word' id='word_1_29' title='bbox 2270 782 2376 844; x_wconf 93' lang='lat' dir='ltr'><strong>ap-</strong></span> 
     </span>
     <span class='ocr_line' id='line_1_5' title="bbox 878 861 2374 945; baseline -0.001 -22"><span class='ocrx_word' id='word_1_30' title='bbox 878 862 1151 943; x_wconf 90' lang='lat' dir='ltr'><strong>pellatur</strong></span> <span class='ocrx_word' id='word_1_31' title='bbox 1198 863 1260 923; x_wconf 92' lang='lat' dir='ltr'><strong>id</strong></span> <span class='ocrx_word' id='word_1_32' title='bbox 1312 862 1377 925; x_wconf 91' lang='lat' dir='ltr'><strong>in</strong></span> <span class='ocrx_word' id='word_1_33' title='bbox 1426 880 1553 945; x_wconf 93' lang='lat' dir='ltr'><strong>quo</strong></span> <span class='ocrx_word' id='word_1_34' title='bbox 1611 862 2009 924; x_wconf 88' lang='lat' dir='ltr'><strong>nobilissime</strong></span> <span class='ocrx_word' id='word_1_35' title='bbox 2058 870 2121 923; x_wconf 89' lang='lat' dir='ltr'><strong>et</strong></span> <span class='ocrx_word' id='word_1_36' title='bbox 2169 861 2374 943; x_wconf 90' lang='lat' dir='ltr'><strong>perfe-</strong></span> 
     </span>
     <span class='ocr_line' id='line_1_6' title="bbox 877 960 2376 1042; baseline -0.001 -20"><span class='ocrx_word' id='word_1_37' title='bbox 877 961 1161 1023; x_wconf 83' lang='lat' dir='ltr'><strong>ctissime</strong></span> <span class='ocrx_word' id='word_1_38' title='bbox 1190 961 1505 1042; x_wconf 92' lang='lat' dir='ltr'><strong>reperitur</strong></span> <span class='ocrx_word' id='word_1_39' title='bbox 1532 961 1783 1041; x_wconf 90' lang='lat' dir='ltr'><strong>generis</strong></span> <span class='ocrx_word' id='word_1_40' title='bbox 1817 960 1987 1022; x_wconf 91' lang='lat' dir='ltr'><strong>illius</strong></span> <span class='ocrx_word' id='word_1_41' title='bbox 2019 968 2263 1022; x_wconf 91' lang='lat' dir='ltr'><strong>natura.</strong></span> <span class='ocrx_word' id='word_1_42' title='bbox 2299 960 2376 1021; x_wconf 89' lang='lat' dir='ltr'><strong>Et</strong></span> 
     </span>
     <span class='ocr_line' id='line_1_7' title="bbox 877 1058 2376 1139; baseline -0.002 -17"><span class='ocrx_word' id='word_1_43' title='bbox 877 1060 1011 1122; x_wconf 84' lang='lat' dir='ltr'><strong>haec</strong></span> <span class='ocrx_word' id='word_1_44' title='bbox 1043 1078 1341 1122; x_wconf 88' lang='lat' dir='ltr'><strong>mensura</strong></span> <span class='ocrx_word' id='word_1_45' title='bbox 1370 1059 1605 1122; x_wconf 89' lang='lat' dir='ltr'><strong>dicitur</strong></span> <span class='ocrx_word' id='word_1_46' title='bbox 1644 1058 1959 1139; x_wconf 89' lang='lat' dir='ltr'><strong>unigenea</strong></span> <span class='ocrx_word' id='word_1_47' title='bbox 1985 1058 2080 1139; x_wconf 92' lang='lat' dir='ltr'><strong>(id</strong></span> <span class='ocrx_word' id='word_1_48' title='bbox 2111 1066 2209 1120; x_wconf 90' lang='lat' dir='ltr'><strong>est</strong></span> <span class='ocrx_word' id='word_1_49' title='bbox 2237 1058 2376 1120; x_wconf 88' lang='lat' dir='ltr'><strong>uni-</strong></span> 
     </span>
     <span class='ocr_line' id='line_1_8' title="bbox 878 1157 2374 1239; baseline -0.001 -20"><span class='ocrx_word' id='word_1_50' title='bbox 878 1178 951 1219; x_wconf 92' lang='lat' dir='ltr'><strong>us</strong></span> <span class='ocrx_word' id='word_1_51' title='bbox 988 1158 1267 1239; x_wconf 88' lang='lat' dir='ltr'><strong>generis)</strong></span> <span class='ocrx_word' id='word_1_52' title='bbox 1300 1164 1685 1230; x_wconf 84' lang='lat' dir='ltr'><strong>mensurato,</strong></span> <span class='ocrx_word' id='word_1_53' title='bbox 1720 1165 1781 1219; x_wconf 92' lang='lat' dir='ltr'><strong>et</strong></span> <span class='ocrx_word' id='word_1_54' title='bbox 1828 1157 2170 1219; x_wconf 88' lang='lat' dir='ltr'><strong>minimum</strong></span> <span class='ocrx_word' id='word_1_55' title='bbox 2221 1157 2374 1238; x_wconf 91' lang='lat' dir='ltr'><strong>quid</strong></span> 
     </span>
     <span class='ocr_line' id='line_1_9' title="bbox 878 1254 2377 1337; baseline -0.001 -20"><span class='ocrx_word' id='word_1_56' title='bbox 878 1256 943 1317; x_wconf 93' lang='lat' dir='ltr'><strong>in</strong></span> <span class='ocrx_word' id='word_1_57' title='bbox 986 1274 1216 1336; x_wconf 82' lang='lat' dir='ltr'><strong>genere</strong></span> <span class='ocrx_word' id='word_1_58' title='bbox 1262 1254 1393 1329; x_wconf 81' lang='lat' dir='ltr'><strong>illo,</strong></span> <span class='ocrx_word' id='word_1_59' title='bbox 1440 1256 1501 1317; x_wconf 91' lang='lat' dir='ltr'><strong>id</strong></span> <span class='ocrx_word' id='word_1_60' title='bbox 1546 1264 1642 1317; x_wconf 89' lang='lat' dir='ltr'><strong>est</strong></span> <span class='ocrx_word' id='word_1_61' title='bbox 1684 1254 2240 1337; x_wconf 90' lang='lat' dir='ltr'><strong>simplicissimum</strong></span> <span class='ocrx_word' id='word_1_62' title='bbox 2282 1272 2296 1315; x_wconf 91' lang='lat'><strong>:</strong></span> <span class='ocrx_word' id='word_1_63' title='bbox 2340 1273 2377 1316; x_wconf 94' lang='lat' dir='ltr'><strong>a</strong></span> 
     </span>
     <span class='ocr_line' id='line_1_10' title="bbox 876 1353 2377 1436; baseline -0.001 -20"><span class='ocrx_word' id='word_1_64' title='bbox 876 1355 1061 1434; x_wconf 89' lang='lat' dir='ltr'><strong>cujus</strong></span> <span class='ocrx_word' id='word_1_65' title='bbox 1102 1353 1515 1436; x_wconf 84' lang='lat' dir='ltr'><strong>simplicitate</strong></span> <span class='ocrx_word' id='word_1_66' title='bbox 1556 1363 1765 1416; x_wconf 89' lang='lat' dir='ltr'><strong>cetera</strong></span> <span class='ocrx_word' id='word_1_67' title='bbox 1802 1354 2017 1436; x_wconf 92' lang='lat' dir='ltr'><strong>aliquo</strong></span> <span class='ocrx_word' id='word_1_68' title='bbox 2057 1354 2245 1415; x_wconf 91' lang='lat' dir='ltr'><strong>modo</strong></span> <span class='ocrx_word' id='word_1_69' title='bbox 2283 1372 2377 1415; x_wconf 92' lang='lat' dir='ltr'><strong>re·</strong></span> 
     </span>
     <span class='ocr_line' id='line_1_11' title="bbox 876 1453 1128 1514; baseline -0.004 0"><span class='ocrx_word' id='word_1_70' title='bbox 876 1453 1128 1514; x_wconf 88' lang='lat' dir='ltr'><strong>cedunt.</strong></span> 
     </span>
    </p>

    <p class='ocr_par' dir='ltr' id='par_1_5' title="bbox 877 1550 2376 1829">
     <span class='ocr_line' id='line_1_12' title="bbox 958 1550 2376 1632; baseline -0.001 -19"><span class='ocrx_word' id='word_1_71' title='bbox 958 1552 1067 1613; x_wconf 90' lang='lat' dir='ltr'><strong>Est</strong></span> <span class='ocrx_word' id='word_1_72' title='bbox 1108 1560 1321 1614; x_wconf 92' lang='lat' dir='ltr'><strong>autem</strong></span> <span class='ocrx_word' id='word_1_73' title='bbox 1366 1550 1599 1632; x_wconf 83' lang='lat' dir='ltr'><strong>duplex</strong></span> <span class='ocrx_word' id='word_1_74' title='bbox 1642 1568 1864 1631; x_wconf 87' lang='lat' dir='ltr'><strong>genus,</strong></span> <span class='ocrx_word' id='word_1_75' title='bbox 1907 1550 2206 1612; x_wconf 90' lang='lat' dir='ltr'><strong>videlicet</strong></span> <span class='ocrx_word' id='word_1_76' title='bbox 2251 1569 2376 1612; x_wconf 91' lang='lat' dir='ltr'><strong>me-</strong></span> 
     </span>
     <span class='ocr_line' id='line_1_13' title="bbox 877 1648 2374 1732; baseline -0.001 -22"><span class='ocrx_word' id='word_1_77' title='bbox 877 1650 1278 1732; x_wconf 81' lang='lat' dir='ltr'><strong>taphysicum</strong></span> <span class='ocrx_word' id='word_1_78' title='bbox 1310 1656 1373 1711; x_wconf 89' lang='lat' dir='ltr'><strong>et</strong></span> <span class='ocrx_word' id='word_1_79' title='bbox 1406 1648 1702 1729; x_wconf 91' lang='lat' dir='ltr'><strong>logicum.</strong></span> <span class='ocrx_word' id='word_1_80' title='bbox 1738 1649 1948 1711; x_wconf 91' lang='lat' dir='ltr'><strong>Genus</strong></span> <span class='ocrx_word' id='word_1_81' title='bbox 1992 1648 2374 1730; x_wconf 84' lang='lat' dir='ltr'><strong>metaphysi-</strong></span> 
     </span>
     <span class='ocr_line' id='line_1_14' title="bbox 878 1747 2374 1829; baseline -0.001 -19"><span class='ocrx_word' id='word_1_82' title='bbox 878 1766 1027 1810; x_wconf 90' lang='lat' dir='ltr'><strong>cum</strong></span> <span class='ocrx_word' id='word_1_83' title='bbox 1066 1747 1378 1829; x_wconf 84' lang='lat' dir='ltr'><strong>accipitur</strong></span> <span class='ocrx_word' id='word_1_84' title='bbox 1410 1764 1603 1829; x_wconf 90' lang='lat' dir='ltr'><strong>penes</strong></span> <span class='ocrx_word' id='word_1_85' title='bbox 1634 1747 2160 1809; x_wconf 84' lang='lat' dir='ltr'><strong>communitatem</strong></span> <span class='ocrx_word' id='word_1_86' title='bbox 2203 1765 2374 1808; x_wconf 91' lang='lat' dir='ltr'><strong>mere</strong></span> 
     </span>
    </p>
   </div>
   <div class='ocr_carea' id='block_1_5' title="bbox 2485 763 3994 1828">
    <p class='ocr_par' dir='ltr' id='par_1_6' title="bbox 2485 763 3988 1119">
     <span class='ocr_line' id='line_1_15' title="bbox 2485 763 3986 845; baseline 0 -21"><span class='ocrx_word' id='word_1_87' title='bbox 2485 770 2650 824; x_wconf 89' lang='lat' dir='ltr'><strong>esset</strong></span> <span class='ocrx_word' id='word_1_88' title='bbox 2681 782 2978 826; x_wconf 89' lang='lat' dir='ltr'><strong>mensura</strong></span> <span class='ocrx_word' id='word_1_89' title='bbox 3005 764 3296 827; x_wconf 90' lang='lat' dir='ltr'><strong>omnium</strong></span> <span class='ocrx_word' id='word_1_90' title='bbox 3329 763 3698 844; x_wconf 90' lang='lat' dir='ltr'><strong>angelorum</strong></span> <span class='ocrx_word' id='word_1_91' title='bbox 3733 763 3986 845; x_wconf 89' lang='lat' dir='ltr'><strong>simpli·</strong></span> 
     </span>
     <span class='ocr_line' id='line_1_16' title="bbox 2485 860 3982 944; baseline 0.001 -23"><span class='ocrx_word' id='word_1_92' title='bbox 2485 860 2664 933; x_wconf 91' lang='lat' dir='ltr'><strong>citer,</strong></span> <span class='ocrx_word' id='word_1_93' title='bbox 2725 880 2944 923; x_wconf 88' lang='lat' dir='ltr'><strong>revera</strong></span> <span class='ocrx_word' id='word_1_94' title='bbox 3000 879 3128 923; x_wconf 91' lang='lat' dir='ltr'><strong>non</strong></span> <span class='ocrx_word' id='word_1_95' title='bbox 3191 869 3403 944; x_wconf 88' lang='lat' dir='ltr'><strong>posset</strong></span> <span class='ocrx_word' id='word_1_96' title='bbox 3461 863 3752 944; x_wconf 90' lang='lat' dir='ltr'><strong>superior</strong></span> <span class='ocrx_word' id='word_1_97' title='bbox 3807 862 3982 933; x_wconf 88' lang='lat' dir='ltr'><strong>fieri,</strong></span> 
     </span>
     <span class='ocr_line' id='line_1_17' title="bbox 2486 960 3988 1043; baseline 0.002 -23"><span class='ocrx_word' id='word_1_98' title='bbox 2486 960 2788 1041; x_wconf 87' lang='lat' dir='ltr'><strong>quoniam</strong></span> <span class='ocrx_word' id='word_1_99' title='bbox 2850 968 3050 1023; x_wconf 89' lang='lat' dir='ltr'><strong>status</strong></span> <span class='ocrx_word' id='word_1_100' title='bbox 3107 969 3199 1022; x_wconf 89' lang='lat' dir='ltr'><strong>est</strong></span> <span class='ocrx_word' id='word_1_101' title='bbox 3257 962 3322 1023; x_wconf 91' lang='lat' dir='ltr'><strong>in</strong></span> <span class='ocrx_word' id='word_1_102' title='bbox 3383 980 3681 1024; x_wconf 89' lang='lat' dir='ltr'><strong>mensura</strong></span> <span class='ocrx_word' id='word_1_103' title='bbox 3735 962 3988 1043; x_wconf 89' lang='lat' dir='ltr'><strong>simpli·</strong></span> 
     </span>
     <span class='ocr_line' id='line_1_18' title="bbox 2487 1058 2662 1119; baseline 0 -1"><span class='ocrx_word' id='word_1_104' title='bbox 2487 1058 2662 1119; x_wconf 88' lang='lat' dir='ltr'><strong>citer.</strong></span> 
     </span>
    </p>

    <p class='ocr_par' dir='ltr' id='par_1_7' title="bbox 2486 1156 3994 1828">
     <span class='ocr_line' id='line_1_19' title="bbox 2566 1156 3992 1240; baseline 0.002 -24"><span class='ocrx_word' id='word_1_105' title='bbox 2566 1156 2782 1238; x_wconf 93' lang='lat' dir='ltr'><strong>Itaque</strong></span> <span class='ocrx_word' id='word_1_106' title='bbox 2833 1156 2999 1218; x_wconf 87' lang='lat' dir='ltr'><strong>sicut</strong></span> <span class='ocrx_word' id='word_1_107' title='bbox 3049 1157 3112 1218; x_wconf 93' lang='lat' dir='ltr'><strong>in</strong></span> <span class='ocrx_word' id='word_1_108' title='bbox 3160 1157 3532 1220; x_wconf 89' lang='lat' dir='ltr'><strong>substantiis</strong></span> <span class='ocrx_word' id='word_1_109' title='bbox 3583 1158 3648 1219; x_wconf 92' lang='lat' dir='ltr'><strong>in</strong></span> <span class='ocrx_word' id='word_1_110' title='bbox 3698 1158 3992 1240; x_wconf 86' lang='lat' dir='ltr'><strong>quolibet</strong></span> 
     </span>
     <span class='ocr_line' id='line_1_20' title="bbox 2486 1262 3994 1335; baseline 0.002 -21"><span class='ocrx_word' id='word_1_111' title='bbox 2486 1272 2716 1333; x_wconf 84' lang='lat' dir='ltr'><strong>genere</strong></span> <span class='ocrx_word' id='word_1_112' title='bbox 2754 1262 2850 1314; x_wconf 90' lang='lat' dir='ltr'><strong>est</strong></span> <span class='ocrx_word' id='word_1_113' title='bbox 2890 1271 3126 1335; x_wconf 89' lang='lat' dir='ltr'><strong>ponere</strong></span> <span class='ocrx_word' id='word_1_114' title='bbox 3168 1274 3530 1317; x_wconf 88' lang='lat' dir='ltr'><strong>mensuram</strong></span> <span class='ocrx_word' id='word_1_115' title='bbox 3572 1263 3630 1317; x_wconf 90' lang='lat' dir='ltr'><strong>et</strong></span> <span class='ocrx_word' id='word_1_116' title='bbox 3665 1274 3994 1317; x_wconf 89' lang='lat' dir='ltr'><strong>mensura-</strong></span> 
     </span>
     <span class='ocr_line' id='line_1_21' title="bbox 2487 1351 3994 1435; baseline 0.002 -22"><span class='ocrx_word' id='word_1_117' title='bbox 2487 1359 2646 1425; x_wconf 90' lang='lat' dir='ltr'><strong>tum,</strong></span> <span class='ocrx_word' id='word_1_118' title='bbox 2680 1351 2766 1413; x_wconf 92' lang='lat' dir='ltr'><strong>ita</strong></span> <span class='ocrx_word' id='word_1_119' title='bbox 2805 1352 2870 1413; x_wconf 92' lang='lat' dir='ltr'><strong>in</strong></span> <span class='ocrx_word' id='word_1_120' title='bbox 2912 1353 3367 1415; x_wconf 60' lang='lat' dir='ltr'><strong>accidentibus</strong></span> <span class='ocrx_word' id='word_1_121' title='bbox 3401 1354 3604 1427; x_wconf 89' lang='lat' dir='ltr'><strong>Quare</strong></span> <span class='ocrx_word' id='word_1_122' title='bbox 3643 1373 3844 1435; x_wconf 89' lang='lat' dir='ltr'><strong>quum</strong></span> <span class='ocrx_word' id='word_1_123' title='bbox 3885 1372 3994 1435; x_wconf 91' lang='lat' dir='ltr'><strong>po-</strong></span> 
     </span>
     <span class='ocr_line' id='line_1_22' title="bbox 2487 1450 3992 1514; baseline 0.002 -3"><span class='ocrx_word' id='word_1_124' title='bbox 2487 1450 2697 1511; x_wconf 91' lang='lat' dir='ltr'><strong>nendo</strong></span> <span class='ocrx_word' id='word_1_125' title='bbox 2720 1468 2852 1513; x_wconf 83' lang='lat' dir='ltr'><strong>aeva</strong></span> <span class='ocrx_word' id='word_1_126' title='bbox 2883 1450 3144 1513; x_wconf 81' lang='lat' dir='ltr'><strong>differre</strong></span> <span class='ocrx_word' id='word_1_127' title='bbox 3174 1452 3524 1513; x_wconf 91' lang='lat' dir='ltr'><strong>secundum</strong></span> <span class='ocrx_word' id='word_1_128' title='bbox 3559 1452 3992 1514; x_wconf 76' lang='lat' dir='ltr'><strong>differentiam</strong></span> 
     </span>
     <span class='ocr_line' id='line_1_23' title="bbox 2486 1548 3994 1629; baseline 0.001 -20"><span class='ocrx_word' id='word_1_129' title='bbox 2486 1548 2882 1628; x_wconf 87' lang='lat' dir='ltr'><strong>angelorum,</strong></span> <span class='ocrx_word' id='word_1_130' title='bbox 2915 1556 3011 1610; x_wconf 90' lang='lat' dir='ltr'><strong>est</strong></span> <span class='ocrx_word' id='word_1_131' title='bbox 3040 1568 3240 1629; x_wconf 91' lang='lat' dir='ltr'><strong>genus</strong></span> <span class='ocrx_word' id='word_1_132' title='bbox 3284 1569 3483 1611; x_wconf 90' lang='lat' dir='ltr'><strong>unum</strong></span> <span class='ocrx_word' id='word_1_133' title='bbox 3518 1568 3800 1614; x_wconf 81' lang='lat' dir='ltr'><strong>aevorum</strong></span> <span class='ocrx_word' id='word_1_134' title='bbox 3843 1550 3994 1613; x_wconf 88' lang='lat' dir='ltr'><strong>sub-</strong></span> 
     </span>
     <span class='ocr_line' id='line_1_24' title="bbox 2487 1646 3986 1728; baseline 0.002 -20"><span class='ocrx_word' id='word_1_135' title='bbox 2487 1646 2827 1720; x_wconf 88' lang='lat' dir='ltr'><strong>alternum,</strong></span> <span class='ocrx_word' id='word_1_136' title='bbox 2870 1648 3035 1709; x_wconf 90' lang='lat' dir='ltr'><strong>sicut</strong></span> <span class='ocrx_word' id='word_1_137' title='bbox 3076 1656 3140 1708; x_wconf 90' lang='lat' dir='ltr'><strong>et</strong></span> <span class='ocrx_word' id='word_1_138' title='bbox 3180 1648 3549 1728; x_wconf 87' lang='lat' dir='ltr'><strong>angelorum</strong></span> <span class='ocrx_word' id='word_1_139' title='bbox 3571 1666 3588 1727; x_wconf 94' lang='lat'>;</span> <span class='ocrx_word' id='word_1_140' title='bbox 3631 1649 3986 1711; x_wconf 88' lang='lat' dir='ltr'><strong>secundum</strong></span> 
     </span>
     <span class='ocr_line' id='line_1_25' title="bbox 2487 1745 3990 1828; baseline 0.003 -23"><span class='ocrx_word' id='word_1_141' title='bbox 2487 1745 2784 1806; x_wconf 91' lang='lat' dir='ltr'><strong>eumdem</strong></span> <span class='ocrx_word' id='word_1_142' title='bbox 2833 1746 3092 1807; x_wconf 91' lang='lat' dir='ltr'><strong>modum</strong></span> <span class='ocrx_word' id='word_1_143' title='bbox 3133 1764 3261 1828; x_wconf 93' lang='lat' dir='ltr'><strong>quo</strong></span> <span class='ocrx_word' id='word_1_144' title='bbox 3302 1748 3667 1827; x_wconf 89' lang='lat' dir='ltr'><strong>ponendum</strong></span> <span class='ocrx_word' id='word_1_145' title='bbox 3712 1755 3822 1809; x_wconf 92' lang='lat' dir='ltr'><strong>aut</strong></span> <span class='ocrx_word' id='word_1_146' title='bbox 3859 1765 3990 1810; x_wconf 89' lang='lat' dir='ltr'><strong>non</strong></span> 
     </span>
    </p>
   </div>
   <div class='ocr_carea' id='block_1_6' title="bbox 878 1843 3990 1928">
    <p class='ocr_par' dir='ltr' id='par_1_8' title="bbox 878 1843 3990 1928">
     <span class='ocr_line' id='line_1_26' title="bbox 878 1843 3990 1928; baseline -0 -19"><span class='ocrx_word' id='word_1_147' title='bbox 878 1847 1289 1927; x_wconf 88' lang='lat' dir='ltr'><strong>analogicam,</strong></span> <span class='ocrx_word' id='word_1_148' title='bbox 1315 1865 1455 1928; x_wconf 80' lang='lat' dir='ltr'><strong>quae</strong></span> <span class='ocrx_word' id='word_1_149' title='bbox 1485 1846 1768 1907; x_wconf 91' lang='lat' dir='ltr'><strong>continet</strong></span> <span class='ocrx_word' id='word_1_150' title='bbox 1796 1844 2039 1928; x_wconf 91' lang='lat' dir='ltr'><strong>aliquid</strong></span> <span class='ocrx_word' id='word_1_151' title='bbox 2070 1845 2173 1907; x_wconf 94' lang='lat' dir='ltr'><strong>cui</strong></span> <span class='ocrx_word' id='word_1_152' title='bbox 2208 1845 2377 1926; x_wconf 90' lang='lat' dir='ltr'><strong>prin·</strong></span> <span class='ocrx_word' id='word_1_153' title='bbox 2411 1846 2460 1910; x_wconf 94' lang='lat' dir='ltr'><strong>B</strong></span> <span class='ocrx_word' id='word_1_154' title='bbox 2491 1843 2854 1924; x_wconf 90' lang='lat' dir='ltr'><strong>ponendum</strong></span> <span class='ocrx_word' id='word_1_155' title='bbox 2900 1850 2996 1905; x_wconf 88' lang='lat' dir='ltr'><strong>est</strong></span> <span class='ocrx_word' id='word_1_156' title='bbox 3041 1863 3180 1906; x_wconf 92' lang='lat' dir='ltr'><strong>esse</strong></span> <span class='ocrx_word' id='word_1_157' title='bbox 3225 1864 3588 1908; x_wconf 88' lang='lat' dir='ltr'><strong>mensuram</strong></span> <span class='ocrx_word' id='word_1_158' title='bbox 3643 1865 3834 1907; x_wconf 86' lang='lat' dir='ltr'><strong>unam</strong></span> <span class='ocrx_word' id='word_1_159' title='bbox 3877 1865 3990 1908; x_wconf 84' lang='lat' dir='ltr'><strong>an-</strong></span> 
     </span>
    </p>
   </div>
   <div class='ocr_carea' id='block_1_7' title="bbox 876 1943 2378 3009">
    <p class='ocr_par' dir='ltr' id='par_1_9' title="bbox 876 1943 2378 3009">
     <span class='ocr_line' id='line_1_27' title="bbox 879 1943 2375 2027; baseline -0.002 -20"><span class='ocrx_word' id='word_1_160' title='bbox 879 1944 1169 2027; x_wconf 91' lang='lat' dir='ltr'><strong>cipaliter</strong></span> <span class='ocrx_word' id='word_1_161' title='bbox 1201 1962 1435 2006; x_wconf 90' lang='lat' dir='ltr'><strong>nomen</strong></span> <span class='ocrx_word' id='word_1_162' title='bbox 1474 1951 1538 2005; x_wconf 89' lang='lat' dir='ltr'><strong>et</strong></span> <span class='ocrx_word' id='word_1_163' title='bbox 1578 1943 1736 2005; x_wconf 92' lang='lat' dir='ltr'><strong>ratio</strong></span> <span class='ocrx_word' id='word_1_164' title='bbox 1776 1950 2169 2025; x_wconf 90' lang='lat' dir='ltr'><strong>competunt,</strong></span> <span class='ocrx_word' id='word_1_165' title='bbox 2205 1943 2375 2024; x_wconf 91' lang='lat' dir='ltr'><strong>quod</strong></span> 
     </span>
     <span class='ocr_line' id='line_1_28' title="bbox 877 2040 2377 2123; baseline -0.003 -18"><span class='ocrx_word' id='word_1_166' title='bbox 877 2051 940 2105; x_wconf 89' lang='lat' dir='ltr'><strong>et</strong></span> <span class='ocrx_word' id='word_1_167' title='bbox 980 2043 1121 2105; x_wconf 92' lang='lat' dir='ltr'><strong>aliis</strong></span> <span class='ocrx_word' id='word_1_168' title='bbox 1164 2050 1261 2104; x_wconf 89' lang='lat' dir='ltr'><strong>est</strong></span> <span class='ocrx_word' id='word_1_169' title='bbox 1306 2060 1626 2115; x_wconf 90' lang='lat' dir='ltr'><strong>mensura,</strong></span> <span class='ocrx_word' id='word_1_170' title='bbox 1670 2050 1859 2123; x_wconf 85' lang='lat' dir='ltr'><strong>atque</strong></span> <span class='ocrx_word' id='word_1_171' title='bbox 1905 2060 2019 2123; x_wconf 93' lang='lat' dir='ltr'><strong>per</strong></span> <span class='ocrx_word' id='word_1_172' title='bbox 2061 2040 2377 2103; x_wconf 89' lang='lat' dir='ltr'><strong>attributi-</strong></span> 
     </span>
     <span class='ocr_line' id='line_1_29' title="bbox 878 2140 2376 2224; baseline -0.002 -20"><span class='ocrx_word' id='word_1_173' title='bbox 878 2161 1021 2205; x_wconf 89' lang='lat' dir='ltr'><strong>vam</strong></span> <span class='ocrx_word' id='word_1_174' title='bbox 1074 2141 1415 2224; x_wconf 89' lang='lat' dir='ltr'><strong>quamdam</strong></span> <span class='ocrx_word' id='word_1_175' title='bbox 1472 2140 2025 2222; x_wconf 83' lang='lat' dir='ltr'><strong>participationem</strong></span> <span class='ocrx_word' id='word_1_176' title='bbox 2076 2140 2376 2201; x_wconf 90' lang='lat' dir='ltr'><strong>convenit</strong></span> 
     </span>
     <span class='ocr_line' id='line_1_30' title="bbox 877 2238 2376 2320; baseline -0.002 -18"><span class='ocrx_word' id='word_1_177' title='bbox 877 2241 969 2302; x_wconf 91' lang='lat' dir='ltr'><strong>eis</strong></span> <span class='ocrx_word' id='word_1_178' title='bbox 1004 2258 1018 2302; x_wconf 92' lang='lat'><strong>:</strong></span> <span class='ocrx_word' id='word_1_179' title='bbox 1052 2248 1115 2301; x_wconf 89' lang='lat' dir='ltr'><strong>et</strong></span> <span class='ocrx_word' id='word_1_180' title='bbox 1144 2240 1237 2301; x_wconf 93' lang='lat' dir='ltr'><strong>sic</strong></span> <span class='ocrx_word' id='word_1_181' title='bbox 1267 2258 1379 2301; x_wconf 92' lang='lat' dir='ltr'><strong>ens</strong></span> <span class='ocrx_word' id='word_1_182' title='bbox 1411 2238 1648 2300; x_wconf 91' lang='lat' dir='ltr'><strong>dicitur</strong></span> <span class='ocrx_word' id='word_1_183' title='bbox 1675 2256 1877 2319; x_wconf 87' lang='lat' dir='ltr'><strong>genus</strong></span> <span class='ocrx_word' id='word_1_184' title='bbox 1916 2257 2115 2300; x_wconf 91' lang='lat' dir='ltr'><strong>unum</strong></span> <span class='ocrx_word' id='word_1_185' title='bbox 2149 2238 2216 2300; x_wconf 90' lang='lat' dir='ltr'><strong>in</strong></span> <span class='ocrx_word' id='word_1_186' title='bbox 2248 2255 2376 2320; x_wconf 88' lang='lat' dir='ltr'><strong>quo</strong></span> 
     </span>
     <span class='ocr_line' id='line_1_31' title="bbox 877 2337 2376 2420; baseline -0.001 -20"><span class='ocrx_word' id='word_1_187' title='bbox 877 2346 973 2401; x_wconf 89' lang='lat' dir='ltr'><strong>est</strong></span> <span class='ocrx_word' id='word_1_188' title='bbox 1016 2358 1215 2400; x_wconf 90' lang='lat' dir='ltr'><strong>unum</strong></span> <span class='ocrx_word' id='word_1_189' title='bbox 1266 2338 1547 2420; x_wconf 90' lang='lat' dir='ltr'><strong>primum</strong></span> <span class='ocrx_word' id='word_1_190' title='bbox 1598 2338 1943 2399; x_wconf 91' lang='lat' dir='ltr'><strong>minimum</strong></span> <span class='ocrx_word' id='word_1_191' title='bbox 1987 2337 2157 2419; x_wconf 87' lang='lat' dir='ltr'><strong>quod</strong></span> <span class='ocrx_word' id='word_1_192' title='bbox 2202 2355 2376 2399; x_wconf 92' lang='lat' dir='ltr'><strong>men-</strong></span> 
     </span>
     <span class='ocr_line' id='line_1_32' title="bbox 878 2433 2374 2508; baseline -0.003 -9"><span class='ocrx_word' id='word_1_193' title='bbox 878 2456 1027 2499; x_wconf 88' lang='lat' dir='ltr'><strong>sura</strong></span> <span class='ocrx_word' id='word_1_194' title='bbox 1075 2444 1171 2498; x_wconf 91' lang='lat' dir='ltr'><strong>est</strong></span> <span class='ocrx_word' id='word_1_195' title='bbox 1218 2435 1511 2498; x_wconf 88' lang='lat' dir='ltr'><strong>aliorum.</strong></span> <span class='ocrx_word' id='word_1_196' title='bbox 1566 2434 1643 2496; x_wconf 88' lang='lat' dir='ltr'><strong>Et</strong></span> <span class='ocrx_word' id='word_1_197' title='bbox 1694 2435 1815 2496; x_wconf 93' lang='lat' dir='ltr'><strong>hoc</strong></span> <span class='ocrx_word' id='word_1_198' title='bbox 1873 2443 1968 2496; x_wconf 90' lang='lat' dir='ltr'><strong>est</strong></span> <span class='ocrx_word' id='word_1_199' title='bbox 2028 2436 2217 2508; x_wconf 81' lang='lat' dir='ltr'><strong>DeuS,</strong></span> <span class='ocrx_word' id='word_1_200' title='bbox 2271 2433 2374 2496; x_wconf 90' lang='lat' dir='ltr'><strong>cui</strong></span> 
     </span>
     <span class='ocr_line' id='line_1_33' title="bbox 878 2532 2373 2617; baseline -0.001 -20"><span class='ocrx_word' id='word_1_201' title='bbox 878 2534 1341 2617; x_wconf 78' lang='lat' dir='ltr'><strong>perfectissime</strong></span> <span class='ocrx_word' id='word_1_202' title='bbox 1392 2533 1689 2596; x_wconf 90' lang='lat' dir='ltr'><strong>convenit</strong></span> <span class='ocrx_word' id='word_1_203' title='bbox 1739 2552 1877 2595; x_wconf 92' lang='lat' dir='ltr'><strong>esse</strong></span> <span class='ocrx_word' id='word_1_204' title='bbox 1929 2532 2373 2595; x_wconf 90' lang='lat' dir='ltr'><strong>universorum</strong></span> 
     </span>
     <span class='ocr_line' id='line_1_34' title="bbox 880 2632 2375 2713; baseline -0.003 -18"><span class='ocrx_word' id='word_1_205' title='bbox 880 2651 1269 2705; x_wconf 89' lang='lat' dir='ltr'><strong>mensuram,</strong></span> <span class='ocrx_word' id='word_1_206' title='bbox 1311 2632 1422 2713; x_wconf 92' lang='lat' dir='ltr'><strong>qui</strong></span> <span class='ocrx_word' id='word_1_207' title='bbox 1474 2639 1569 2692; x_wconf 91' lang='lat' dir='ltr'><strong>est</strong></span> <span class='ocrx_word' id='word_1_208' title='bbox 1616 2638 1793 2692; x_wconf 88' lang='lat' dir='ltr'><strong>extra</strong></span> <span class='ocrx_word' id='word_1_209' title='bbox 1840 2638 1904 2692; x_wconf 91' lang='lat' dir='ltr'><strong>et</strong></span> <span class='ocrx_word' id='word_1_210' title='bbox 1946 2649 2139 2712; x_wconf 91' lang='lat' dir='ltr'><strong>supra</strong></span> <span class='ocrx_word' id='word_1_211' title='bbox 2187 2649 2375 2693; x_wconf 91' lang='lat' dir='ltr'><strong>omne</strong></span> 
     </span>
     <span class='ocr_line' id='line_1_35' title="bbox 876 2727 2378 2811; baseline -0.002 -19"><span class='ocrx_word' id='word_1_212' title='bbox 876 2748 1079 2811; x_wconf 88' lang='lat' dir='ltr'><strong>genus</strong></span> <span class='ocrx_word' id='word_1_213' title='bbox 1112 2729 1609 2811; x_wconf 67' lang='lat' dir='ltr'><strong>praedicamenti,</strong></span> <span class='ocrx_word' id='word_1_214' title='bbox 1645 2729 1812 2811; x_wconf 92' lang='lat' dir='ltr'><strong>quod</strong></span> <span class='ocrx_word' id='word_1_215' title='bbox 1842 2736 1937 2789; x_wconf 89' lang='lat' dir='ltr'><strong>est</strong></span> <span class='ocrx_word' id='word_1_216' title='bbox 1969 2727 2245 2808; x_wconf 91' lang='lat' dir='ltr'><strong>logicum</strong></span> <span class='ocrx_word' id='word_1_217' title='bbox 2276 2746 2378 2809; x_wconf 88' lang='lat' dir='ltr'><strong>ge-</strong></span> 
     </span>
     <span class='ocr_line' id='line_1_36' title="bbox 879 2826 2373 2907; baseline -0.002 -17"><span class='ocrx_word' id='word_1_218' title='bbox 879 2848 1019 2890; x_wconf 81' lang='lat' dir='ltr'><strong>nuS.</strong></span> <span class='ocrx_word' id='word_1_219' title='bbox 1048 2828 1123 2889; x_wconf 90' lang='lat' dir='ltr'><strong>Et</strong></span> <span class='ocrx_word' id='word_1_220' title='bbox 1161 2827 1327 2889; x_wconf 89' lang='lat' dir='ltr'><strong>sicut</strong></span> <span class='ocrx_word' id='word_1_221' title='bbox 1361 2846 1472 2888; x_wconf 88' lang='lat' dir='ltr'><strong>ens</strong></span> <span class='ocrx_word' id='word_1_222' title='bbox 1512 2835 1604 2888; x_wconf 89' lang='lat' dir='ltr'><strong>est</strong></span> <span class='ocrx_word' id='word_1_223' title='bbox 1643 2844 1843 2907; x_wconf 87' lang='lat' dir='ltr'><strong>genus</strong></span> <span class='ocrx_word' id='word_1_224' title='bbox 1877 2826 1997 2888; x_wconf 90' lang='lat' dir='ltr'><strong>tale</strong></span> <span class='ocrx_word' id='word_1_225' title='bbox 2036 2827 2113 2888; x_wconf 90' lang='lat' dir='ltr'><strong>ad</strong></span> <span class='ocrx_word' id='word_1_226' title='bbox 2152 2827 2373 2888; x_wconf 92' lang='lat' dir='ltr'><strong>decem</strong></span> 
     </span>
     <span class='ocr_line' id='line_1_37' title="bbox 880 2924 2375 3009; baseline -0.002 -21"><span class='ocrx_word' id='word_1_227' title='bbox 880 2926 1391 3009; x_wconf 85' lang='lat' dir='ltr'><strong>praedicamenta,</strong></span> <span class='ocrx_word' id='word_1_228' title='bbox 1426 2924 1517 2987; x_wconf 91' lang='lat' dir='ltr'><strong>sic</strong></span> <span class='ocrx_word' id='word_1_229' title='bbox 1549 2924 1844 2986; x_wconf 91' lang='lat' dir='ltr'><strong>accidens</strong></span> <span class='ocrx_word' id='word_1_230' title='bbox 1885 2924 1963 2986; x_wconf 90' lang='lat' dir='ltr'><strong>ad</strong></span> <span class='ocrx_word' id='word_1_231' title='bbox 2003 2942 2232 2986; x_wconf 89' lang='lat' dir='ltr'><strong>novem</strong></span> <span class='ocrx_word' id='word_1_232' title='bbox 2271 2943 2375 3005; x_wconf 89' lang='lat' dir='ltr'><strong>ge·</strong></span> 
     </span>
    </p>
   </div>
   <div class='ocr_carea' id='block_1_8' title="bbox 2485 1940 3996 3013">
    <p class='ocr_par' dir='ltr' id='par_1_10' title="bbox 2485 1940 3996 2691">
     <span class='ocr_line' id='line_1_38' title="bbox 2486 1940 3990 2021; baseline 0.003 -20"><span class='ocrx_word' id='word_1_233' title='bbox 2486 1940 2774 2021; x_wconf 90' lang='lat' dir='ltr'><strong>gelorum</strong></span> <span class='ocrx_word' id='word_1_234' title='bbox 2837 1943 3188 2003; x_wconf 89' lang='lat' dir='ltr'><strong>secundum</strong></span> <span class='ocrx_word' id='word_1_235' title='bbox 3253 1942 3673 2005; x_wconf 83' lang='lat' dir='ltr'><strong>substantiam</strong></span> <span class='ocrx_word' id='word_1_236' title='bbox 3733 1944 3796 2005; x_wconf 91' lang='lat' dir='ltr'><strong>in</strong></span> <span class='ocrx_word' id='word_1_237' title='bbox 3857 1964 3990 2006; x_wconf 90' lang='lat' dir='ltr'><strong>una</strong></span> 
     </span>
     <span class='ocr_line' id='line_1_39' title="bbox 2487 2040 3988 2124; baseline 0.003 -24"><span class='ocrx_word' id='word_1_238' title='bbox 2487 2040 2698 2119; x_wconf 89' lang='lat' dir='ltr'><strong>specie</strong></span> <span class='ocrx_word' id='word_1_239' title='bbox 2741 2040 2969 2120; x_wconf 87' lang='lat' dir='ltr'><strong>angeli,</strong></span> <span class='ocrx_word' id='word_1_240' title='bbox 3005 2040 3096 2102; x_wconf 88' lang='lat' dir='ltr'><strong>sic</strong></span> <span class='ocrx_word' id='word_1_241' title='bbox 3138 2040 3435 2103; x_wconf 88' lang='lat' dir='ltr'><strong>similiter</strong></span> <span class='ocrx_word' id='word_1_242' title='bbox 3475 2049 3572 2104; x_wconf 90' lang='lat' dir='ltr'><strong>est</strong></span> <span class='ocrx_word' id='word_1_243' title='bbox 3613 2043 3988 2124; x_wconf 89' lang='lat' dir='ltr'><strong>ponendum</strong></span> 
     </span>
     <span class='ocr_line' id='line_1_40' title="bbox 2488 2136 3992 2223; baseline 0.005 -27"><span class='ocrx_word' id='word_1_244' title='bbox 2488 2136 2552 2197; x_wconf 90' lang='lat' dir='ltr'><strong>in</strong></span> <span class='ocrx_word' id='word_1_245' title='bbox 2583 2155 2740 2209; x_wconf 67' lang='lat' dir='ltr'><strong>aevo,</strong></span> <span class='ocrx_word' id='word_1_246' title='bbox 2773 2138 3066 2218; x_wconf 89' lang='lat' dir='ltr'><strong>ponendo</strong></span> <span class='ocrx_word' id='word_1_247' title='bbox 3106 2139 3353 2201; x_wconf 89' lang='lat' dir='ltr'><strong>scilicet</strong></span> <span class='ocrx_word' id='word_1_248' title='bbox 3383 2140 3482 2202; x_wconf 91' lang='lat' dir='ltr'><strong>vel</strong></span> <span class='ocrx_word' id='word_1_249' title='bbox 3522 2157 3647 2203; x_wconf 90' lang='lat' dir='ltr'><strong>non</strong></span> <span class='ocrx_word' id='word_1_250' title='bbox 3689 2142 3992 2223; x_wconf 90' lang='lat' dir='ltr'><strong>ponendo</strong></span> 
     </span>
     <span class='ocr_line' id='line_1_41' title="bbox 2485 2235 3992 2303; baseline 0.003 -6"><span class='ocrx_word' id='word_1_251' title='bbox 2485 2254 2692 2297; x_wconf 83' lang='lat' dir='ltr'><strong>aevum</strong></span> <span class='ocrx_word' id='word_1_252' title='bbox 2735 2235 2908 2297; x_wconf 90' lang='lat' dir='ltr'><strong>illius</strong></span> <span class='ocrx_word' id='word_1_253' title='bbox 2940 2256 3076 2299; x_wconf 91' lang='lat' dir='ltr'><strong>esse</strong></span> <span class='ocrx_word' id='word_1_254' title='bbox 3118 2257 3482 2300; x_wconf 88' lang='lat' dir='ltr'><strong>mensuram</strong></span> <span class='ocrx_word' id='word_1_255' title='bbox 3519 2238 3790 2301; x_wconf 89' lang='lat' dir='ltr'><strong>aliorum</strong></span> <span class='ocrx_word' id='word_1_256' title='bbox 3827 2258 3992 2303; x_wconf 83' lang='lat' dir='ltr'><strong>aevo-</strong></span> 
     </span>
     <span class='ocr_line' id='line_1_42' title="bbox 2487 2334 3992 2419; baseline 0.005 -25"><span class='ocrx_word' id='word_1_257' title='bbox 2487 2352 2649 2395; x_wconf 92' lang='lat' dir='ltr'><strong>rum.</strong></span> <span class='ocrx_word' id='word_1_258' title='bbox 2687 2334 2805 2396; x_wconf 88' lang='lat' dir='ltr'><strong>Sed</strong></span> <span class='ocrx_word' id='word_1_259' title='bbox 2851 2334 3029 2397; x_wconf 93' lang='lat' dir='ltr'><strong>nullo</strong></span> <span class='ocrx_word' id='word_1_260' title='bbox 3070 2337 3258 2399; x_wconf 90' lang='lat' dir='ltr'><strong>modo</strong></span> <span class='ocrx_word' id='word_1_261' title='bbox 3301 2338 3668 2419; x_wconf 89' lang='lat' dir='ltr'><strong>ponendum</strong></span> <span class='ocrx_word' id='word_1_262' title='bbox 3709 2346 3806 2400; x_wconf 92' lang='lat' dir='ltr'><strong>est</strong></span> <span class='ocrx_word' id='word_1_263' title='bbox 3845 2358 3992 2401; x_wconf 85' lang='lat' dir='ltr'><strong>esse</strong></span> 
     </span>
     <span class='ocr_line' id='line_1_43' title="bbox 2487 2434 3988 2511; baseline 0.003 -16"><span class='ocrx_word' id='word_1_264' title='bbox 2487 2451 2694 2495; x_wconf 82' lang='lat' dir='ltr'><strong>aevum</strong></span> <span class='ocrx_word' id='word_1_265' title='bbox 2757 2451 3120 2496; x_wconf 91' lang='lat' dir='ltr'><strong>mensuram</strong></span> <span class='ocrx_word' id='word_1_266' title='bbox 3178 2434 3450 2498; x_wconf 91' lang='lat' dir='ltr'><strong>aliorum</strong></span> <span class='ocrx_word' id='word_1_267' title='bbox 3508 2436 3988 2511; x_wconf 78' lang='lat' dir='ltr'><strong>aeviternorum,</strong></span> 
     </span>
     <span class='ocr_line' id='line_1_44' title="bbox 2488 2534 3996 2615; baseline 0.006 -24"><span class='ocrx_word' id='word_1_268' title='bbox 2488 2540 2746 2612; x_wconf 91' lang='lat' dir='ltr'><strong>propter</strong></span> <span class='ocrx_word' id='word_1_269' title='bbox 2777 2550 3091 2596; x_wconf 67' lang='lat' dir='ltr'><strong>mensurae</strong></span> <span class='ocrx_word' id='word_1_270' title='bbox 3126 2534 3712 2615; x_wconf 83' lang='lat' dir='ltr'><strong>aequivocationem.</strong></span> <span class='ocrx_word' id='word_1_271' title='bbox 3733 2572 3816 2582; x_wconf 88' lang='lat'>—</span> <span class='ocrx_word' id='word_1_272' title='bbox 3843 2537 3996 2600; x_wconf 85' lang='lat' dir='ltr'><strong>Haec</strong></span> 
     </span>
     <span class='ocr_line' id='line_1_45' title="bbox 2488 2628 2814 2691; baseline 0.003 -2"><span class='ocrx_word' id='word_1_273' title='bbox 2488 2628 2814 2691; x_wconf 85' lang='lat' dir='ltr'><strong>Henricus.</strong></span> 
     </span>
    </p>

    <p class='ocr_par' dir='ltr' id='par_1_11' title="bbox 2489 2726 3996 3013">
     <span class='ocr_line' id='line_1_46' title="bbox 2567 2726 3996 2813; baseline 0.006 -25"><span class='ocrx_word' id='word_1_274' title='bbox 2567 2726 2683 2801; x_wconf 87' lang='lat' dir='ltr'><strong>Qui</strong></span> <span class='ocrx_word' id='word_1_275' title='bbox 2734 2728 2811 2789; x_wconf 90' lang='lat' dir='ltr'><strong>de</strong></span> <span class='ocrx_word' id='word_1_276' title='bbox 2861 2728 2982 2791; x_wconf 87' lang='lat' dir='ltr'><strong>isto</strong></span> <span class='ocrx_word' id='word_1_277' title='bbox 3029 2729 3254 2791; x_wconf 90' lang='lat' dir='ltr'><strong>scribit</strong></span> <span class='ocrx_word' id='word_1_278' title='bbox 3302 2732 3576 2793; x_wconf 87' lang='lat' dir='ltr'><strong>multum</strong></span> <span class='ocrx_word' id='word_1_279' title='bbox 3631 2732 3878 2813; x_wconf 84' lang='lat' dir='ltr'><strong>prolixe</strong></span> <span class='ocrx_word' id='word_1_280' title='bbox 3923 2742 3996 2796; x_wconf 87' lang='lat' dir='ltr'><strong>et</strong></span> 
     </span>
     <span class='ocr_line' id='line_1_47' title="bbox 2489 2826 3996 2911; baseline 0.005 -24"><span class='ocrx_word' id='word_1_281' title='bbox 2489 2826 2808 2903; x_wconf 82' lang='lat' dir='ltr'><strong>involute3</strong></span> <span class='ocrx_word' id='word_1_282' title='bbox 2859 2834 2922 2887; x_wconf 91' lang='lat' dir='ltr'><strong>et</strong></span> <span class='ocrx_word' id='word_1_283' title='bbox 2969 2827 3104 2890; x_wconf 81' lang='lat' dir='ltr'><strong>haec</strong></span> <span class='ocrx_word' id='word_1_284' title='bbox 3152 2827 3292 2907; x_wconf 89' lang='lat' dir='ltr'><strong>ejus</strong></span> <span class='ocrx_word' id='word_1_285' title='bbox 3352 2830 3683 2911; x_wconf 84' lang='lat' dir='ltr'><strong>responsio</strong></span> <span class='ocrx_word' id='word_1_286' title='bbox 3730 2831 3996 2895; x_wconf 84' lang='lat' dir='ltr'><strong>videtur</strong></span> 
     </span>
     <span class='ocr_line' id='line_1_48' title="bbox 2489 2914 3991 3013; baseline 0.006 -28"><span class='ocrx_word' id='word_1_287' title='bbox 2489 2914 2553 2985; x_wconf 78' lang='lat' dir='ltr'><strong>ifi</strong></span> <span class='ocrx_word' id='word_1_288' title='bbox 2603 2924 2821 2985; x_wconf 84' lang='lat' dir='ltr'><strong>multis</strong></span> <span class='ocrx_word' id='word_1_289' title='bbox 2863 2945 2900 2987; x_wconf 95' lang='lat' dir='ltr'><strong>a</strong></span> <span class='ocrx_word' id='word_1_290' title='bbox 2942 2925 3307 3006; x_wconf 74' lang='lat' dir='ltr'><strong>praehabitis</strong></span> <span class='ocrx_word' id='word_1_291' title='bbox 3355 2927 3697 2991; x_wconf 90' lang='lat' dir='ltr'><strong>dissonare.</strong></span> <span class='ocrx_word' id='word_1_292' title='bbox 3743 2930 3991 3013; x_wconf 86' lang='lat' dir='ltr'><strong>Estque</strong></span> 
     </span>
    </p>
   </div>
   <div class='ocr_carea' id='block_1_9' title="bbox 880 3022 3990 3105">
    <p class='ocr_par' dir='ltr' id='par_1_12' title="bbox 880 3022 3990 3105">
     <span class='ocr_line' id='line_1_49' title="bbox 880 3022 3990 3105; baseline 0.002 -19"><span class='ocrx_word' id='word_1_293' title='bbox 880 3023 1280 3086; x_wconf 90' lang='lat' dir='ltr'><strong>neralissima</strong></span> <span class='ocrx_word' id='word_1_294' title='bbox 1326 3022 1691 3085; x_wconf 89' lang='lat' dir='ltr'><strong>accidentis.</strong></span> <span class='ocrx_word' id='word_1_295' title='bbox 1723 3058 1804 3067; x_wconf 92' lang='grc'>-</span> <span class='ocrx_word' id='word_1_296' title='bbox 1842 3023 1909 3083; x_wconf 85' lang='grc'><strong>16</strong></span> <span class='ocrx_word' id='word_1_297' title='bbox 1951 3040 2182 3102; x_wconf 90' lang='lat' dir='ltr'><strong>genere</strong></span> <span class='ocrx_word' id='word_1_298' title='bbox 2225 3040 2376 3104; x_wconf 85' lang='lat' dir='ltr'><strong>quo·</strong></span> <span class='ocrx_word' id='word_1_299' title='bbox 2413 3022 2456 3085; x_wconf 90' lang='lat' dir='ltr'>C</span> <span class='ocrx_word' id='word_1_300' title='bbox 2485 3031 2833 3097; x_wconf 89' lang='lat' dir='ltr'><strong>ostensum,</strong></span> <span class='ocrx_word' id='word_1_301' title='bbox 2863 3042 2988 3086; x_wconf 92' lang='lat' dir='ltr'><strong>non</strong></span> <span class='ocrx_word' id='word_1_302' title='bbox 3020 3024 3186 3105; x_wconf 86' lang='lat' dir='ltr'><strong>exigi</strong></span> <span class='ocrx_word' id='word_1_303' title='bbox 3217 3026 3295 3086; x_wconf 90' lang='lat' dir='ltr'><strong>ad</strong></span> <span class='ocrx_word' id='word_1_304' title='bbox 3325 3027 3634 3089; x_wconf 90' lang='lat' dir='ltr'><strong>rationem</strong></span> <span class='ocrx_word' id='word_1_305' title='bbox 3669 3046 3990 3093; x_wconf 79' lang='lat' dir='ltr'><strong>mensurae</strong></span> 
     </span>
    </p>
   </div>
   <div class='ocr_carea' id='block_1_10' title="bbox 880 3122 2382 4186">
    <p class='ocr_par' dir='ltr' id='par_1_13' title="bbox 880 3122 2382 4186">
     <span class='ocr_line' id='line_1_50' title="bbox 880 3122 2376 3206; baseline -0.001 -22"><span class='ocrx_word' id='word_1_306' title='bbox 880 3142 1005 3206; x_wconf 90' lang='lat' dir='ltr'><strong>que</strong></span> <span class='ocrx_word' id='word_1_307' title='bbox 1056 3123 1261 3203; x_wconf 90' lang='lat' dir='ltr'><strong>logico</strong></span> <span class='ocrx_word' id='word_1_308' title='bbox 1309 3122 1635 3184; x_wconf 88' lang='lat' dir='ltr'><strong>invenitur</strong></span> <span class='ocrx_word' id='word_1_309' title='bbox 1692 3140 2010 3195; x_wconf 91' lang='lat' dir='ltr'><strong>mensura,</strong></span> <span class='ocrx_word' id='word_1_310' title='bbox 2064 3122 2156 3183; x_wconf 93' lang='lat' dir='ltr'><strong>sic</strong></span> <span class='ocrx_word' id='word_1_311' title='bbox 2207 3122 2376 3203; x_wconf 91' lang='lat' dir='ltr'><strong>quod</strong></span> 
     </span>
     <span class='ocr_line' id='line_1_51' title="bbox 880 3219 2372 3304; baseline -0.002 -20"><span class='ocrx_word' id='word_1_312' title='bbox 880 3221 1124 3304; x_wconf 90' lang='lat' dir='ltr'><strong>species</strong></span> <span class='ocrx_word' id='word_1_313' title='bbox 1156 3220 1537 3282; x_wconf 88' lang='lat' dir='ltr'><strong>eminentior</strong></span> <span class='ocrx_word' id='word_1_314' title='bbox 1566 3228 1661 3281; x_wconf 92' lang='lat' dir='ltr'><strong>est</strong></span> <span class='ocrx_word' id='word_1_315' title='bbox 1694 3238 1984 3281; x_wconf 90' lang='lat' dir='ltr'><strong>mensura</strong></span> <span class='ocrx_word' id='word_1_316' title='bbox 2016 3219 2372 3282; x_wconf 83' lang='lat' dir='ltr'><strong>inferioris:</strong></span> 
     </span>
     <span class='ocr_line' id='line_1_52' title="bbox 880 3318 2379 3401; baseline -0.002 -18"><span class='ocrx_word' id='word_1_317' title='bbox 880 3322 1046 3383; x_wconf 92' lang='lat' dir='ltr'><strong>sicut</strong></span> <span class='ocrx_word' id='word_1_318' title='bbox 1084 3319 1437 3382; x_wconf 88' lang='lat' dir='ltr'><strong>substantia</strong></span> <span class='ocrx_word' id='word_1_319' title='bbox 1476 3319 1866 3401; x_wconf 90' lang='lat' dir='ltr'><strong>incorporea,</strong></span> <span class='ocrx_word' id='word_1_320' title='bbox 1901 3318 2275 3400; x_wconf 82' lang='lat' dir='ltr'><strong>corporalis3</strong></span> <span class='ocrx_word' id='word_1_321' title='bbox 2314 3328 2379 3380; x_wconf 90' lang='lat' dir='ltr'><strong>et</strong></span> 
     </span>
     <span class='ocr_line' id='line_1_53' title="bbox 880 3415 2382 3500; baseline -0.001 -19"><span class='ocrx_word' id='word_1_322' title='bbox 880 3420 1092 3493; x_wconf 91' lang='lat' dir='ltr'><strong>homo,</strong></span> <span class='ocrx_word' id='word_1_323' title='bbox 1127 3436 1326 3500; x_wconf 87' lang='lat' dir='ltr'><strong>quum</strong></span> <span class='ocrx_word' id='word_1_324' title='bbox 1361 3417 1444 3479; x_wconf 90' lang='lat' dir='ltr'><strong>sit</strong></span> <span class='ocrx_word' id='word_1_325' title='bbox 1474 3416 1719 3498; x_wconf 89' lang='lat' dir='ltr'><strong>species</strong></span> <span class='ocrx_word' id='word_1_326' title='bbox 1750 3415 2161 3478; x_wconf 84' lang='lat' dir='ltr'><strong>excellentior</strong></span> <span class='ocrx_word' id='word_1_327' title='bbox 2194 3417 2258 3478; x_wconf 92' lang='lat' dir='ltr'><strong>in</strong></span> <span class='ocrx_word' id='word_1_328' title='bbox 2291 3436 2382 3479; x_wconf 92' lang='lat' dir='ltr'><strong>re-</strong></span> 
     </span>
     <span class='ocr_line' id='line_1_54' title="bbox 882 3516 2377 3597; baseline -0.001 -19"><span class='ocrx_word' id='word_1_329' title='bbox 882 3516 1001 3578; x_wconf 89' lang='lat' dir='ltr'><strong>bus</strong></span> <span class='ocrx_word' id='word_1_330' title='bbox 1046 3516 1388 3597; x_wconf 83' lang='lat' dir='ltr'><strong>corporeiS‚</strong></span> <span class='ocrx_word' id='word_1_331' title='bbox 1424 3533 1719 3577; x_wconf 89' lang='lat' dir='ltr'><strong>mensura</strong></span> <span class='ocrx_word' id='word_1_332' title='bbox 1760 3522 1857 3575; x_wconf 90' lang='lat' dir='ltr'><strong>est</strong></span> <span class='ocrx_word' id='word_1_333' title='bbox 1900 3533 2111 3576; x_wconf 90' lang='lat' dir='ltr'><strong>rerum</strong></span> <span class='ocrx_word' id='word_1_334' title='bbox 2157 3532 2377 3596; x_wconf 89' lang='lat' dir='ltr'><strong>corpo·</strong></span> 
     </span>
     <span class='ocr_line' id='line_1_55' title="bbox 882 3613 2380 3694; baseline -0.001 -19"><span class='ocrx_word' id='word_1_335' title='bbox 882 3633 1155 3676; x_wconf 89' lang='lat' dir='ltr'><strong>rearum.</strong></span> <span class='ocrx_word' id='word_1_336' title='bbox 1218 3613 1556 3675; x_wconf 85' lang='lat' dir='ltr'><strong>Individuo</strong></span> <span class='ocrx_word' id='word_1_337' title='bbox 1610 3622 1823 3674; x_wconf 89' lang='lat' dir='ltr'><strong>autem</strong></span> <span class='ocrx_word' id='word_1_338' title='bbox 1883 3630 2009 3674; x_wconf 91' lang='lat' dir='ltr'><strong>non</strong></span> <span class='ocrx_word' id='word_1_339' title='bbox 2070 3613 2380 3694; x_wconf 90' lang='lat' dir='ltr'><strong>competit</strong></span> 
     </span>
     <span class='ocr_line' id='line_1_56' title="bbox 882 3710 2380 3791; baseline -0.003 -16"><span class='ocrx_word' id='word_1_340' title='bbox 882 3731 1020 3775; x_wconf 89' lang='lat' dir='ltr'><strong>esse</strong></span> <span class='ocrx_word' id='word_1_341' title='bbox 1063 3712 1183 3774; x_wconf 91' lang='lat' dir='ltr'><strong>hoc</strong></span> <span class='ocrx_word' id='word_1_342' title='bbox 1232 3712 1419 3774; x_wconf 92' lang='lat' dir='ltr'><strong>modo</strong></span> <span class='ocrx_word' id='word_1_343' title='bbox 1472 3728 1835 3772; x_wconf 90' lang='lat' dir='ltr'><strong>mensuram</strong></span> <span class='ocrx_word' id='word_1_344' title='bbox 1887 3710 2011 3772; x_wconf 91' lang='lat' dir='ltr'><strong>nisi</strong></span> <span class='ocrx_word' id='word_1_345' title='bbox 2062 3728 2176 3791; x_wconf 92' lang='lat' dir='ltr'><strong>per</strong></span> <span class='ocrx_word' id='word_1_346' title='bbox 2216 3711 2380 3771; x_wconf 91' lang='lat' dir='ltr'><strong>acci-</strong></span> 
     </span>
     <span class='ocr_line' id='line_1_57' title="bbox 882 3808 2380 3891; baseline -0.001 -20"><span class='ocrx_word' id='word_1_347' title='bbox 882 3811 1061 3883; x_wconf 76' lang='lat' dir='ltr'><strong>denS‚</strong></span> <span class='ocrx_word' id='word_1_348' title='bbox 1107 3827 1184 3872; x_wconf 92' lang='lat' dir='ltr'><strong>eo</strong></span> <span class='ocrx_word' id='word_1_349' title='bbox 1234 3808 1401 3891; x_wconf 91' lang='lat' dir='ltr'><strong>quod</strong></span> <span class='ocrx_word' id='word_1_350' title='bbox 1450 3808 1696 3889; x_wconf 91' lang='lat' dir='ltr'><strong>species</strong></span> <span class='ocrx_word' id='word_1_351' title='bbox 1746 3808 2206 3889; x_wconf 88' lang='lat' dir='ltr'><strong>specialissima</strong></span> <span class='ocrx_word' id='word_1_352' title='bbox 2251 3826 2380 3871; x_wconf 89' lang='lat' dir='ltr'><strong>non</strong></span> 
     </span>
     <span class='ocr_line' id='line_1_58' title="bbox 882 3906 2378 3988; baseline -0.003 -17"><span class='ocrx_word' id='word_1_353' title='bbox 882 3908 1007 3971; x_wconf 87' lang='lat' dir='ltr'><strong>nisi</strong></span> <span class='ocrx_word' id='word_1_354' title='bbox 1050 3909 1115 3970; x_wconf 94' lang='lat' dir='ltr'><strong>in</strong></span> <span class='ocrx_word' id='word_1_355' title='bbox 1156 3906 1489 3969; x_wconf 84' lang='lat' dir='ltr'><strong>individuo</strong></span> <span class='ocrx_word' id='word_1_356' title='bbox 1528 3924 1655 3969; x_wconf 91' lang='lat' dir='ltr'><strong>uno</strong></span> <span class='ocrx_word' id='word_1_357' title='bbox 1686 3906 1966 3979; x_wconf 83' lang='lat' dir='ltr'><strong>exsistat,</strong></span> <span class='ocrx_word' id='word_1_358' title='bbox 2004 3914 2071 3967; x_wconf 92' lang='lat' dir='ltr'><strong>ut</strong></span> <span class='ocrx_word' id='word_1_359' title='bbox 2102 3913 2275 3988; x_wconf 89' lang='lat' dir='ltr'><strong>patet</strong></span> <span class='ocrx_word' id='word_1_360' title='bbox 2313 3906 2378 3967; x_wconf 90' lang='lat' dir='ltr'><strong>in</strong></span> 
     </span>
     <span class='ocr_line' id='line_1_59' title="bbox 882 4005 2380 4089; baseline -0.003 -19"><span class='ocrx_word' id='word_1_361' title='bbox 882 4026 1145 4089; x_wconf 91' lang='lat' dir='ltr'><strong>corpore</strong></span> <span class='ocrx_word' id='word_1_362' title='bbox 1193 4005 1366 4068; x_wconf 91' lang='lat' dir='ltr'><strong>orbis</strong></span> <span class='ocrx_word' id='word_1_363' title='bbox 1416 4005 1629 4087; x_wconf 88' lang='lat' dir='ltr'><strong>primi,</strong></span> <span class='ocrx_word' id='word_1_364' title='bbox 1677 4006 1844 4086; x_wconf 93' lang='lat' dir='ltr'><strong>quod</strong></span> <span class='ocrx_word' id='word_1_365' title='bbox 1896 4005 2156 4086; x_wconf 89' lang='lat' dir='ltr'><strong>ponitur</strong></span> <span class='ocrx_word' id='word_1_366' title='bbox 2206 4024 2380 4066; x_wconf 92' lang='lat' dir='ltr'><strong>men-</strong></span> 
     </span>
     <span class='ocr_line' id='line_1_60' title="bbox 882 4103 2378 4186; baseline -0.003 -16"><span class='ocrx_word' id='word_1_367' title='bbox 882 4126 1031 4170; x_wconf 89' lang='lat' dir='ltr'><strong>sura</strong></span> <span class='ocrx_word' id='word_1_368' title='bbox 1075 4106 1367 4168; x_wconf 91' lang='lat' dir='ltr'><strong>omnium</strong></span> <span class='ocrx_word' id='word_1_369' title='bbox 1416 4122 1755 4185; x_wconf 88' lang='lat' dir='ltr'><strong>corporum</strong></span> <span class='ocrx_word' id='word_1_370' title='bbox 1806 4103 2156 4166; x_wconf 89' lang='lat' dir='ltr'><strong>secundum</strong></span> <span class='ocrx_word' id='word_1_371' title='bbox 2208 4104 2378 4186; x_wconf 87' lang='lat' dir='ltr'><strong>quod</strong></span> 
     </span>
    </p>
   </div>
   <div class='ocr_carea' id='block_1_11' title="bbox 2485 3120 4002 4187">
    <p class='ocr_par' dir='ltr' id='par_1_14' title="bbox 2485 3120 4002 4187">
     <span class='ocr_line' id='line_1_61' title="bbox 2487 3120 3994 3208; baseline 0.005 -26"><span class='ocrx_word' id='word_1_372' title='bbox 2487 3120 2656 3202; x_wconf 93' lang='lat' dir='ltr'><strong>quod</strong></span> <span class='ocrx_word' id='word_1_373' title='bbox 2705 3121 2787 3183; x_wconf 88' lang='lat' dir='ltr'><strong>sit</strong></span> <span class='ocrx_word' id='word_1_374' title='bbox 2835 3140 3024 3183; x_wconf 87' lang='lat' dir='ltr'><strong>causa</strong></span> <span class='ocrx_word' id='word_1_375' title='bbox 3059 3131 3614 3201; x_wconf 89' lang='lat' dir='ltr'><strong>-mensuratorum,</strong></span> <span class='ocrx_word' id='word_1_376' title='bbox 3667 3146 3868 3208; x_wconf 91' lang='lat' dir='ltr'><strong>quum</strong></span> <span class='ocrx_word' id='word_1_377' title='bbox 3918 3135 3994 3190; x_wconf 91' lang='lat' dir='ltr'><strong>et</strong></span> 
     </span>
     <span class='ocr_line' id='line_1_62' title="bbox 2488 3218 3988 3301; baseline 0.006 -21"><span class='ocrx_word' id='word_1_378' title='bbox 2488 3218 2760 3301; x_wconf 89' lang='lat' dir='ltr'><strong>ipsemet</strong></span> <span class='ocrx_word' id='word_1_379' title='bbox 2807 3220 2976 3282; x_wconf 90' lang='lat' dir='ltr'><strong>dicat</strong></span> <span class='ocrx_word' id='word_1_380' title='bbox 3017 3219 3377 3284; x_wconf 87' lang='lat' dir='ltr'><strong>albedinem</strong></span> <span class='ocrx_word' id='word_1_381' title='bbox 3427 3242 3564 3285; x_wconf 91' lang='lat' dir='ltr'><strong>esse</strong></span> <span class='ocrx_word' id='word_1_382' title='bbox 3613 3244 3988 3289; x_wconf 87' lang='lat' dir='ltr'><strong>mensuram</strong></span> 
     </span>
     <span class='ocr_line' id='line_1_63' title="bbox 2488 3317 3988 3406; baseline 0.007 -28"><span class='ocrx_word' id='word_1_383' title='bbox 2488 3317 2554 3379; x_wconf 94' lang='lat' dir='ltr'><strong>in</strong></span> <span class='ocrx_word' id='word_1_384' title='bbox 2583 3336 2812 3398; x_wconf 89' lang='lat' dir='ltr'><strong>genere</strong></span> <span class='ocrx_word' id='word_1_385' title='bbox 2844 3337 2955 3381; x_wconf 89' lang='lat' dir='ltr'><strong>seu</strong></span> <span class='ocrx_word' id='word_1_386' title='bbox 2996 3318 3406 3382; x_wconf 87' lang='lat' dir='ltr'><strong>universitate</strong></span> <span class='ocrx_word' id='word_1_387' title='bbox 3437 3321 3744 3397; x_wconf 90' lang='lat' dir='ltr'><strong>colorum,</strong></span> <span class='ocrx_word' id='word_1_388' title='bbox 3777 3344 3988 3406; x_wconf 88' lang='lat' dir='ltr'><strong>quum</strong></span> 
     </span>
     <span class='ocr_line' id='line_1_64' title="bbox 2485 3416 3992 3501; baseline 0.005 -24"><span class='ocrx_word' id='word_1_389' title='bbox 2485 3424 2701 3478; x_wconf 90' lang='lat' dir='ltr'><strong>tamen</strong></span> <span class='ocrx_word' id='word_1_390' title='bbox 2743 3416 2970 3478; x_wconf 86' lang='lat' dir='ltr'><strong>albedo</strong></span> <span class='ocrx_word' id='word_1_391' title='bbox 3008 3434 3134 3479; x_wconf 90' lang='lat' dir='ltr'><strong>non</strong></span> <span class='ocrx_word' id='word_1_392' title='bbox 3180 3417 3262 3479; x_wconf 89' lang='lat' dir='ltr'><strong>sit</strong></span> <span class='ocrx_word' id='word_1_393' title='bbox 3300 3438 3492 3481; x_wconf 90' lang='lat' dir='ltr'><strong>causa</strong></span> <span class='ocrx_word' id='word_1_394' title='bbox 3531 3421 3883 3501; x_wconf 88' lang='lat' dir='ltr'><strong>nigredinis</strong></span> <span class='ocrx_word' id='word_1_395' title='bbox 3919 3432 3992 3485; x_wconf 86' lang='lat' dir='ltr'><strong>et</strong></span> 
     </span>
     <span class='ocr_line' id='line_1_65' title="bbox 2486 3513 3992 3599; baseline 0.005 -24"><span class='ocrx_word' id='word_1_396' title='bbox 2486 3513 2756 3575; x_wconf 90' lang='lat' dir='ltr'><strong>aliarum</strong></span> <span class='ocrx_word' id='word_1_397' title='bbox 2815 3514 3174 3594; x_wconf 89' lang='lat' dir='ltr'><strong>specierum</strong></span> <span class='ocrx_word' id='word_1_398' title='bbox 3232 3515 3479 3579; x_wconf 81' lang='lat' dir='ltr'><strong>coloris,</strong></span> <span class='ocrx_word' id='word_1_399' title='bbox 3531 3518 3798 3599; x_wconf 89' lang='lat' dir='ltr'><strong>Insuper</strong></span> <span class='ocrx_word' id='word_1_400' title='bbox 3855 3538 3992 3583; x_wconf 89' lang='lat' dir='ltr'><strong>non</strong></span> 
     </span>
     <span class='ocr_line' id='line_1_66' title="bbox 2490 3612 3996 3698; baseline 0.005 -25"><span class='ocrx_word' id='word_1_401' title='bbox 2490 3619 2584 3673; x_wconf 89' lang='lat' dir='ltr'><strong>est</strong></span> <span class='ocrx_word' id='word_1_402' title='bbox 2629 3618 2848 3674; x_wconf 90' lang='lat' dir='ltr'><strong>contra</strong></span> <span class='ocrx_word' id='word_1_403' title='bbox 2888 3612 3229 3674; x_wconf 88' lang='lat' dir='ltr'><strong>articulum</strong></span> <span class='ocrx_word' id='word_1_404' title='bbox 3275 3614 3716 3687; x_wconf 88' lang='lat' dir='ltr'><strong>Parisiensem‚</strong></span> <span class='ocrx_word' id='word_1_405' title='bbox 3749 3634 3996 3698; x_wconf 85' lang='lat' dir='ltr'><strong>ponere</strong></span> 
     </span>
     <span class='ocr_line' id='line_1_67' title="bbox 2490 3710 4002 3791; baseline 0.004 -19"><span class='ocrx_word' id='word_1_406' title='bbox 2490 3717 2726 3772; x_wconf 91' lang='lat' dir='ltr'><strong>statum</strong></span> <span class='ocrx_word' id='word_1_407' title='bbox 2766 3710 2829 3771; x_wconf 93' lang='lat' dir='ltr'><strong>in</strong></span> <span class='ocrx_word' id='word_1_408' title='bbox 2871 3710 3111 3791; x_wconf 86' lang='lat' dir='ltr'><strong>angelis</strong></span> <span class='ocrx_word' id='word_1_409' title='bbox 3152 3712 3229 3773; x_wconf 93' lang='lat' dir='ltr'><strong>de</strong></span> <span class='ocrx_word' id='word_1_410' title='bbox 3268 3711 3456 3785; x_wconf 90' lang='lat' dir='ltr'><strong>facto,</strong></span> <span class='ocrx_word' id='word_1_411' title='bbox 3490 3713 3610 3776; x_wconf 91' lang='lat' dir='ltr'><strong>hoc</strong></span> <span class='ocrx_word' id='word_1_412' title='bbox 3639 3723 3737 3777; x_wconf 90' lang='lat' dir='ltr'><strong>est</strong></span> <span class='ocrx_word' id='word_1_413' title='bbox 3767 3732 4002 3778; x_wconf 90' lang='lat' dir='ltr'><strong>secun-</strong></span> 
     </span>
     <span class='ocr_line' id='line_1_68' title="bbox 2488 3808 3998 3895; baseline 0.005 -26"><span class='ocrx_word' id='word_1_414' title='bbox 2488 3809 2642 3869; x_wconf 90' lang='lat' dir='ltr'><strong>dum</strong></span> <span class='ocrx_word' id='word_1_415' title='bbox 2670 3808 2953 3871; x_wconf 92' lang='lat' dir='ltr'><strong>ordinem</strong></span> <span class='ocrx_word' id='word_1_416' title='bbox 2987 3826 3200 3870; x_wconf 92' lang='lat' dir='ltr'><strong>rerum</strong></span> <span class='ocrx_word' id='word_1_417' title='bbox 3225 3808 3358 3889; x_wconf 89' lang='lat' dir='ltr'><strong>jam</strong></span> <span class='ocrx_word' id='word_1_418' title='bbox 3390 3810 3770 3885; x_wconf 88' lang='lat' dir='ltr'><strong>institutum,</strong></span> <span class='ocrx_word' id='word_1_419' title='bbox 3786 3832 3998 3895; x_wconf 87' lang='lat' dir='ltr'><strong>quum</strong></span> 
     </span>
     <span class='ocr_line' id='line_1_69' title="bbox 2491 3906 4000 3994; baseline 0.005 -28"><span class='ocrx_word' id='word_1_420' title='bbox 2491 3913 2734 3967; x_wconf 89' lang='lat' dir='ltr'><strong>certum</strong></span> <span class='ocrx_word' id='word_1_421' title='bbox 2793 3906 2876 3967; x_wconf 89' lang='lat' dir='ltr'><strong>sit</strong></span> <span class='ocrx_word' id='word_1_422' title='bbox 2937 3926 3136 3968; x_wconf 90' lang='lat' dir='ltr'><strong>unum</strong></span> <span class='ocrx_word' id='word_1_423' title='bbox 3185 3926 3324 3970; x_wconf 93' lang='lat' dir='ltr'><strong>esse</strong></span> <span class='ocrx_word' id='word_1_424' title='bbox 3380 3909 3714 3972; x_wconf 88' lang='lat' dir='ltr'><strong>actualiter</strong></span> <span class='ocrx_word' id='word_1_425' title='bbox 3767 3931 4000 3994; x_wconf 87' lang='lat' dir='ltr'><strong>supre-</strong></span> 
     </span>
     <span class='ocr_line' id='line_1_70' title="bbox 2494 4003 3998 4086; baseline 0.007 -23"><span class='ocrx_word' id='word_1_426' title='bbox 2494 4022 2669 4065; x_wconf 90' lang='lat' dir='ltr'><strong>mum</strong></span> <span class='ocrx_word' id='word_1_427' title='bbox 2705 4003 2767 4064; x_wconf 92' lang='lat' dir='ltr'><strong>in</strong></span> <span class='ocrx_word' id='word_1_428' title='bbox 2802 4003 3064 4083; x_wconf 80' lang='lat' dir='ltr'><strong>angeliS,</strong></span> <span class='ocrx_word' id='word_1_429' title='bbox 3101 4004 3166 4067; x_wconf 91' lang='lat' dir='ltr'><strong>in</strong></span> <span class='ocrx_word' id='word_1_430' title='bbox 3199 4005 3432 4086; x_wconf 92' lang='lat' dir='ltr'><strong>quibus</strong></span> <span class='ocrx_word' id='word_1_431' title='bbox 3465 4014 3560 4069; x_wconf 88' lang='lat' dir='ltr'><strong>est</strong></span> <span class='ocrx_word' id='word_1_432' title='bbox 3588 4008 3762 4081; x_wconf 92' lang='lat' dir='ltr'><strong>ordo,</strong></span> <span class='ocrx_word' id='word_1_433' title='bbox 3795 4008 3862 4071; x_wconf 91' lang='lat' dir='ltr'><strong>id</strong></span> <span class='ocrx_word' id='word_1_434' title='bbox 3892 4020 3998 4073; x_wconf 85' lang='lat' dir='ltr'><strong>est</strong></span> 
     </span>
     <span class='ocr_line' id='line_1_71' title="bbox 2490 4101 3990 4187; baseline 0.007 -26"><span class='ocrx_word' id='word_1_435' title='bbox 2490 4120 2816 4162; x_wconf 88' lang='lat' dir='ltr'><strong>summum</strong></span> <span class='ocrx_word' id='word_1_436' title='bbox 2857 4120 2929 4163; x_wconf 90' lang='lat' dir='ltr'><strong>ac</strong></span> <span class='ocrx_word' id='word_1_437' title='bbox 2963 4101 3262 4164; x_wconf 89' lang='lat' dir='ltr'><strong>infimum</strong></span> <span class='ocrx_word' id='word_1_438' title='bbox 3305 4104 3642 4187; x_wconf 87' lang='lat' dir='ltr'><strong>mediaque</strong></span> <span class='ocrx_word' id='word_1_439' title='bbox 3679 4123 3990 4171; x_wconf 86' lang='lat' dir='ltr'><strong>connexa.</strong></span> 
     </span>
    </p>
   </div>
   <div class='ocr_carea' id='block_1_12' title="bbox 882 4200 3994 4288">
    <p class='ocr_par' dir='ltr' id='par_1_15' title="bbox 882 4200 3994 4288">
     <span class='ocr_line' id='line_1_72' title="bbox 882 4200 3994 4288; baseline 0 -20"><span class='ocrx_word' id='word_1_440' title='bbox 882 4222 1145 4286; x_wconf 89' lang='lat' dir='ltr'><strong>corpora</strong></span> <span class='ocrx_word' id='word_1_441' title='bbox 1193 4210 1363 4276; x_wconf 90' lang='lat' dir='ltr'><strong>sunt,</strong></span> <span class='ocrx_word' id='word_1_442' title='bbox 1406 4210 1469 4265; x_wconf 91' lang='lat' dir='ltr'><strong>et</strong></span> <span class='ocrx_word' id='word_1_443' title='bbox 1513 4202 1577 4263; x_wconf 92' lang='lat' dir='ltr'><strong>in</strong></span> <span class='ocrx_word' id='word_1_444' title='bbox 1628 4202 1840 4283; x_wconf 87' lang='lat' dir='ltr'><strong>primo</strong></span> <span class='ocrx_word' id='word_1_445' title='bbox 1885 4201 2280 4282; x_wconf 90' lang='lat' dir='ltr'><strong>angelorum,</strong></span> <span class='ocrx_word' id='word_1_446' title='bbox 2325 4201 2378 4263; x_wconf 90' lang='lat' dir='ltr'><strong>si</strong></span> <span class='ocrx_word' id='word_1_447' title='bbox 2411 4205 2460 4266; x_wconf 92' lang='lat' dir='ltr'>D</span> <span class='ocrx_word' id='word_1_448' title='bbox 2489 4200 2626 4262; x_wconf 92' lang='lat' dir='ltr'><strong>Non</strong></span> <span class='ocrx_word' id='word_1_449' title='bbox 2668 4209 2876 4262; x_wconf 90' lang='lat' dir='ltr'><strong>tamen</strong></span> <span class='ocrx_word' id='word_1_450' title='bbox 2925 4200 3011 4261; x_wconf 88' lang='lat' dir='ltr'><strong>ita</strong></span> <span class='ocrx_word' id='word_1_451' title='bbox 3049 4208 3144 4262; x_wconf 90' lang='lat' dir='ltr'><strong>est</strong></span> <span class='ocrx_word' id='word_1_452' title='bbox 3184 4208 3382 4263; x_wconf 82' lang='lat' dir='ltr'><strong>stat-us</strong></span> <span class='ocrx_word' id='word_1_453' title='bbox 3423 4202 3486 4264; x_wconf 89' lang='lat' dir='ltr'><strong>in</strong></span> <span class='ocrx_word' id='word_1_454' title='bbox 3530 4205 3792 4285; x_wconf 79' lang='lat' dir='ltr'><strong>angeliS,</strong></span> <span class='ocrx_word' id='word_1_455' title='bbox 3826 4208 3994 4288; x_wconf 90' lang='lat' dir='ltr'><strong>quin</strong></span> 
     </span>
    </p>
   </div>
   <div class='ocr_carea' id='block_1_13' title="bbox 882 4300 2385 5352">
    <p class='ocr_par' dir='ltr' id='par_1_16' title="bbox 882 4300 2385 5352">
     <span class='ocr_line' id='line_1_73' title="bbox 882 4300 2382 4381; baseline -0.003 -16"><span class='ocrx_word' id='word_1_456' title='bbox 882 4303 966 4365; x_wconf 86' lang='lat' dir='ltr'><strong>sit</strong></span> <span class='ocrx_word' id='word_1_457' title='bbox 1016 4302 1241 4363; x_wconf 91' lang='lat' dir='ltr'><strong>unicus</strong></span> <span class='ocrx_word' id='word_1_458' title='bbox 1300 4301 1421 4362; x_wconf 90' lang='lat' dir='ltr'><strong>sub</strong></span> <span class='ocrx_word' id='word_1_459' title='bbox 1469 4300 1680 4381; x_wconf 91' lang='lat' dir='ltr'><strong>specie</strong></span> <span class='ocrx_word' id='word_1_460' title='bbox 1740 4320 1873 4374; x_wconf 92' lang='lat' dir='ltr'><strong>sua,</strong></span> <span class='ocrx_word' id='word_1_461' title='bbox 1928 4300 1981 4361; x_wconf 92' lang='lat' dir='ltr'><strong>si</strong></span> <span class='ocrx_word' id='word_1_462' title='bbox 2032 4307 2247 4362; x_wconf 90' lang='lat' dir='ltr'><strong>tamen</strong></span> <span class='ocrx_word' id='word_1_463' title='bbox 2299 4301 2382 4361; x_wconf 89' lang='lat' dir='ltr'><strong>sit</strong></span> 
     </span>
     <span class='ocr_line' id='line_1_74' title="bbox 886 4398 2376 4481; baseline -0.002 -19"><span class='ocrx_word' id='word_1_464' title='bbox 886 4417 1121 4481; x_wconf 91' lang='lat' dir='ltr'><strong>ponere</strong></span> <span class='ocrx_word' id='word_1_465' title='bbox 1171 4398 1451 4480; x_wconf 91' lang='lat' dir='ltr'><strong>primum</strong></span> <span class='ocrx_word' id='word_1_466' title='bbox 1498 4398 1778 4480; x_wconf 90' lang='lat' dir='ltr'><strong>aliquem</strong></span> <span class='ocrx_word' id='word_1_467' title='bbox 1828 4404 1890 4458; x_wconf 93' lang='lat' dir='ltr'><strong>et</strong></span> <span class='ocrx_word' id='word_1_468' title='bbox 1940 4416 2313 4478; x_wconf 90' lang='lat' dir='ltr'><strong>supremum</strong></span> <span class='ocrx_word' id='word_1_469' title='bbox 2362 4416 2376 4459; x_wconf 91' lang='lat'><strong>:</strong></span> 
     </span>
     <span class='ocr_line' id='line_1_75' title="bbox 886 4495 2381 4581; baseline -0.001 -23"><span class='ocrx_word' id='word_1_470' title='bbox 886 4496 1055 4581; x_wconf 92' lang='lat' dir='ltr'><strong>quod</strong></span> <span class='ocrx_word' id='word_1_471' title='bbox 1096 4497 1261 4570; x_wconf 81' lang='lat' dir='ltr'><strong>dien,</strong></span> <span class='ocrx_word' id='word_1_472' title='bbox 1294 4495 1405 4557; x_wconf 91' lang='lat' dir='ltr'><strong>sed</strong></span> <span class='ocrx_word' id='word_1_473' title='bbox 1450 4513 1577 4557; x_wconf 92' lang='lat' dir='ltr'><strong>non</strong></span> <span class='ocrx_word' id='word_1_474' title='bbox 1618 4512 1849 4557; x_wconf 89' lang='lat' dir='ltr'><strong>assero.</strong></span> <span class='ocrx_word' id='word_1_475' title='bbox 1887 4495 1949 4557; x_wconf 91' lang='lat' dir='ltr'><strong>Si</strong></span> <span class='ocrx_word' id='word_1_476' title='bbox 1994 4496 2168 4557; x_wconf 92' lang='lat' dir='ltr'><strong>enim</strong></span> <span class='ocrx_word' id='word_1_477' title='bbox 2216 4505 2381 4557; x_wconf 89' lang='lat' dir='ltr'><strong>esset</strong></span> 
     </span>
     <span class='ocr_line' id='line_1_76' title="bbox 884 4593 2380 4677; baseline -0.002 -19"><span class='ocrx_word' id='word_1_478' title='bbox 884 4596 1098 4677; x_wconf 88' lang='lat' dir='ltr'><strong>aliqua</strong></span> <span class='ocrx_word' id='word_1_479' title='bbox 1144 4593 1499 4656; x_wconf 86' lang='lat' dir='ltr'><strong>substantia</strong></span> <span class='ocrx_word' id='word_1_480' title='bbox 1540 4601 1828 4673; x_wconf 90' lang='lat' dir='ltr'><strong>separata</strong></span> <span class='ocrx_word' id='word_1_481' title='bbox 1874 4612 2016 4675; x_wconf 78' lang='lat' dir='ltr'><strong>quae</strong></span> <span class='ocrx_word' id='word_1_482' title='bbox 2065 4601 2231 4655; x_wconf 91' lang='lat' dir='ltr'><strong>esset</strong></span> <span class='ocrx_word' id='word_1_483' title='bbox 2268 4594 2380 4655; x_wconf 91' lang='lat' dir='ltr'><strong>ali-</strong></span> 
     </span>
     <span class='ocr_line' id='line_1_77' title="bbox 883 4690 2380 4772; baseline -0.002 -16"><span class='ocrx_word' id='word_1_484' title='bbox 883 4712 1066 4756; x_wconf 92' lang='lat' dir='ltr'><strong>arum</strong></span> <span class='ocrx_word' id='word_1_485' title='bbox 1118 4710 1436 4765; x_wconf 88' lang='lat' dir='ltr'><strong>mensura,</strong></span> <span class='ocrx_word' id='word_1_486' title='bbox 1478 4692 1543 4753; x_wconf 92' lang='lat' dir='ltr'><strong>in</strong></span> <span class='ocrx_word' id='word_1_487' title='bbox 1596 4690 1731 4772; x_wconf 90' lang='lat' dir='ltr'><strong>ipsa</strong></span> <span class='ocrx_word' id='word_1_488' title='bbox 1779 4699 1946 4752; x_wconf 88' lang='lat' dir='ltr'><strong>esset</strong></span> <span class='ocrx_word' id='word_1_489' title='bbox 1997 4698 2216 4752; x_wconf 84' lang='lat' dir='ltr'><strong>statuS.</strong></span> <span class='ocrx_word' id='word_1_490' title='bbox 2261 4691 2380 4753; x_wconf 91' lang='lat' dir='ltr'><strong>Sed</strong></span> 
     </span>
     <span class='ocr_line' id='line_1_78' title="bbox 884 4788 2381 4871; baseline -0.003 -17"><span class='ocrx_word' id='word_1_491' title='bbox 884 4792 1235 4854; x_wconf 89' lang='lat' dir='ltr'><strong>secundum</strong></span> <span class='ocrx_word' id='word_1_492' title='bbox 1268 4790 1609 4871; x_wconf 92' lang='lat' dir='ltr'><strong>quemdam</strong></span> <span class='ocrx_word' id='word_1_493' title='bbox 1638 4788 1977 4850; x_wconf 92' lang='lat' dir='ltr'><strong>articulum</strong></span> <span class='ocrx_word' id='word_1_494' title='bbox 2010 4790 2381 4850; x_wconf 89' lang='lat' dir='ltr'><strong>damnatum</strong></span> 
     </span>
     <span class='ocr_line' id='line_1_79' title="bbox 883 4886 2382 4961; baseline -0.003 -9"><span class='ocrx_word' id='word_1_495' title='bbox 883 4889 1157 4961; x_wconf 82' lang='lat' dir='ltr'><strong>ParisiiS,</strong></span> <span class='ocrx_word' id='word_1_496' title='bbox 1210 4887 1388 4949; x_wconf 89' lang='lat' dir='ltr'><strong>nulla</strong></span> <span class='ocrx_word' id='word_1_497' title='bbox 1435 4895 1722 4948; x_wconf 85' lang='lat' dir='ltr'><strong>creatura</strong></span> <span class='ocrx_word' id='word_1_498' title='bbox 1780 4886 1972 4948; x_wconf 91' lang='lat' dir='ltr'><strong>habet</strong></span> <span class='ocrx_word' id='word_1_499' title='bbox 2019 4894 2256 4948; x_wconf 90' lang='lat' dir='ltr'><strong>statum</strong></span> <span class='ocrx_word' id='word_1_500' title='bbox 2316 4887 2382 4948; x_wconf 92' lang='lat' dir='ltr'><strong>in</strong></span> 
     </span>
     <span class='ocr_line' id='line_1_80' title="bbox 884 4984 2383 5069; baseline -0.003 -19"><span class='ocrx_word' id='word_1_501' title='bbox 884 5004 1206 5069; x_wconf 91' lang='lat' dir='ltr'><strong>supremo,</strong></span> <span class='ocrx_word' id='word_1_502' title='bbox 1242 4984 1393 5067; x_wconf 92' lang='lat' dir='ltr'><strong>quia</strong></span> <span class='ocrx_word' id='word_1_503' title='bbox 1431 4984 1721 5065; x_wconf 89' lang='lat' dir='ltr'><strong>superior</strong></span> <span class='ocrx_word' id='word_1_504' title='bbox 1759 5003 1835 5046; x_wconf 93' lang='lat' dir='ltr'><strong>ea</strong></span> <span class='ocrx_word' id='word_1_505' title='bbox 1874 4991 2080 5065; x_wconf 89' lang='lat' dir='ltr'><strong>potest</strong></span> <span class='ocrx_word' id='word_1_506' title='bbox 2112 5004 2274 5058; x_wconf 87' lang='lat' dir='ltr'><strong>esse,</strong></span> <span class='ocrx_word' id='word_1_507' title='bbox 2309 5002 2383 5046; x_wconf 94' lang='lat' dir='ltr'><strong>eo</strong></span> 
     </span>
     <span class='ocr_line' id='line_1_81' title="bbox 886 5081 2385 5170; baseline -0.004 -21"><span class='ocrx_word' id='word_1_508' title='bbox 886 5086 1055 5170; x_wconf 91' lang='lat' dir='ltr'><strong>quod</strong></span> <span class='ocrx_word' id='word_1_509' title='bbox 1102 5101 1357 5165; x_wconf 88' lang='lat' dir='ltr'><strong>semper</strong></span> <span class='ocrx_word' id='word_1_510' title='bbox 1407 5082 1471 5143; x_wconf 92' lang='lat' dir='ltr'><strong>in</strong></span> <span class='ocrx_word' id='word_1_511' title='bbox 1530 5081 1861 5143; x_wconf 83' lang='lat' dir='ltr'><strong>infinitum</strong></span> <span class='ocrx_word' id='word_1_512' title='bbox 1914 5082 2104 5144; x_wconf 90' lang='lat' dir='ltr'><strong>distet</strong></span> <span class='ocrx_word' id='word_1_513' title='bbox 2151 5101 2190 5143; x_wconf 89' lang='lat' dir='ltr'><strong>a</strong></span> <span class='ocrx_word' id='word_1_514' title='bbox 2239 5082 2385 5143; x_wconf 92' lang='lat' dir='ltr'><strong>sub-</strong></span> 
     </span>
     <span class='ocr_line' id='line_1_82' title="bbox 884 5180 2379 5255; baseline -0.004 -7"><span class='ocrx_word' id='word_1_515' title='bbox 884 5184 1115 5249; x_wconf 87' lang='lat' dir='ltr'><strong>stantia</strong></span> <span class='ocrx_word' id='word_1_516' title='bbox 1152 5182 1448 5244; x_wconf 87' lang='lat' dir='ltr'><strong>increata.</strong></span> <span class='ocrx_word' id='word_1_517' title='bbox 1484 5182 1553 5242; x_wconf 92' lang='lat' dir='ltr'><strong>In</strong></span> <span class='ocrx_word' id='word_1_518' title='bbox 1594 5180 1821 5242; x_wconf 89' lang='lat' dir='ltr'><strong>infima</strong></span> <span class='ocrx_word' id='word_1_519' title='bbox 1850 5198 1999 5242; x_wconf 91' lang='lat' dir='ltr'><strong>vero</strong></span> <span class='ocrx_word' id='word_1_520' title='bbox 2032 5188 2127 5242; x_wconf 91' lang='lat' dir='ltr'><strong>est</strong></span> <span class='ocrx_word' id='word_1_521' title='bbox 2156 5187 2379 5255; x_wconf 83' lang='lat' dir='ltr'><strong>statuS,</strong></span> 
     </span>
     <span class='ocr_line' id='line_1_83' title="bbox 884 5277 2380 5352; baseline -0.006 -4"><span class='ocrx_word' id='word_1_522' title='bbox 884 5282 1181 5348; x_wconf 85' lang='lat' dir='ltr'><strong>videlicet</strong></span> <span class='ocrx_word' id='word_1_523' title='bbox 1220 5280 1285 5342; x_wconf 91' lang='lat' dir='ltr'><strong>in</strong></span> <span class='ocrx_word' id='word_1_524' title='bbox 1328 5278 1542 5341; x_wconf 90' lang='lat' dir='ltr'><strong>anima</strong></span> <span class='ocrx_word' id='word_1_525' title='bbox 1590 5278 1899 5341; x_wconf 90' lang='lat' dir='ltr'><strong>rationali.</strong></span> <span class='ocrx_word' id='word_1_526' title='bbox 1941 5278 2117 5352; x_wconf 86' lang='lat' dir='ltr'><strong>Quod</strong></span> <span class='ocrx_word' id='word_1_527' title='bbox 2166 5279 2220 5339; x_wconf 91' lang='lat' dir='ltr'><strong>si</strong></span> <span class='ocrx_word' id='word_1_528' title='bbox 2268 5277 2380 5340; x_wconf 88' lang='lat' dir='ltr'><strong>ali-</strong></span> 
     </span>
    </p>
   </div>
   <div class='ocr_carea' id='block_1_14' title="bbox 2489 4298 3998 5365">
    <p class='ocr_par' dir='ltr' id='par_1_17' title="bbox 2489 4298 3998 5365">
     <span class='ocr_line' id='line_1_84' title="bbox 2489 4298 3997 4384; baseline 0.007 -26"><span class='ocrx_word' id='word_1_529' title='bbox 2489 4317 2891 4381; x_wconf 88' lang='lat' dir='ltr'><strong>quacumque</strong></span> <span class='ocrx_word' id='word_1_530' title='bbox 2923 4298 3136 4380; x_wconf 88' lang='lat' dir='ltr'><strong>specie</strong></span> <span class='ocrx_word' id='word_1_531' title='bbox 3169 4300 3484 4380; x_wconf 87' lang='lat' dir='ltr'><strong>assignata</strong></span> <span class='ocrx_word' id='word_1_532' title='bbox 3513 4302 3678 4363; x_wconf 88' lang='lat' dir='ltr'><strong>Deus</strong></span> <span class='ocrx_word' id='word_1_533' title='bbox 3716 4323 3830 4384; x_wconf 88' lang='lat' dir='ltr'><strong>per</strong></span> <span class='ocrx_word' id='word_1_534' title='bbox 3857 4324 3997 4367; x_wconf 87' lang='lat' dir='ltr'><strong>om-</strong></span> 
     </span>
     <span class='ocr_line' id='line_1_85' title="bbox 2491 4396 3994 4480; baseline 0.005 -22"><span class='ocrx_word' id='word_1_535' title='bbox 2491 4396 2909 4477; x_wconf 84' lang='lat' dir='ltr'><strong>nipotentiam</strong></span> <span class='ocrx_word' id='word_1_536' title='bbox 2958 4414 3137 4457; x_wconf 88' lang='lat' dir='ltr'><strong>suam</strong></span> <span class='ocrx_word' id='word_1_537' title='bbox 3187 4414 3400 4459; x_wconf 85' lang='lat' dir='ltr'><strong>creare</strong></span> <span class='ocrx_word' id='word_1_538' title='bbox 3445 4409 3657 4480; x_wconf 90' lang='lat' dir='ltr'><strong>posset</strong></span> <span class='ocrx_word' id='word_1_539' title='bbox 3699 4403 3994 4465; x_wconf 88' lang='lat' dir='ltr'><strong>eminen-</strong></span> 
     </span>
     <span class='ocr_line' id='line_1_86' title="bbox 2490 4494 3994 4576; baseline 0.006 -22"><span class='ocrx_word' id='word_1_540' title='bbox 2490 4494 2735 4556; x_wconf 91' lang='lat' dir='ltr'><strong>tiorem.</strong></span> <span class='ocrx_word' id='word_1_541' title='bbox 2789 4494 3074 4576; x_wconf 88' lang='lat' dir='ltr'><strong>Denique</strong></span> <span class='ocrx_word' id='word_1_542' title='bbox 3127 4495 3378 4558; x_wconf 88' lang='lat' dir='ltr'><strong>tandem</strong></span> <span class='ocrx_word' id='word_1_543' title='bbox 3427 4498 3718 4561; x_wconf 89' lang='lat' dir='ltr'><strong>concedit</strong></span> <span class='ocrx_word' id='word_1_544' title='bbox 3764 4501 3994 4563; x_wconf 84' lang='lat' dir='ltr'><strong>Henri-</strong></span> 
     </span>
     <span class='ocr_line' id='line_1_87' title="bbox 2491 4591 3996 4675; baseline 0.005 -21"><span class='ocrx_word' id='word_1_545' title='bbox 2491 4611 2626 4663; x_wconf 83' lang='lat' dir='ltr'><strong>cuS‚</strong></span> <span class='ocrx_word' id='word_1_546' title='bbox 2685 4591 2855 4673; x_wconf 90' lang='lat' dir='ltr'><strong>quod</strong></span> <span class='ocrx_word' id='word_1_547' title='bbox 2914 4612 3202 4654; x_wconf 91' lang='lat' dir='ltr'><strong>summus</strong></span> <span class='ocrx_word' id='word_1_548' title='bbox 3259 4595 3627 4675; x_wconf 87' lang='lat' dir='ltr'><strong>angelorum</strong></span> <span class='ocrx_word' id='word_1_549' title='bbox 3688 4618 3996 4663; x_wconf 88' lang='lat' dir='ltr'><strong>mensura</strong></span> 
     </span>
     <span class='ocr_line' id='line_1_88' title="bbox 2490 4689 3997 4762; baseline 0.007 -12"><span class='ocrx_word' id='word_1_550' title='bbox 2490 4698 2586 4751; x_wconf 89' lang='lat' dir='ltr'><strong>est</strong></span> <span class='ocrx_word' id='word_1_551' title='bbox 2635 4689 3028 4762; x_wconf 83' lang='lat' dir='ltr'><strong>inferiorum,</strong></span> <span class='ocrx_word' id='word_1_552' title='bbox 3073 4698 3137 4752; x_wconf 93' lang='lat' dir='ltr'><strong>et</strong></span> <span class='ocrx_word' id='word_1_553' title='bbox 3184 4710 3507 4754; x_wconf 90' lang='lat' dir='ltr'><strong>summum</strong></span> <span class='ocrx_word' id='word_1_554' title='bbox 3557 4714 3765 4757; x_wconf 83' lang='lat' dir='ltr'><strong>aevum</strong></span> <span class='ocrx_word' id='word_1_555' title='bbox 3815 4716 3997 4759; x_wconf 88' lang='lat' dir='ltr'><strong>men-</strong></span> 
     </span>
     <span class='ocr_line' id='line_1_89' title="bbox 2491 4787 3993 4859; baseline 0.007 -11"><span class='ocrx_word' id='word_1_556' title='bbox 2491 4806 2638 4849; x_wconf 90' lang='lat' dir='ltr'><strong>sura</strong></span> <span class='ocrx_word' id='word_1_557' title='bbox 2683 4795 2778 4848; x_wconf 91' lang='lat' dir='ltr'><strong>est</strong></span> <span class='ocrx_word' id='word_1_558' title='bbox 2829 4787 3204 4850; x_wconf 90' lang='lat' dir='ltr'><strong>inferiorum</strong></span> <span class='ocrx_word' id='word_1_559' title='bbox 3263 4808 3542 4853; x_wconf 85' lang='lat' dir='ltr'><strong>aevorum</strong></span> <span class='ocrx_word' id='word_1_560' title='bbox 3595 4812 3608 4856; x_wconf 92' lang='lat'>:</span> <span class='ocrx_word' id='word_1_561' title='bbox 3661 4801 3725 4855; x_wconf 88' lang='lat' dir='ltr'><strong>et</strong></span> <span class='ocrx_word' id='word_1_562' title='bbox 3773 4803 3993 4859; x_wconf 88' lang='lat' dir='ltr'><strong>tamen</strong></span> 
     </span>
     <span class='ocr_line' id='line_1_90' title="bbox 2492 4886 3992 4968; baseline 0.007 -20"><span class='ocrx_word' id='word_1_563' title='bbox 2492 4905 2610 4948; x_wconf 91' lang='lat' dir='ltr'><strong>nec</strong></span> <span class='ocrx_word' id='word_1_564' title='bbox 2643 4904 2934 4948; x_wconf 90' lang='lat' dir='ltr'><strong>summus</strong></span> <span class='ocrx_word' id='word_1_565' title='bbox 2973 4886 3234 4968; x_wconf 86' lang='lat' dir='ltr'><strong>angelus</strong></span> <span class='ocrx_word' id='word_1_566' title='bbox 3267 4906 3455 4951; x_wconf 91' lang='lat' dir='ltr'><strong>causa</strong></span> <span class='ocrx_word' id='word_1_567' title='bbox 3483 4899 3578 4953; x_wconf 89' lang='lat' dir='ltr'><strong>est</strong></span> <span class='ocrx_word' id='word_1_568' title='bbox 3609 4892 3992 4959; x_wconf 87' lang='lat' dir='ltr'><strong>inferiorum</strong></span> 
     </span>
     <span class='ocr_line' id='line_1_91' title="bbox 2491 4984 3994 5064; baseline 0.007 -19"><span class='ocrx_word' id='word_1_569' title='bbox 2491 4984 2883 5064; x_wconf 89' lang='lat' dir='ltr'><strong>angelorum,</strong></span> <span class='ocrx_word' id='word_1_570' title='bbox 2921 5003 3036 5046; x_wconf 88' lang='lat' dir='ltr'><strong>nec</strong></span> <span class='ocrx_word' id='word_1_571' title='bbox 3069 5004 3397 5048; x_wconf 90' lang='lat' dir='ltr'><strong>summum</strong></span> <span class='ocrx_word' id='word_1_572' title='bbox 3432 5006 3640 5051; x_wconf 79' lang='lat' dir='ltr'><strong>aevum</strong></span> <span class='ocrx_word' id='word_1_573' title='bbox 3671 5010 3863 5055; x_wconf 90' lang='lat' dir='ltr'><strong>causa</strong></span> <span class='ocrx_word' id='word_1_574' title='bbox 3893 5004 3994 5057; x_wconf 87' lang='lat' dir='ltr'><strong>est</strong></span> 
     </span>
     <span class='ocr_line' id='line_1_92' title="bbox 2493 5080 3998 5167; baseline 0.007 -25"><span class='ocrx_word' id='word_1_575' title='bbox 2493 5080 2868 5144; x_wconf 84' lang='lat' dir='ltr'><strong>inferiorum</strong></span> <span class='ocrx_word' id='word_1_576' title='bbox 2893 5100 3182 5145; x_wconf 71' lang='lat' dir='ltr'><strong>aevorum.</strong></span> <span class='ocrx_word' id='word_1_577' title='bbox 3201 5084 3265 5146; x_wconf 93' lang='lat' dir='ltr'><strong>Si</strong></span> <span class='ocrx_word' id='word_1_578' title='bbox 3292 5103 3443 5147; x_wconf 91' lang='lat' dir='ltr'><strong>vero</strong></span> <span class='ocrx_word' id='word_1_579' title='bbox 3467 5104 3582 5167; x_wconf 93' lang='lat' dir='ltr'><strong>pro</strong></span> <span class='ocrx_word' id='word_1_580' title='bbox 3609 5091 3998 5153; x_wconf 87' lang='lat' dir='ltr'><strong>concordan-</strong></span> 
     </span>
     <span class='ocr_line' id='line_1_93' title="bbox 2490 5180 3992 5263; baseline 0.01 -23"><span class='ocrx_word' id='word_1_581' title='bbox 2490 5180 2580 5241; x_wconf 89' lang='lat' dir='ltr'><strong>tia</strong></span> <span class='ocrx_word' id='word_1_582' title='bbox 2623 5180 2850 5243; x_wconf 89' lang='lat' dir='ltr'><strong>horum</strong></span> <span class='ocrx_word' id='word_1_583' title='bbox 2891 5182 3158 5254; x_wconf 90' lang='lat' dir='ltr'><strong>dicatur,</strong></span> <span class='ocrx_word' id='word_1_584' title='bbox 3191 5184 3363 5263; x_wconf 90' lang='lat' dir='ltr'><strong>quod</strong></span> <span class='ocrx_word' id='word_1_585' title='bbox 3407 5204 3732 5249; x_wconf 90' lang='lat' dir='ltr'><strong>summum</strong></span> <span class='ocrx_word' id='word_1_586' title='bbox 3775 5208 3992 5254; x_wconf 79' lang='lat' dir='ltr'><strong>aevum</strong></span> 
     </span>
     <span class='ocr_line' id='line_1_94' title="bbox 2494 5280 3985 5365; baseline 0.007 -25"><span class='ocrx_word' id='word_1_587' title='bbox 2494 5296 2621 5341; x_wconf 91' lang='lat' dir='ltr'><strong>non</strong></span> <span class='ocrx_word' id='word_1_588' title='bbox 2652 5286 2748 5340; x_wconf 88' lang='lat' dir='ltr'><strong>est</strong></span> <span class='ocrx_word' id='word_1_589' title='bbox 2773 5297 3070 5341; x_wconf 91' lang='lat' dir='ltr'><strong>mensura</strong></span> <span class='ocrx_word' id='word_1_590' title='bbox 3101 5280 3476 5345; x_wconf 88' lang='lat' dir='ltr'><strong>inferiorum</strong></span> <span class='ocrx_word' id='word_1_591' title='bbox 3507 5284 3985 5365; x_wconf 82' lang='lat' dir='ltr'><strong>aeviternorum,</strong></span> 
     </span>
    </p>
   </div>
   <div class='ocr_carea' id='block_1_15' title="bbox 4021 3048 4252 3156">
    <p class='ocr_par' dir='ltr' id='par_1_18' title="bbox 4021 3048 4252 3156">
     <span class='ocr_line' id='line_1_95' title="bbox 4061 3048 4252 3104; baseline -0.005 -12"><span class='ocrx_word' id='word_1_592' title='bbox 4061 3064 4108 3104; x_wconf 85' lang='lat' dir='ltr'><strong>p.</strong></span> <span class='ocrx_word' id='word_1_593' title='bbox 4141 3048 4252 3092; x_wconf 65' lang='lat'>¹351]</span> 
     </span>
     <span class='ocr_line' id='line_1_96' title="bbox 4021 3118 4135 3156; baseline 0 -1"><span class='ocrx_word' id='word_1_594' title='bbox 4021 3118 4070 3156; x_wconf 78' lang='lat' dir='ltr'><strong>et</strong></span> <span class='ocrx_word' id='word_1_595' title='bbox 4097 3126 4135 3155; x_wconf 75' lang='lat' dir='ltr'><strong>s.</strong></span> 
     </span>
    </p>
   </div>
  </div>
 </body>
</html>
