4334 6242
784 491 904 558 230

1442 508 1507 556 IN
1548 509 1769 556 LIBRUM
1810 509 1854 555 11
1896 508 2379 554 SENTENTIARUM.
2425 527 2506 536 ·—
2547 509 2699 554 DIST.
2747 507 2854 570 1113
2897 508 3120 564 QUAEST.
3168 507 3238 552 111

786 699 935 742 sura
964 681 1367 743 constituisti.
1388 682 1619 743 Verum
1653 680 1803 762 quia
1833 699 1909 742 ex
1941 681 2139 761 tropis
2168 699 2284 742 seu
2313 677 2365 742 A
2397 679 2666 741 ctrinam
2711 679 3236 752 Christianorum,
3277 677 3506 741 animae
3553 676 3904 740 hominum

784 778 1013 860 figuris
1073 780 1488 852 locutionum,
1540 787 1603 841 et
1658 780 1832 842 varia
1888 779 2284 861 expositione

786 879 1256 952 auctoritatum,
1308 895 1435 940 non
1491 885 1698 960 potest
1745 897 2050 941 numerus
2100 897 2286 959 ange-

788 976 997 1039 lorum
1040 977 1119 1039 ad
1166 977 1479 1059 liquidum
1524 977 1935 1058 deprehendi,
1978 977 2055 1037 ad
2101 977 2286 1038 ratio-

788 1093 903 1136 nes
952 1093 1024 1135 ac
1074 1074 1479 1155 probationes
1530 1082 1626 1136 est
1676 1075 2152 1137 recurrendum.
2205 1111 2286 1120 -—

787 1173 942 1236 Dico
971 1191 1120 1254 ergo
1152 1174 1216 1235 in
1258 1173 1505 1255 111-111113,
1540 1174 1689 1254 quia
1719 1175 1773 1235 si
1813 1175 1877 1235 111
1918 1173 2158 1255 angelis
2189 1181 2286 1235 est

788 1271 1103 1334 restrictio
1132 1280 1240 1334 aut
1270 1272 1715 1335 determinatio
1745 1272 2017 1345 numeri,
2052 1272 2159 1333 illa
2189 1279 2285 1334 est

788 1377 897 1433 aut
934 1389 1013 1431 ex
1052 1378 1229 1451 parte
1270 1370 1602 1445 Creatoris,
1636 1379 1743 1432 aut
1784 1390 1861 1432 ex
1902 1379 2079 1452 parte
2124 1371 2285 1452 ipsa-

788 1488 933 1531 rum
990 1467 1511 1542 substantiarum,
1574 1477 1682 1531 aut
1740 1469 2092 1549 utriusque.
2146 1468 2281 1531 Non

787 1585 865 1628 ex
923 1574 1100 1647 parte
1150 1567 1480 1640 CreatoriS,
1532 1586 1731 1648 quum
1790 1567 1873 1628 sit
1930 1567 2280 1648 potestatiS‚

787 1663 1089 1726 bonitatis
1120 1673 1182 1726 et
1214 1665 1674 1728 munificentiae
1705 1665 1958 1746 penitus
1991 1665 2279 1726 infinitae.

786 1762 917 1825 Nec
947 1781 1022 1824 ex
1057 1770 1232 1844 parte
1263 1765 1655 1844 angelorum,
1681 1783 1881 1846 quum
1914 1763 2089 1825 nulla
2119 1763 2286 1825 inter

2394 778 2742 840 electorum
2790 778 3112 858 aequandae
3160 783 3309 839 sunt
3355 775 3596 855 angelis
3656 773 3908 837 sanctis

2396 875 2463 936 in
2513 874 2816 937 felicitate
2865 884 2926 936 et
2973 875 3195 955 gloria,
3247 875 3442 936 etiam
3493 873 3908 954 coaequandae

2395 973 2522 1035 sint
2551 973 2643 1036 eis
2675 973 2740 1035 in
2773 991 3057 1036 numer0.
3083 973 3257 1047 Quod
3289 979 3350 1034 et
3380 972 3570 1034 decor
3599 989 3906 1053 supernae

2391 1071 2738 1133 Jerusalem
2786 1090 2862 1133 ex
2921 1071 3162 1152 61136113
3211 1078 3275 1132 61
3321 1069 3692 1132 hominibus
3749 1087 3912 1132 con-

2395 1171 2732 1244 struendae,
2766 1170 3021 1232 videtur
3052 1170 3397 1252 requirere.
3431 1170 3624 1231 Decet
3655 1167 3906 1230 etenim

2395 1285 2650 1331 omnem
2698 1270 2959 1330 domum
3005 1268 3331 1350 aequalitas
3380 1267 3718 1349 parietum,
3758 1284 3910 1329 om-

2396 1386 2674 1448 nemque
2718 1357 3046 1429 civitatem'
3087 1366 3416 1448 aequalitas
3463 1364 3750 1427 laterum.
3789 1365 3914 1427 Pa-

2396 1465 2584 1527 rietes
2632 1482 2783 1527 vero
2830 1472 2893 1526 et
2942 1465 3136 1527 latera
3183 1466 3409 1527 domus
3457 1484 3568 1526 seu
3619 1463 3912 1526 civitatis

2395 1583 2707 1645 supernae,
2741 1571 2928 1626 erunt
2959 1563 3340 1626 universitas
3379 1563 3748 1644 angelornm
3789 1562 3914 1624 ho-

2395 1679 2624 1723 norum
2691 1669 2755 1723 et
2816 1662 3198 1724 universitas
3266 1661 3600 1724 hominum
3667 1662 3912 1724 electo-

2399 1779 2538 1820 rum
2567 1777 2580 1822 :
2615 1779 2887 1842 quorum
2924 1779 3226 1822 numerus
3256 1760 3598 1823 admodum
3630 1778 3910 1841 magnus

789 1878 897 1923 cos
938 1860 1132 1922 fuerit
1162 1863 1569 1923 contrarietas
1598 1881 1725 1944 qua
1758 1882 1825 1924 se
1861 1861 2139 1925 invicem
2172 1861 2286 1922 im·
2321 1858 2369 1920 B
2399 1859 2539 1933 erit,
2582 1867 2645 1921 et
2687 1858 2871 1921 nobis
2914 1859 3122 1921 adhuc
3165 1859 3444 1920 incertus
3488 1867 3602 1920 est.

789 1959 1097 2040 pedirent.
1131 1959 1269 2020 Non
1310 1960 1482 2022 enim
1525 1967 1862 2040 angustant
1902 1979 1967 2022 se
2009 1959 2284 2021 invicem

790 2057 859 2119 in
891 2056 1067 2132 lociS,
1094 2076 1211 2119 nec
1242 2057 1519 2120 invicem
1552 2057 2049 2120 contrariantur:
2075 2076 2293 2138 quem-

788 2157 1132 2218 admodum
1165 2155 1383 2218 bestiae
1414 2156 1760 2232 serae,sicut
1789 2156 2110 2229 1601163,6(1
2143 2175 2292 2237 pau-

791 2253 1047 2316 citatem
1076 2254 1235 2334 (Deo
1278 2255 1680 2335 providente)
1710 2255 1977 2316 redactae
2016 2261 2186 2326 sunt,
2209 2273 2291 2315 ne

791 2350 1162 2413 hominibus
1195 2359 1480 2413 noceant.
1498 2353 1870 2433 Respondeo
1899 2353 2105 2433 igitur,
2120 2353 2290 2433 qnod

791 2449 1079 2512 defectus
1126 2448 1465 2512 infinitatis
1508 2451 1879 2531 angelorum
1928 2449 2051 2512 fuit
2094 2469 2172 2512 ex
2214 2451 2293 2512 ir-

792 2547 1281 2630 recept-ibilitate
1314 2549 1859 2630 incapacitateque
1890 2568 2125 2619 rerum,
2151 2568 2292 2629 quae

793 2665 910 2709 nec
976 2647 1245 2710 infinitae
1314 2648 1771 2728 magnitudinis
1839 2667 1956 2709 nec
2021 2648 2292 2710 infinitae

794 2745 1224 2807 multitudinis
1272 2754 1420 2807 sunt
1464 2764 1725 2827 capaces
1761 2763 1775 2807 ε
1814 2747 1942 2808 11110
1982 2747 2059 2807 (16
2111 2747 2296 2808 ratio-

792 2862 874 2906 ne
903 2843 1155 2904 numeri
1187 2850 1303 2916 est,
1332 2862 1469 2906 esse
1502 2843 1780 2905 finitum.
1808 2845 1883 2905 Et
1916 2845 2081 2906 sicut
2112 2864 2296 2906 mun—

793 2942 875 3003 do
906 2959 1033 3002 non
1064 2941 1279 3023 capaci
1322 2942 1777 3022 magnitudinis
1816 2942 2087 3005 infinitae
2121 2943 2294 3004 dedit

2479 1957 2786 2030 Quoniam
2831 1965 3044 2019 autem
3089 1958 3186 2019 lex
3226 1964 3292 2019 et
3329 1956 3616 2019 doctrina
3645 1956 3912 2019 Christi·

2399 2073 2666 2119 anorum
2707 2075 2780 2118 ac
2817 2054 3223 2118 Hebraeorum
3265 2064 3327 2117 et
3371 2055 3704 2136 utriusque
3743 2055 3907 2135 legis

2399 2153 2724 2235 Prophetae
2754 2153 2978 2217 crebro
3008 2153 3340 2216 nominant
3370 2153 3573 2215 millia
3603 2153 3904 2228 millium,

2401 2261 2462 2314 et
2502 2253 2714 2314 decies
2761 2252 2993 2314 millies
3041 2260 3304 2314 centena
3355 2252 3580 2326 millia,
3613 2252 3910 2333 opinabi-
4011 2250 4026 2320 Ξ

2402 2358 2506 2412 1111·
2536 2350 2797 2413 forsitan
2830 2350 3079 2431 aliquiS,
3096 2351 3428 2413 denarium
3461 2369 3600 2413 esse
3631 2350 3910 2413 radicem
4011 2329 4026 2409 Ξ

2401 2450 2652 2511 numeri
2695 2449 2890 2511 illius.
2927 2448 3266 2511 Denarium
3310 2466 3564 2530 quoque
3604 2449 3910 2511 dixerunt

2401 2547 2795 2631 Pythagorici
2841 2547 3112 2629 primam
3157 2548 3628 2628 quadraturam,
3664 2547 3910 2629 ipsum-

2404 2666 2527 2729 que
2559 2650 2724 2708 ‘esse
2784 2665 3196 2708 numerorum
3260 2647 3904 2720 consummationem,

2404 2765 2522 2807 nec
2571 2746 2737 2807 ultra
2786 2745 2998 2826 ipsum
3048 2745 3303 2826 proprie
3351 2763 3694 2808 numerum
3737 2765 3904 2820 esse,

2406 2844 2518 2905 sed
2580 2844 2780 2925 ipsius
2843 2862 2990 2905 cum
3053 2843 3373 2905 additione
3431 2843 3904 2925 repetitionem.

2405 2942 2711 3015 Quoniam
2762 2959 2911 3023 ergo
2962 2941 3164 3003 cubus
3215 2942 3455 3003 denarii
3509 2942 3910 3006 millenarius

793 3042 959 3102 Deus
992 3041 1497 3121 magnitudinem
1529 3040 1862 3102 limitatam
1894 3061 2023 3104 suae
2054 3050 2294 3104 naturae
2329 3045 2373 3107 C
2405 3049 2520 3114 est,
2555 3041 2802 3122 primus
2831 3040 3130 3102 videlicet
3169 3039 3456 3112 cubicus,
3490 3041 3602 3122 qui
3638 3041 3910 3104 additio-

793 3139 1457 3220 congruentissimam,
1509 3159 1637 3221 qua
1683 3140 1899 3202 omnia
1958 3159 2183 3221 capere
2231 3148 2295 3202 et

793 3237 961 3299 intra
998 3255 1066 3299 se
1109 3236 1401 3300 claudere
1432 3237 1634 3316 valet-3
1674 3238 1759 3300 ita
1798 3238 2038 3319 angelis
2081 3237 2295 3299 infini-

792 3343 871 3398 tae
904 3335 1335 3397 multitudinis
1367 3335 1800 3417 incapacibuS,
1817 3336 2129 3417 praevidit,
2146 3356 2298 3418 prae-

794 3434 940 3496 fixit
969 3442 1031 3496 et
1062 3433 1331 3496 contulit
1365 3433 1620 3496 infinita
1660 3434 1973 3516 sapientia
2005 3435 2116 3497 Dei
2148 3451 2294 3497 con-

795 3532 1323 3614 gruentissimum
1367 3551 1727 3594 numerum.

880 3632 1077 3705 Quem
1119 3638 1331 3693 autem
1369 3649 1709 3693 numerum
1756 3632 1975 3694 deceat
2015 3651 2153 3694 esse
2193 3651 2300 3694 an-

797 3729 1107 3811 gelorum,
1170 3737 1233 3791 et
1289 3729 1435 3810 quis
1489 3729 1596 3790 ille
1656 3729 1759 3802 sit,
1822 3748 1947 3793 non
2004 3737 2101 3794 est
2158 3731 2297 3792 leve

799 3829 1241 3891 determinare.
1306 3829 1563 3910 Propter
1621 3829 1789 3909 quod
1849 3847 1975 3890 non
2038 3849 2294 3910 parvam

800 3925 991 3989 habet
1020 3926 1505 3989 admirationem
1546 3944 1756 3989 sermo
1785 3927 1926 4007 ejus
1968 3928 2075 4008 qui
2113 3929 2296 4001 dixit,

800 4026 970 4106 quod
1026 4026 1189 4106 legio
1241 4045 1365 4087 11116
1419 4025 1974 4107 proportionaliter
2024 4035 2121 4088 est·
2170 4046 2300 4089 me—

799 4123 905 4186 dio
949 4124 1087 4186 loco
1128 4124 1291 4186 inter
1330 4125 1621 4186 ordinem
1660 4143 1861 4186 unum
1903 4132 1965 4186 et
2002 4124 2299 4205 angelum

2407 3157 2554 3199 nem
2587 3138 2650 3199 in
2685 3157 2751 3199 se
2783 3157 2901 3199 nec
2933 3137 3122 3199 habet
3154 3157 3272 3200 nec
3302 3138 3605 3212 continet,
3639 3139 3746 3201 sed
3785 3157 3910 3200 nee

2405 3236 2895 3298 diminutionem
2944 3255 2980 3297 a
3024 3235 3304 3309 denario,
3347 3249 3463 3317 per
3512 3236 3721 3318 ipsum
3774 3256 3910 3298 ma-

2406 3335 2576 3396 xime
2615 3334 2869 3396 videtur
2909 3333 3228 3395 numerari
3269 3334 3700 3415 spiritualium
3741 3335 3913 3397 mili-

2407 3432 2640 3495 tiarum
2690 3433 3043 3511 exercitus3
3085 3432 3382 3495 similiter
3427 3440 3489 3494 et
3537 3452 3650 3515 per
3700 3443 3914 3496 cente-

2409 3531 2658 3592 narium
2703 3531 2768 3592 in
2813 3530 3024 3592 medio
3068 3531 3206 3593 loco
3250 3530 3810 3612 proportionalem,
3842 3540 3912 3593 et

2408 3637 2504 3692 631
2543 3630 2885 3712 quadratus
2927 3629 3191 3703 denarii,
3230 3629 3390 3692 latus
3429 3648 3579 3692 vero
3621 3631 3913 3692 millena-

2410 3729 2508 3790 rii.
2552 3728 2758 3802 Quum
2807 3747 2956 3809 ergo
3006 3727 3402 3790 cubicaveris
3451 3729 3908 3803 millenarium,

2409 3834 2731 3889 excrescet
2791 3826 2858 3888 in
2929 3827 3162 3888 millies
3226 3826 3402 3888 mille
3466 3827 3685 3888 millia.
3747 3827 3910 3890 Nam

2411 3945 2610 4007 quum
2642 3925 3048 4006 quadraveris
3089 3925 3542 4000 millenarium,
3577 3927 3914 4007 proveniet

2411 4024 2753 4106 quadratus
2797 4023 2958 4103 ejus,
2995 4022 3290 4085 videlicet
3334 4022 3510 4085 mille
3557 4023 3805 4088 millia:
3843 4025 3910 4086 111

2411 4143 2603 4204 quem
2635 4123 2688 4184 si
2719 4122 2976 4184 duxeris
3019 4122 3181 4183 latus
3225 4122 3448 4204 ipsiuS,
3484 4122 3548 4184 id
3579 4130 3674 4185 est
3707 4124 3909 4199 mille,

800 4241 1002 4283 unum
1028 4241 1042 4286 :
1069 4223 1236 4303 quod
1267 4230 1362 4284 est
1392 4222 1625 4296 dicere,
1654 4223 1945 4284 ordinem
1978 4242 2178 4284 unum
2212 4230 2303 4286 tot
2333 4226 2382 4288 D
2413 4220 2740 4283 cubicabis
2780 4219 2960 4294 illud,
2994 4228 3057 4282 et
3087 4220 3419 4300 proveniet
3459 4221 3692 4282 millies
3733 4222 3914 4284 mille

802 4320 1083 4399 legiones
1132 4320 1478 4394 continere,
1522 4326 1677 4400 quot
1720 4321 1975 4401 angelos
2021 4321 2304 4384 continet

804 4416 967 4497 legio
999 4435 1143 4478 11116.
1178 4417 1367 4479 Porro
1394 4416 1589 4497 hujus
1619 4419 1931 4480 sermonis
1963 4418 2304 4480 declaratio

804 4531 933 4576 non
983 4515 1273 4595 pervenit
1321 4515 1399 4576 ad
1450 4535 1571 4588 me,
1619 4533 1829 4596 neque
1880 4516 2023 4597 quis
2072 4516 2304 4578 dixerit

804 4613 945 4676 hoc.
980 4613 1138 4686 Quia
1164 4631 1315 4676 vero
1344 4621 1532 4676 notus
1564 4624 1659 4676 est
1690 4634 1995 4679 numerus
2036 4616 2304 4698 legionis

805 4711 1020 4786 11111113,
1066 4710 1363 4774 videlicet
1410 4731 1519 4774 sex
1562 4712 1767 4774 millia
1808 4715 2091 4777 sexcenti
2134 4734 2308 4777 sexa·

802 4809 980 4891 ginta
1020 4829 1153 4884 sex,
1186 4809 1390 4872 facilis
1430 4819 1525 4872 est
1566 4811 1855 4892 quadrati
1897 4814 2149 4875 numeri
2194 4813 2307 4874 hu-

801 4908 906 4990 jus
946 4908 1231 4971 inventio
1266 4928 1279 4972 :
1313 4909 1432 4971 hoc
1472 4909 1645 4971 enim
1686 4916 1783 4971 est
1817 4911 2049 4972 ducere
2093 4911 2303 4992 ipsum

806 5006 871 5069 in
932 5006 1371 5087 semetipsum,
1424 5027 1537 5069 seu
1600 5007 2032 5090 multiplicare
2091 5010 2303 5090 ipsum

805 5124 921 5187 per
968 5123 1057 5178 se,
1102 5103 1166 5166 id
1216 5112 1313 5166 est
1354 5105 1537 5167 toties
1587 5125 1839 5168 sumere
1890 5106 2101 5187 ipsum
2151 5116 2306 5188 quot

806 5203 873 5264 in
917 5221 984 5264 se
1030 5202 1315 5264 continet
1355 5203 1647 5265 1111116163.
1682 5204 1895 5266 Videri
1945 5212 2152 5265 tamen
2201 5223 2308 5286 po·

806 5308 950 5377 test,
1004 5309 1071 5362 ut
1121 5300 1424 5382 quoniam
1479 5301 1660 5382 juxta
1709 5301 1909 5383 legem
1959 5309 2149 5383 atque
2199 5303 2306 5365 do-

2414 4319 2634 4381 millia.
2688 4320 2884 4392 Quem
2945 4318 2996 4380 si
3054 4319 3285 4380 iterum
3336 4317 3754 4394 cubicaveris,
3806 4340 3914 4382 ex-

2415 4425 2656 4480 crescet
2702 4417 2769 4478 in
2829 4415 3032 4478 millia
3079 4435 3220 4498 quae
3268 4417 3376 4478 vix
3427 4417 3636 4498 capiet
3694 4417 3916 4499 imagi-

2415 4517 2586 4579 natio
2629 4524 2756 4588 tua,
2792 4523 2852 4577 et
2897 4515 3019 4577 erit
3067 4513 3290 4576 tertius
3337 4515 3541 4577 cubus
3583 4515 3647 4577 in
3685 4516 3914 4579 ordine

2415 4613 2936 4678 millenariorum.
2973 4613 3172 4687 Quem
3217 4613 3269 4675 si
3314 4632 3534 4675 rursus
3577 4614 3916 4676 cubicave-

2416 4714 2524 4788 riS,
2586 4720 2882 4792 exsurget
2939 4711 3006 4773 in
3063 4718 3156 4774 tot
3214 4711 3417 4773 millia
3481 4711 3782 4786 millium,
3845 4713 3913 4774 in

2416 4829 2686 4894 quorum
2718 4809 3224 4893 apprehensione
3255 4809 3616 4872 intellectus
3647 4818 3794 4872 tuus
3829 4811 3917 4873 la-

2415 4909 2685 4982 borabit,
2719 4916 2781 4971 et
2825 4907 3256 4970 indubitanter
3294 4908 3584 4969 omnium
3623 4927 3917 4972 numera-

2415 5006 2644 5069 bilium
2683 5007 3154 5068 mundanorum
3185 5024 3524 5066 numerum
3563 5005 3910 5086 superabit.

2413 5106 2548 5168 Non
2597 5113 2808 5167 tamen
2863 5103 3202 5184 intelligaS‚
3254 5110 3364 5164 aut
3411 5123 3668 5165 arenam
3719 5104 3916 5167 maris

2413 5211 2522 5266 aut
2565 5204 2796 5284 pluviae
2845 5211 3054 5284 guttas
3098 5201 3197 5264 vel
3243 5220 3438 5282 grana
3485 5221 3754 5283 quaeque
3805 5202 3914 5264 hic

2416 5320 2518 5364 me
2566 5319 2790 5363 vocare
2845 5299 3286 5375 numerabilia,
3339 5301 3448 5363 sed
3509 5318 3582 5363 ea
3639 5319 3780 5381 quae
3844 5300 3912 5362 111
