<?xml version="1.0" encoding="UTF-8"?>
<!DOCTYPE html PUBLIC "-//W3C//DTD XHTML 1.0 Transitional//EN"
    "http://www.w3.org/TR/xhtml1/DTD/xhtml1-transitional.dtd">
<html xmlns="http://www.w3.org/1999/xhtml" xml:lang="en" lang="en">
 <head>
  <title>
</title>
<meta http-equiv="Content-Type" content="text/html;charset=utf-8" />
  <meta name='ocr-system' content='tesseract 3.04.00' />
  <meta name='ocr-capabilities' content='ocr_page ocr_carea ocr_par ocr_line ocrx_word'/>
</head>
<body>
  <div class='ocr_page' id='page_1' title='image "./doctorisecstati01denigoog_0504.png"; bbox 0 0 4334 6242; ppageno 0'>
   <div class='ocr_carea' id='block_1_1' title="bbox 527 3253 774 3361">
    <p class='ocr_par' dir='ltr' id='par_1_1' title="bbox 527 3253 774 3361">
     <span class='ocr_line' id='line_1_1' title="bbox 554 3253 774 3298; baseline -0.009 0"><span class='ocrx_word' id='word_1_1' title='bbox 554 3253 710 3298; x_wconf 73' lang='lat' dir='ltr'>Galat.</span> <span class='ocrx_word' id='word_1_2' title='bbox 733 3267 774 3296; x_wconf 87' lang='grc' dir='ltr'>ιιι</span> 
     </span>
     <span class='ocr_line' id='line_1_2' title="bbox 527 3320 594 3361; baseline 0 0"><span class='ocrx_word' id='word_1_3' title='bbox 527 3320 594 3361; x_wconf 74' lang='grc'>19.</span> 
     </span>
    </p>
   </div>
   <div class='ocr_carea' id='block_1_2' title="bbox 825 475 945 548">
    <p class='ocr_par' dir='ltr' id='par_1_2' title="bbox 825 475 945 548">
     <span class='ocr_line' id='line_1_3' title="bbox 825 475 945 548; baseline 0.008 -1"><span class='ocrx_word' id='word_1_4' title='bbox 825 475 945 548; x_wconf 79' lang='lat'>462</span> 
     </span>
    </p>
   </div>
   <div class='ocr_carea' id='block_1_3' title="bbox 1477 501 3298 565">
    <p class='ocr_par' dir='ltr' id='par_1_3' title="bbox 1477 501 3298 565">
     <span class='ocr_line' id='line_1_4' title="bbox 1477 501 3298 565; baseline 0 -15"><span class='ocrx_word' id='word_1_5' title='bbox 1477 504 1540 550; x_wconf 77' lang='lat' dir='ltr'>IN</span> <span class='ocrx_word' id='word_1_6' title='bbox 1581 503 1802 550; x_wconf 69' lang='lat' dir='ltr'>unum(</span> <span class='ocrx_word' id='word_1_7' title='bbox 1845 504 1887 550; x_wconf 88' lang='lat'>11</span> <span class='ocrx_word' id='word_1_8' title='bbox 1931 502 2413 550; x_wconf 68' lang='lat' dir='ltr'>smnmmlmu.</span> <span class='ocrx_word' id='word_1_9' title='bbox 2459 519 2540 531; x_wconf 89' lang='grc'><strong>-</strong></span> <span class='ocrx_word' id='word_1_10' title='bbox 2578 503 2733 549; x_wconf 78' lang='lat' dir='ltr'>msT.</span> <span class='ocrx_word' id='word_1_11' title='bbox 2772 502 2920 565; x_wconf 78' lang='lat' dir='ltr'>vm3</span> <span class='ocrx_word' id='word_1_12' title='bbox 2964 501 3189 560; x_wconf 75' lang='lat' dir='ltr'>QtJAEsT.</span> <span class='ocrx_word' id='word_1_13' title='bbox 3237 502 3298 550; x_wconf 77' lang='lat' dir='ltr'>lv</span> 
     </span>
    </p>
   </div>
   <div class='ocr_carea' id='block_1_4' title="bbox 827 671 3951 757">
    <p class='ocr_par' dir='ltr' id='par_1_4' title="bbox 827 671 3951 757">
     <span class='ocr_line' id='line_1_5' title="bbox 827 671 3951 757; baseline -0 -22"><span class='ocrx_word' id='word_1_14' title='bbox 827 672 1090 753; x_wconf 88' lang='lat' dir='ltr'>angelus</span> <span class='ocrx_word' id='word_1_15' title='bbox 1130 672 1275 746; x_wconf 87' lang='lat' dir='ltr'>fuit,</span> <span class='ocrx_word' id='word_1_16' title='bbox 1309 691 1436 736; x_wconf 90' lang='lat' dir='ltr'>non</span> <span class='ocrx_word' id='word_1_17' title='bbox 1480 675 1683 753; x_wconf 84' lang='lat' dir='ltr'>Deus3</span> <span class='ocrx_word' id='word_1_18' title='bbox 1715 681 1778 736; x_wconf 89' lang='lat' dir='ltr'>et</span> <span class='ocrx_word' id='word_1_19' title='bbox 1819 691 2051 756; x_wconf 90' lang='lat' dir='ltr'>corpus</span> <span class='ocrx_word' id='word_1_20' title='bbox 2097 673 2160 734; x_wconf 90' lang='lat' dir='ltr'>in</span> <span class='ocrx_word' id='word_1_21' title='bbox 2208 691 2336 755; x_wconf 92' lang='lat' dir='ltr'>quo</span> <span class='ocrx_word' id='word_1_22' title='bbox 2364 671 2415 736; x_wconf 89' lang='lat' dir='ltr'><strong>A</strong></span> <span class='ocrx_word' id='word_1_23' title='bbox 2446 672 2833 734; x_wconf 90' lang='lat' dir='ltr'>sinuandum</span> <span class='ocrx_word' id='word_1_24' title='bbox 2890 673 3579 757; x_wconf 78' lang='lat' dir='ltr'>appropinquationem</span> <span class='ocrx_word' id='word_1_25' title='bbox 3642 673 3951 755; x_wconf 87' lang='lat' dir='ltr'>temporis</span> 
     </span>
    </p>
   </div>
   <div class='ocr_carea' id='block_1_5' title="bbox 823 770 2335 1228">
    <p class='ocr_par' dir='ltr' id='par_1_5' title="bbox 826 770 2335 950">
     <span class='ocr_line' id='line_1_6' title="bbox 826 770 2335 853; baseline 0 -21"><span class='ocrx_word' id='word_1_26' title='bbox 826 771 1142 853; x_wconf 76' lang='lat' dir='ltr'>apparitio</span> <span class='ocrx_word' id='word_1_27' title='bbox 1205 771 1315 833; x_wconf 91' lang='lat' dir='ltr'>illa</span> <span class='ocrx_word' id='word_1_28' title='bbox 1379 771 1608 846; x_wconf 85' lang='lat' dir='ltr'>fiebat,</span> <span class='ocrx_word' id='word_1_29' title='bbox 1667 772 2012 834; x_wconf 83' lang='lat' dir='ltr'>formatum</span> <span class='ocrx_word' id='word_1_30' title='bbox 2075 770 2198 834; x_wconf 84' lang='lat' dir='ltr'>fuit</span> <span class='ocrx_word' id='word_1_31' title='bbox 2255 771 2335 833; x_wconf 92' lang='lat' dir='ltr'>ab</span> 
     </span>
     <span class='ocr_line' id='line_1_7' title="bbox 826 869 1070 950; baseline 0.008 -20"><span class='ocrx_word' id='word_1_32' title='bbox 826 869 1070 950; x_wconf 88' lang='lat' dir='ltr'>angelo.</span> 
     </span>
    </p>

    <p class='ocr_par' dir='ltr' id='par_1_6' title="bbox 823 968 2333 1228">
     <span class='ocr_line' id='line_1_8' title="bbox 906 968 2330 1052; baseline 0 -23"><span class='ocrx_word' id='word_1_33' title='bbox 906 968 976 1029; x_wconf 89' lang='lat' dir='ltr'>ln</span> <span class='ocrx_word' id='word_1_34' title='bbox 1020 969 1409 1031; x_wconf 88' lang='lat' dir='ltr'>contrarium</span> <span class='ocrx_word' id='word_1_35' title='bbox 1455 977 1573 1041; x_wconf 89' lang='lat' dir='ltr'>est,</span> <span class='ocrx_word' id='word_1_36' title='bbox 1609 969 1778 1052; x_wconf 91' lang='lat' dir='ltr'>quod</span> <span class='ocrx_word' id='word_1_37' title='bbox 1828 969 2040 1042; x_wconf 83' lang='lat' dir='ltr'>lsaiaS,</span> <span class='ocrx_word' id='word_1_38' title='bbox 2087 968 2330 1041; x_wconf 81' lang='lat' dir='ltr'>Daniel,</span> 
     </span>
     <span class='ocr_line' id='line_1_9' title="bbox 824 1065 2333 1142; baseline 0 -13"><span class='ocrx_word' id='word_1_39' title='bbox 824 1065 1035 1140; x_wconf 82' lang='lat' dir='ltr'>AmOS‚</span> <span class='ocrx_word' id='word_1_40' title='bbox 1057 1066 1694 1142; x_wconf 82' lang='lat' dir='ltr'>Ezechiel,MichaeaS,</span> <span class='ocrx_word' id='word_1_41' title='bbox 1715 1067 2002 1130; x_wconf 88' lang='lat' dir='ltr'>scribunt</span> <span class='ocrx_word' id='word_1_42' title='bbox 2033 1086 2100 1130; x_wconf 91' lang='lat' dir='ltr'>se</span> <span class='ocrx_word' id='word_1_43' title='bbox 2130 1068 2333 1130; x_wconf 91' lang='lat' dir='ltr'>Deum</span> 
     </span>
     <span class='ocr_line' id='line_1_10' title="bbox 823 1165 1750 1228; baseline -0.001 0"><span class='ocrx_word' id='word_1_44' title='bbox 823 1165 1062 1228; x_wconf 82' lang='lat' dir='ltr'>vidisse</span> <span class='ocrx_word' id='word_1_45' title='bbox 1106 1165 1226 1228; x_wconf 93' lang='lat' dir='ltr'>sub</span> <span class='ocrx_word' id='word_1_46' title='bbox 1270 1166 1462 1228; x_wconf 88' lang='lat' dir='ltr'>variis</span> <span class='ocrx_word' id='word_1_47' title='bbox 1508 1165 1750 1228; x_wconf 77' lang='lat' dir='ltr'>formiS.</span> 
     </span>
    </p>
   </div>
   <div class='ocr_carea' id='block_1_6' title="bbox 821 1363 2333 1820">
    <p class='ocr_par' dir='ltr' id='par_1_7' title="bbox 821 1363 2333 1820">
     <span class='ocr_line' id='line_1_11' title="bbox 903 1363 2333 1446; baseline -0.001 -19"><span class='ocrx_word' id='word_1_48' title='bbox 903 1363 996 1427; x_wconf 91' lang='lat' dir='ltr'>Ad</span> <span class='ocrx_word' id='word_1_49' title='bbox 1038 1363 1159 1426; x_wconf 91' lang='lat' dir='ltr'>hoc</span> <span class='ocrx_word' id='word_1_50' title='bbox 1189 1363 1542 1427; x_wconf 80' lang='lat' dir='ltr'>Alexander</span> <span class='ocrx_word' id='word_1_51' title='bbox 1582 1364 1920 1446; x_wconf 84' lang='lat' dir='ltr'>respondet</span> <span class='ocrx_word' id='word_1_52' title='bbox 1955 1381 1969 1425; x_wconf 75' lang='grc' dir='ltr'><strong><em>ε</em></strong></span> <span class='ocrx_word' id='word_1_53' title='bbox 2002 1363 2333 1446; x_wconf 91' lang='lat' dir='ltr'>Apparitio</span> 
     </span>
     <span class='ocr_line' id='line_1_12' title="bbox 823 1461 2333 1545; baseline -0.001 -21"><span class='ocrx_word' id='word_1_54' title='bbox 823 1481 936 1525; x_wconf 92' lang='lat' dir='ltr'>seu</span> <span class='ocrx_word' id='word_1_55' title='bbox 993 1462 1290 1525; x_wconf 88' lang='lat' dir='ltr'>formatio</span> <span class='ocrx_word' id='word_1_56' title='bbox 1343 1463 1702 1545; x_wconf 82' lang='lat' dir='ltr'>specierum</span> <span class='ocrx_word' id='word_1_57' title='bbox 1754 1463 1818 1525; x_wconf 92' lang='lat' dir='ltr'>in</span> <span class='ocrx_word' id='word_1_58' title='bbox 1872 1461 2107 1544; x_wconf 88' lang='lat' dir='ltr'>quibus</span> <span class='ocrx_word' id='word_1_59' title='bbox 2166 1463 2333 1524; x_wconf 91' lang='lat' dir='ltr'>Deus</span> 
     </span>
     <span class='ocr_line' id='line_1_13' title="bbox 822 1560 2333 1644; baseline -0.001 -21"><span class='ocrx_word' id='word_1_60' title='bbox 822 1561 1194 1644; x_wconf 84' lang='lat' dir='ltr'>apparuisse</span> <span class='ocrx_word' id='word_1_61' title='bbox 1225 1561 1629 1634; x_wconf 78' lang='lat' dir='ltr'>describitur,</span> <span class='ocrx_word' id='word_1_62' title='bbox 1663 1560 1830 1624; x_wconf 86' lang='lat' dir='ltr'>facta</span> <span class='ocrx_word' id='word_1_63' title='bbox 1859 1569 1954 1623; x_wconf 88' lang='lat' dir='ltr'>est</span> <span class='ocrx_word' id='word_1_64' title='bbox 1992 1580 2028 1623; x_wconf 89' lang='lat' dir='ltr'>a</span> <span class='ocrx_word' id='word_1_65' title='bbox 2059 1561 2188 1623; x_wconf 92' lang='lat' dir='ltr'>Deo</span> <span class='ocrx_word' id='word_1_66' title='bbox 2221 1579 2333 1642; x_wconf 93' lang='lat' dir='ltr'>per</span> 
     </span>
     <span class='ocr_line' id='line_1_14' title="bbox 821 1659 2332 1742; baseline -0.001 -21"><span class='ocrx_word' id='word_1_67' title='bbox 821 1659 1262 1722; x_wconf 89' lang='lat' dir='ltr'>auctoritatem</span> <span class='ocrx_word' id='word_1_68' title='bbox 1295 1666 1357 1722; x_wconf 90' lang='lat' dir='ltr'>et</span> <span class='ocrx_word' id='word_1_69' title='bbox 1388 1660 1826 1742; x_wconf 82' lang='lat' dir='ltr'>imperialiter,</span> <span class='ocrx_word' id='word_1_70' title='bbox 1860 1660 1938 1722; x_wconf 91' lang='lat' dir='ltr'>ab</span> <span class='ocrx_word' id='word_1_71' title='bbox 1970 1659 2194 1740; x_wconf 88' lang='lat' dir='ltr'>angelo</span> <span class='ocrx_word' id='word_1_72' title='bbox 2224 1678 2332 1720; x_wconf 89' lang='lat' dir='ltr'>au-</span> 
     </span>
     <span class='ocr_line' id='line_1_15' title="bbox 823 1757 2332 1820; baseline -0.001 -1"><span class='ocrx_word' id='word_1_73' title='bbox 823 1765 951 1820; x_wconf 88' lang='lat' dir='ltr'>tem</span> <span class='ocrx_word' id='word_1_74' title='bbox 993 1758 1356 1820; x_wconf 87' lang='lat' dir='ltr'>exsecutive</span> <span class='ocrx_word' id='word_1_75' title='bbox 1396 1766 1460 1820; x_wconf 90' lang='lat' dir='ltr'>et</span> <span class='ocrx_word' id='word_1_76' title='bbox 1501 1757 2023 1820; x_wconf 84' lang='lat' dir='ltr'>ministerialiter.</span> <span class='ocrx_word' id='word_1_77' title='bbox 2059 1757 2219 1819; x_wconf 83' lang='lat' dir='ltr'>Hinc</span> <span class='ocrx_word' id='word_1_78' title='bbox 2264 1757 2332 1818; x_wconf 94' lang='lat' dir='ltr'>li-</span> 
     </span>
    </p>
   </div>
   <div class='ocr_carea' id='block_1_7' title="bbox 2446 770 3945 854">
    <p class='ocr_par' dir='ltr' id='par_1_8' title="bbox 2446 770 3945 854">
     <span class='ocr_line' id='line_1_16' title="bbox 2446 770 3945 854; baseline 0.001 -22"><span class='ocrx_word' id='word_1_79' title='bbox 2446 770 2510 833; x_wconf 89' lang='lat' dir='ltr'>in</span> <span class='ocrx_word' id='word_1_80' title='bbox 2542 789 2671 853; x_wconf 93' lang='lat' dir='ltr'>quo</span> <span class='ocrx_word' id='word_1_81' title='bbox 2700 781 3033 854; x_wconf 89' lang='lat' dir='ltr'>appareret</span> <span class='ocrx_word' id='word_1_82' title='bbox 3064 773 3129 834; x_wconf 92' lang='lat' dir='ltr'>in</span> <span class='ocrx_word' id='word_1_83' title='bbox 3160 772 3399 853; x_wconf 86' lang='lat' dir='ltr'>Angelo</span> <span class='ocrx_word' id='word_1_84' title='bbox 3432 771 3640 852; x_wconf 89' lang='lat' dir='ltr'>magni</span> <span class='ocrx_word' id='word_1_85' title='bbox 3674 771 3945 844; x_wconf 87' lang='lat' dir='ltr'>consilii,</span> 
     </span>
    </p>
   </div>
   <div class='ocr_carea' id='block_1_8' title="bbox 2445 868 4280 952">
    <p class='ocr_par' dir='ltr' id='par_1_9' title="bbox 2445 868 4280 952">
     <span class='ocr_line' id='line_1_17' title="bbox 2445 868 4280 952; baseline -0.001 -21"><span class='ocrx_word' id='word_1_86' title='bbox 2445 869 2564 931; x_wconf 93' lang='lat' dir='ltr'>hoc</span> <span class='ocrx_word' id='word_1_87' title='bbox 2594 876 2691 930; x_wconf 84' lang='lat' dir='ltr'>est</span> <span class='ocrx_word' id='word_1_88' title='bbox 2723 869 2788 932; x_wconf 91' lang='lat' dir='ltr'>in</span> <span class='ocrx_word' id='word_1_89' title='bbox 2830 869 3101 944; x_wconf 91' lang='lat' dir='ltr'>Christo,</span> <span class='ocrx_word' id='word_1_90' title='bbox 3136 870 3202 932; x_wconf 91' lang='lat' dir='ltr'>in</span> <span class='ocrx_word' id='word_1_91' title='bbox 3240 887 3369 952; x_wconf 92' lang='lat' dir='ltr'>quo</span> <span class='ocrx_word' id='word_1_92' title='bbox 3408 868 3757 932; x_wconf 90' lang='lat' dir='ltr'>multifarie</span> <span class='ocrx_word' id='word_1_93' title='bbox 3788 868 3950 930; x_wconf 86' lang='lat' dir='ltr'>mul·</span> <span class='ocrx_word' id='word_1_94' title='bbox 3980 887 4280 938; x_wconf 56' lang='lat' dir='ltr'>acar-...na</span> 
     </span>
    </p>
   </div>
   <div class='ocr_carea' id='block_1_9' title="bbox 2442 965 3951 1838">
    <p class='ocr_par' dir='ltr' id='par_1_10' title="bbox 2444 965 3949 1127">
     <span class='ocr_line' id='line_1_18' title="bbox 2444 965 3949 1048; baseline 0.001 -22"><span class='ocrx_word' id='word_1_95' title='bbox 2444 965 2653 1048; x_wconf 91' lang='lat' dir='ltr'>tisque</span> <span class='ocrx_word' id='word_1_96' title='bbox 2704 966 2909 1029; x_wconf 91' lang='lat' dir='ltr'>modis</span> <span class='ocrx_word' id='word_1_97' title='bbox 2958 966 3207 1029; x_wconf 90' lang='lat' dir='ltr'>locutus</span> <span class='ocrx_word' id='word_1_98' title='bbox 3255 975 3347 1030; x_wconf 89' lang='lat' dir='ltr'>est</span> <span class='ocrx_word' id='word_1_99' title='bbox 3399 967 3583 1029; x_wconf 90' lang='lat' dir='ltr'>nobis</span> <span class='ocrx_word' id='word_1_100' title='bbox 3630 967 3827 1029; x_wconf 88' lang='lat' dir='ltr'>Pater.</span> <span class='ocrx_word' id='word_1_101' title='bbox 3864 1002 3949 1012; x_wconf 95' lang='lat'>—</span> 
     </span>
     <span class='ocr_line' id='line_1_19' title="bbox 2444 1064 3002 1127; baseline 0 -1"><span class='ocrx_word' id='word_1_102' title='bbox 2444 1064 2589 1126; x_wconf 85' lang='lat' dir='ltr'>Haec</span> <span class='ocrx_word' id='word_1_103' title='bbox 2630 1064 3002 1127; x_wconf 87' lang='lat' dir='ltr'>Alexander.</span> 
     </span>
    </p>

    <p class='ocr_par' dir='ltr' id='par_1_11' title="bbox 2442 1162 3951 1838">
     <span class='ocr_line' id='line_1_20' title="bbox 2522 1162 3949 1246; baseline 0.001 -22"><span class='ocrx_word' id='word_1_104' title='bbox 2522 1162 2683 1224; x_wconf 89' lang='lat' dir='ltr'>Hinc</span> <span class='ocrx_word' id='word_1_105' title='bbox 2711 1163 3152 1226; x_wconf 87' lang='lat' dir='ltr'>Bonaventura</span> <span class='ocrx_word' id='word_1_106' title='bbox 3181 1163 3245 1224; x_wconf 92' lang='lat' dir='ltr'>in</span> <span class='ocrx_word' id='word_1_107' title='bbox 3286 1163 3747 1246; x_wconf 81' lang='lat' dir='ltr'>quaestionibus</span> <span class='ocrx_word' id='word_1_108' title='bbox 3774 1164 3949 1226; x_wconf 88' lang='lat' dir='ltr'>circa</span> 
     </span>
     <span class='ocr_line' id='line_1_21' title="bbox 2442 1261 3951 1344; baseline 0.001 -22"><span class='ocrx_word' id='word_1_109' title='bbox 2442 1267 2725 1323; x_wconf 87' lang='lat' dir='ltr'>textum:</span> <span class='ocrx_word' id='word_1_110' title='bbox 2751 1261 3107 1344; x_wconf 92' lang='lat' dir='ltr'>Corporalis</span> <span class='ocrx_word' id='word_1_111' title='bbox 3134 1261 3401 1344; x_wconf 92' lang='lat' dir='ltr'>(inquit)</span> <span class='ocrx_word' id='word_1_112' title='bbox 3429 1261 3634 1343; x_wconf 87' lang='lat' dir='ltr'>figura</span> <span class='ocrx_word' id='word_1_113' title='bbox 3664 1281 3777 1324; x_wconf 89' lang='lat' dir='ltr'>seu</span> <span class='ocrx_word' id='word_1_114' title='bbox 3806 1281 3951 1324; x_wconf 86' lang='lat' dir='ltr'>sen-</span> 
     </span>
     <span class='ocr_line' id='line_1_22' title="bbox 2442 1359 3947 1434; baseline 0.001 -13"><span class='ocrx_word' id='word_1_115' title='bbox 2442 1359 2650 1421; x_wconf 90' lang='lat' dir='ltr'>sibilis</span> <span class='ocrx_word' id='word_1_116' title='bbox 2687 1359 2915 1434; x_wconf 83' lang='lat' dir='ltr'>forma,</span> <span class='ocrx_word' id='word_1_117' title='bbox 2942 1378 3069 1422; x_wconf 89' lang='lat' dir='ltr'>non</span> <span class='ocrx_word' id='word_1_118' title='bbox 3111 1360 3287 1422; x_wconf 90' lang='lat' dir='ltr'>ducit</span> <span class='ocrx_word' id='word_1_119' title='bbox 3326 1360 3695 1424; x_wconf 88' lang='lat' dir='ltr'>immediate</span> <span class='ocrx_word' id='word_1_120' title='bbox 3733 1361 3797 1422; x_wconf 91' lang='lat' dir='ltr'>in</span> <span class='ocrx_word' id='word_1_121' title='bbox 3831 1361 3947 1423; x_wconf 91' lang='lat' dir='ltr'>Dei</span> 
     </span>
     <span class='ocr_line' id='line_1_23' title="bbox 2443 1459 3949 1542; baseline 0.001 -22"><span class='ocrx_word' id='word_1_122' title='bbox 2443 1459 2894 1538; x_wconf 87' lang='lat' dir='ltr'>cognitionem,</span> <span class='ocrx_word' id='word_1_123' title='bbox 2948 1460 3057 1522; x_wconf 88' lang='lat' dir='ltr'>sed</span> <span class='ocrx_word' id='word_1_124' title='bbox 3108 1460 3427 1523; x_wconf 84' lang='lat' dir='ltr'>mediante</span> <span class='ocrx_word' id='word_1_125' title='bbox 3478 1460 3711 1542; x_wconf 89' lang='lat' dir='ltr'>spiritu</span> <span class='ocrx_word' id='word_1_126' title='bbox 3760 1461 3949 1523; x_wconf 87' lang='lat' dir='ltr'>ratio-</span> 
     </span>
     <span class='ocr_line' id='line_1_24' title="bbox 2442 1557 3940 1641; baseline 0.001 -23"><span class='ocrx_word' id='word_1_127' title='bbox 2442 1557 2593 1632; x_wconf 85' lang='lat' dir='ltr'>nali,</span> <span class='ocrx_word' id='word_1_128' title='bbox 2629 1557 2815 1638; x_wconf 87' lang='lat' dir='ltr'>cujus</span> <span class='ocrx_word' id='word_1_129' title='bbox 2847 1558 3205 1620; x_wconf 87' lang='lat' dir='ltr'>ministerio</span> <span class='ocrx_word' id='word_1_130' title='bbox 3234 1557 3435 1620; x_wconf 91' lang='lat' dir='ltr'>fiebat</span> <span class='ocrx_word' id='word_1_131' title='bbox 3462 1559 3779 1641; x_wconf 83' lang='lat' dir='ltr'>apparitio</span> <span class='ocrx_word' id='word_1_132' title='bbox 3809 1559 3940 1621; x_wconf 84' lang='lat' dir='ltr'>illa.</span> 
     </span>
     <span class='ocr_line' id='line_1_25' title="bbox 2442 1656 3946 1739; baseline 0.003 -22"><span class='ocrx_word' id='word_1_133' title='bbox 2442 1656 2776 1737; x_wconf 84' lang='lat' dir='ltr'>Quumque</span> <span class='ocrx_word' id='word_1_134' title='bbox 2807 1657 2873 1718; x_wconf 90' lang='lat' dir='ltr'>in</span> <span class='ocrx_word' id='word_1_135' title='bbox 2903 1657 3303 1719; x_wconf 90' lang='lat' dir='ltr'>ascendendo</span> <span class='ocrx_word' id='word_1_136' title='bbox 3343 1657 3522 1739; x_wconf 90' lang='lat' dir='ltr'>prius</span> <span class='ocrx_word' id='word_1_137' title='bbox 3556 1657 3671 1719; x_wconf 91' lang='lat' dir='ltr'>fiat</span> <span class='ocrx_word' id='word_1_138' title='bbox 3702 1657 3946 1720; x_wconf 81' lang='lat' dir='ltr'>abstra-</span> 
     </span>
     <span class='ocr_line' id='line_1_26' title="bbox 2442 1755 3945 1838; baseline 0.002 -22"><span class='ocrx_word' id='word_1_139' title='bbox 2442 1755 2568 1817; x_wconf 88' lang='lat' dir='ltr'>ctio</span> <span class='ocrx_word' id='word_1_140' title='bbox 2597 1775 2634 1817; x_wconf 91' lang='lat' dir='ltr'>a</span> <span class='ocrx_word' id='word_1_141' title='bbox 2662 1755 2975 1837; x_wconf 88' lang='lat' dir='ltr'>corporali</span> <span class='ocrx_word' id='word_1_142' title='bbox 3017 1755 3223 1836; x_wconf 83' lang='lat' dir='ltr'>figura</span> <span class='ocrx_word' id='word_1_143' title='bbox 3260 1764 3450 1838; x_wconf 86' lang='lat' dir='ltr'>atque</span> <span class='ocrx_word' id='word_1_144' title='bbox 3489 1755 3779 1818; x_wconf 89' lang='lat' dir='ltr'>sensibili</span> <span class='ocrx_word' id='word_1_145' title='bbox 3819 1756 3945 1819; x_wconf 81' lang='lat' dir='ltr'>for-</span> 
     </span>
    </p>
   </div>
   <div class='ocr_carea' id='block_1_10' title="bbox 822 1850 3945 1936">
    <p class='ocr_par' dir='ltr' id='par_1_12' title="bbox 822 1850 3945 1936">
     <span class='ocr_line' id='line_1_27' title="bbox 822 1850 3945 1936; baseline 0.001 -21"><span class='ocrx_word' id='word_1_146' title='bbox 822 1854 938 1916; x_wconf 91' lang='lat' dir='ltr'>bro</span> <span class='ocrx_word' id='word_1_147' title='bbox 967 1855 1046 1916; x_wconf 90' lang='lat' dir='ltr'>de</span> <span class='ocrx_word' id='word_1_148' title='bbox 1077 1854 1382 1917; x_wconf 87' lang='lat' dir='ltr'>Trinitate</span> <span class='ocrx_word' id='word_1_149' title='bbox 1415 1854 1698 1936; x_wconf 90' lang='lat' dir='ltr'>loquitur</span> <span class='ocrx_word' id='word_1_150' title='bbox 1721 1855 2149 1935; x_wconf 87' lang='lat' dir='ltr'>Augustinus:</span> <span class='ocrx_word' id='word_1_151' title='bbox 2174 1855 2331 1916; x_wconf 93' lang='lat' dir='ltr'>Dum</span> <span class='ocrx_word' id='word_1_152' title='bbox 2363 1850 2410 1913; x_wconf 93' lang='lat' dir='ltr'>B</span> <span class='ocrx_word' id='word_1_153' title='bbox 2444 1871 2566 1926; x_wconf 91' lang='lat' dir='ltr'>ma,</span> <span class='ocrx_word' id='word_1_154' title='bbox 2599 1873 2793 1935; x_wconf 89' lang='lat' dir='ltr'>quam</span> <span class='ocrx_word' id='word_1_155' title='bbox 2844 1854 3252 1935; x_wconf 88' lang='lat' dir='ltr'>perveniatur</span> <span class='ocrx_word' id='word_1_156' title='bbox 3298 1855 3377 1916; x_wconf 89' lang='lat' dir='ltr'>ad</span> <span class='ocrx_word' id='word_1_157' title='bbox 3427 1854 3650 1929; x_wconf 91' lang='lat' dir='ltr'>Deum,</span> <span class='ocrx_word' id='word_1_158' title='bbox 3686 1856 3945 1936; x_wconf 88' lang='lat' dir='ltr'>quando</span> 
     </span>
    </p>
   </div>
   <div class='ocr_carea' id='block_1_11' title="bbox 817 1952 2331 3018">
    <p class='ocr_par' dir='ltr' id='par_1_13' title="bbox 817 1952 2331 3018">
     <span class='ocr_line' id='line_1_28' title="bbox 821 1952 2331 2034; baseline -0.001 -19"><span class='ocrx_word' id='word_1_159' title='bbox 821 1953 1112 2034; x_wconf 86' lang='lat' dir='ltr'>patribus</span> <span class='ocrx_word' id='word_1_160' title='bbox 1151 1953 1432 2034; x_wconf 88' lang='lat' dir='ltr'>antiquis</span> <span class='ocrx_word' id='word_1_161' title='bbox 1463 1961 1606 2016; x_wconf 87' lang='lat' dir='ltr'>ante</span> <span class='ocrx_word' id='word_1_162' title='bbox 1649 1953 2150 2016; x_wconf 85' lang='lat' dir='ltr'>incarnationem</span> <span class='ocrx_word' id='word_1_163' title='bbox 2184 1952 2331 2014; x_wconf 87' lang='lat' dir='ltr'>Ver-</span> 
     </span>
     <span class='ocr_line' id='line_1_29' title="bbox 819 2050 2327 2133; baseline -0.001 -19"><span class='ocrx_word' id='word_1_164' title='bbox 819 2051 886 2114; x_wconf 89' lang='lat' dir='ltr'>bi</span> <span class='ocrx_word' id='word_1_165' title='bbox 919 2050 1140 2115; x_wconf 83' lang='lat' dir='ltr'>aeterni</span> <span class='ocrx_word' id='word_1_166' title='bbox 1178 2052 1344 2114; x_wconf 87' lang='lat' dir='ltr'>Deus</span> <span class='ocrx_word' id='word_1_167' title='bbox 1383 2051 1754 2133; x_wconf 89' lang='lat' dir='ltr'>apparuisse</span> <span class='ocrx_word' id='word_1_168' title='bbox 1795 2057 2105 2124; x_wconf 85' lang='lat' dir='ltr'>narratur,</span> <span class='ocrx_word' id='word_1_169' title='bbox 2140 2068 2327 2114; x_wconf 89' lang='lat' dir='ltr'>voces</span> 
     </span>
     <span class='ocr_line' id='line_1_30' title="bbox 820 2149 2327 2232; baseline -0.001 -19"><span class='ocrx_word' id='word_1_170' title='bbox 820 2151 946 2214; x_wconf 85' lang='lat' dir='ltr'>illae</span> <span class='ocrx_word' id='word_1_171' title='bbox 1004 2169 1116 2213; x_wconf 91' lang='lat' dir='ltr'>seu</span> <span class='ocrx_word' id='word_1_172' title='bbox 1175 2150 1421 2232; x_wconf 91' lang='lat' dir='ltr'>species</span> <span class='ocrx_word' id='word_1_173' title='bbox 1480 2150 1840 2232; x_wconf 88' lang='lat' dir='ltr'>corporales</span> <span class='ocrx_word' id='word_1_174' title='bbox 1901 2168 2015 2232; x_wconf 89' lang='lat' dir='ltr'>per</span> <span class='ocrx_word' id='word_1_175' title='bbox 2069 2149 2327 2230; x_wconf 85' lang='lat' dir='ltr'>angelos</span> 
     </span>
     <span class='ocr_line' id='line_1_31' title="bbox 818 2248 2329 2330; baseline -0.001 -19"><span class='ocrx_word' id='word_1_176' title='bbox 818 2257 970 2312; x_wconf 90' lang='lat' dir='ltr'>sunt</span> <span class='ocrx_word' id='word_1_177' title='bbox 1027 2248 1334 2322; x_wconf 81' lang='lat' dir='ltr'>formatae,</span> <span class='ocrx_word' id='word_1_178' title='bbox 1386 2257 1494 2310; x_wconf 88' lang='lat' dir='ltr'>aut</span> <span class='ocrx_word' id='word_1_179' title='bbox 1544 2249 1700 2330; x_wconf 92' lang='lat' dir='ltr'>ipsis</span> <span class='ocrx_word' id='word_1_180' title='bbox 1758 2268 1835 2311; x_wconf 87' lang='lat' dir='ltr'>ex</span> <span class='ocrx_word' id='word_1_181' title='bbox 1885 2248 1998 2311; x_wconf 91' lang='lat' dir='ltr'>Dei</span> <span class='ocrx_word' id='word_1_182' title='bbox 2057 2266 2329 2330; x_wconf 88' lang='lat' dir='ltr'>persona</span> 
     </span>
     <span class='ocr_line' id='line_1_32' title="bbox 817 2345 2325 2430; baseline -0.001 -20"><span class='ocrx_word' id='word_1_183' title='bbox 817 2347 1154 2430; x_wconf 83' lang='lat' dir='ltr'>agentibus</span> <span class='ocrx_word' id='word_1_184' title='bbox 1201 2347 1466 2428; x_wconf 89' lang='lat' dir='ltr'>aliquid,</span> <span class='ocrx_word' id='word_1_185' title='bbox 1517 2347 1684 2409; x_wconf 91' lang='lat' dir='ltr'>sicut</span> <span class='ocrx_word' id='word_1_186' title='bbox 1731 2345 2074 2428; x_wconf 86' lang='lat' dir='ltr'>Prophetas</span> <span class='ocrx_word' id='word_1_187' title='bbox 2121 2346 2325 2408; x_wconf 91' lang='lat' dir='ltr'>solere</span> 
     </span>
     <span class='ocr_line' id='line_1_33' title="bbox 819 2445 2329 2524; baseline -0.003 -15"><span class='ocrx_word' id='word_1_188' title='bbox 819 2447 1252 2524; x_wconf 84' lang='lat' dir='ltr'>ostendimus3</span> <span class='ocrx_word' id='word_1_189' title='bbox 1285 2453 1394 2507; x_wconf 92' lang='lat' dir='ltr'>aut</span> <span class='ocrx_word' id='word_1_190' title='bbox 1423 2445 1896 2507; x_wconf 88' lang='lat' dir='ltr'>assumentibus</span> <span class='ocrx_word' id='word_1_191' title='bbox 1926 2463 2002 2506; x_wconf 87' lang='lat' dir='ltr'>ex</span> <span class='ocrx_word' id='word_1_192' title='bbox 2039 2452 2329 2506; x_wconf 88' lang='lat' dir='ltr'>creatura</span> 
     </span>
     <span class='ocr_line' id='line_1_34' title="bbox 821 2541 2327 2626; baseline -0.002 -20"><span class='ocrx_word' id='word_1_193' title='bbox 821 2545 991 2626; x_wconf 91' lang='lat' dir='ltr'>quod</span> <span class='ocrx_word' id='word_1_194' title='bbox 1041 2544 1164 2626; x_wconf 89' lang='lat' dir='ltr'>ipsi</span> <span class='ocrx_word' id='word_1_195' title='bbox 1213 2562 1341 2606; x_wconf 92' lang='lat' dir='ltr'>non</span> <span class='ocrx_word' id='word_1_196' title='bbox 1390 2551 1624 2617; x_wconf 89' lang='lat' dir='ltr'>essent,</span> <span class='ocrx_word' id='word_1_197' title='bbox 1677 2543 1788 2604; x_wconf 92' lang='lat' dir='ltr'>ubi</span> <span class='ocrx_word' id='word_1_198' title='bbox 1838 2543 2004 2604; x_wconf 90' lang='lat' dir='ltr'>Deus</span> <span class='ocrx_word' id='word_1_199' title='bbox 2051 2541 2327 2622; x_wconf 86' lang='lat' dir='ltr'>figurate</span> 
     </span>
     <span class='ocr_line' id='line_1_35' title="bbox 819 2640 2328 2715; baseline -0.002 -11"><span class='ocrx_word' id='word_1_200' title='bbox 819 2643 1380 2704; x_wconf 87' lang='lat' dir='ltr'>demonstraretur.</span> <span class='ocrx_word' id='word_1_201' title='bbox 1424 2641 1724 2715; x_wconf 89' lang='lat' dir='ltr'>Quamvis</span> <span class='ocrx_word' id='word_1_202' title='bbox 1769 2641 1963 2702; x_wconf 87' lang='lat' dir='ltr'>etiam</span> <span class='ocrx_word' id='word_1_203' title='bbox 2009 2640 2176 2702; x_wconf 91' lang='lat' dir='ltr'>Deus</span> <span class='ocrx_word' id='word_1_204' title='bbox 2221 2658 2328 2701; x_wconf 88' lang='lat' dir='ltr'>ne-</span> 
     </span>
     <span class='ocr_line' id='line_1_36' title="bbox 820 2739 2323 2823; baseline -0.001 -21"><span class='ocrx_word' id='word_1_205' title='bbox 820 2759 1141 2823; x_wconf 90' lang='lat' dir='ltr'>quaquam</span> <span class='ocrx_word' id='word_1_206' title='bbox 1183 2741 1462 2820; x_wconf 83' lang='lat' dir='ltr'>indigeat</span> <span class='ocrx_word' id='word_1_207' title='bbox 1491 2740 1802 2822; x_wconf 91' lang='lat' dir='ltr'>obsequio</span> <span class='ocrx_word' id='word_1_208' title='bbox 1844 2739 2214 2820; x_wconf 84' lang='lat' dir='ltr'>angelorum</span> <span class='ocrx_word' id='word_1_209' title='bbox 2260 2739 2323 2800; x_wconf 92' lang='lat' dir='ltr'>in</span> 
     </span>
     <span class='ocr_line' id='line_1_37' title="bbox 819 2837 2327 2920; baseline -0.001 -18"><span class='ocrx_word' id='word_1_210' title='bbox 819 2839 1200 2902; x_wconf 82' lang='lat' dir='ltr'>formatione</span> <span class='ocrx_word' id='word_1_211' title='bbox 1240 2856 1578 2920; x_wconf 91' lang='lat' dir='ltr'>corporum</span> <span class='ocrx_word' id='word_1_212' title='bbox 1617 2846 1681 2899; x_wconf 91' lang='lat' dir='ltr'>et</span> <span class='ocrx_word' id='word_1_213' title='bbox 1719 2837 2146 2920; x_wconf 88' lang='lat' dir='ltr'>corporalium</span> <span class='ocrx_word' id='word_1_214' title='bbox 2186 2855 2327 2920; x_wconf 89' lang='lat' dir='ltr'>spe-</span> 
     </span>
     <span class='ocr_line' id='line_1_38' title="bbox 819 2935 2329 3018; baseline -0.004 -17"><span class='ocrx_word' id='word_1_215' title='bbox 819 2939 1062 3001; x_wconf 89' lang='lat' dir='ltr'>cierum</span> <span class='ocrx_word' id='word_1_216' title='bbox 1114 2937 1180 2998; x_wconf 93' lang='lat' dir='ltr'>in</span> <span class='ocrx_word' id='word_1_217' title='bbox 1228 2935 1465 3018; x_wconf 87' lang='lat' dir='ltr'>quibus</span> <span class='ocrx_word' id='word_1_218' title='bbox 1523 2937 1838 3018; x_wconf 88' lang='lat' dir='ltr'>apparuit,</span> <span class='ocrx_word' id='word_1_219' title='bbox 1893 2936 2187 3016; x_wconf 88' lang='lat' dir='ltr'>congruit</span> <span class='ocrx_word' id='word_1_220' title='bbox 2244 2942 2329 2996; x_wconf 91' lang='lat' dir='ltr'>ta·</span> 
     </span>
    </p>
   </div>
   <div class='ocr_carea' id='block_1_12' title="bbox 2436 1953 3945 2725">
    <p class='ocr_par' dir='ltr' id='par_1_14' title="bbox 2436 1953 3945 2725">
     <span class='ocr_line' id='line_1_39' title="bbox 2440 1953 3943 2034; baseline 0.003 -22"><span class='ocrx_word' id='word_1_221' title='bbox 2440 1971 2477 2012; x_wconf 91' lang='lat' dir='ltr'>a</span> <span class='ocrx_word' id='word_1_222' title='bbox 2525 1969 2789 2034; x_wconf 91' lang='lat' dir='ltr'>corpore</span> <span class='ocrx_word' id='word_1_223' title='bbox 2837 1953 3202 2015; x_wconf 90' lang='lat' dir='ltr'>ascenditur</span> <span class='ocrx_word' id='word_1_224' title='bbox 3242 1953 3320 2014; x_wconf 91' lang='lat' dir='ltr'>ad</span> <span class='ocrx_word' id='word_1_225' title='bbox 3371 1953 3571 2015; x_wconf 91' lang='lat' dir='ltr'>Deum</span> <span class='ocrx_word' id='word_1_226' title='bbox 3622 1954 3943 2016; x_wconf 86' lang='lat' dir='ltr'>mediante</span> 
     </span>
     <span class='ocr_line' id='line_1_40' title="bbox 2441 2049 3945 2134; baseline 0.001 -21"><span class='ocrx_word' id='word_1_227' title='bbox 2441 2049 2816 2133; x_wconf 91' lang='lat' dir='ltr'>incorporeo</span> <span class='ocrx_word' id='word_1_228' title='bbox 2873 2050 3156 2132; x_wconf 83' lang='lat' dir='ltr'>spiritu3</span> <span class='ocrx_word' id='word_1_229' title='bbox 3212 2051 3363 2114; x_wconf 90' lang='lat' dir='ltr'>hinc</span> <span class='ocrx_word' id='word_1_230' title='bbox 3421 2051 3565 2114; x_wconf 89' lang='lat' dir='ltr'>talis</span> <span class='ocrx_word' id='word_1_231' title='bbox 3626 2053 3945 2134; x_wconf 88' lang='lat' dir='ltr'>apparitio</span> 
     </span>
     <span class='ocr_line' id='line_1_41' title="bbox 2438 2149 3945 2232; baseline 0.001 -19"><span class='ocrx_word' id='word_1_232' title='bbox 2438 2149 2651 2231; x_wconf 90' lang='lat' dir='ltr'>potius</span> <span class='ocrx_word' id='word_1_233' title='bbox 2683 2150 2851 2212; x_wconf 89' lang='lat' dir='ltr'>scala</span> <span class='ocrx_word' id='word_1_234' title='bbox 2880 2157 2973 2213; x_wconf 87' lang='lat' dir='ltr'>est</span> <span class='ocrx_word' id='word_1_235' title='bbox 3006 2150 3362 2232; x_wconf 89' lang='lat' dir='ltr'>perducens</span> <span class='ocrx_word' id='word_1_236' title='bbox 3401 2151 3480 2212; x_wconf 90' lang='lat' dir='ltr'>ad</span> <span class='ocrx_word' id='word_1_237' title='bbox 3511 2150 3794 2214; x_wconf 87' lang='lat' dir='ltr'>veritatis</span> <span class='ocrx_word' id='word_1_238' title='bbox 3834 2169 3945 2215; x_wconf 89' lang='lat' dir='ltr'>no-</span> 
     </span>
     <span class='ocr_line' id='line_1_42' title="bbox 2438 2247 3941 2333; baseline 0.004 -25"><span class='ocrx_word' id='word_1_239' title='bbox 2438 2247 2668 2322; x_wconf 85' lang='lat' dir='ltr'>titiam,</span> <span class='ocrx_word' id='word_1_240' title='bbox 2701 2267 2893 2331; x_wconf 90' lang='lat' dir='ltr'>quam</span> <span class='ocrx_word' id='word_1_241' title='bbox 2926 2249 3224 2311; x_wconf 88' lang='lat' dir='ltr'>deviandi</span> <span class='ocrx_word' id='word_1_242' title='bbox 3260 2249 3530 2313; x_wconf 84' lang='lat' dir='ltr'>occasio.</span> <span class='ocrx_word' id='word_1_243' title='bbox 3565 2250 3740 2312; x_wconf 91' lang='lat' dir='ltr'>Unde</span> <span class='ocrx_word' id='word_1_244' title='bbox 3768 2251 3941 2333; x_wconf 88' lang='lat' dir='ltr'>quod</span> 
     </span>
     <span class='ocr_line' id='line_1_43' title="bbox 2439 2346 3941 2429; baseline 0.003 -21"><span class='ocrx_word' id='word_1_245' title='bbox 2439 2346 2503 2407; x_wconf 90' lang='lat' dir='ltr'>in</span> <span class='ocrx_word' id='word_1_246' title='bbox 2560 2347 2773 2409; x_wconf 86' lang='lat' dir='ltr'>Exodo</span> <span class='ocrx_word' id='word_1_247' title='bbox 2832 2347 3123 2421; x_wconf 90' lang='lat' dir='ltr'>habetur,</span> <span class='ocrx_word' id='word_1_248' title='bbox 3176 2347 3583 2429; x_wconf 87' lang='lat' dir='ltr'>Loquebatur</span> <span class='ocrx_word' id='word_1_249' title='bbox 3623 2349 3941 2412; x_wconf 89' lang='lat' dir='ltr'>Dominus</span> 
     </span>
     <span class='ocr_line' id='line_1_44' title="bbox 2436 2445 3944 2528; baseline 0.001 -21"><span class='ocrx_word' id='word_1_250' title='bbox 2436 2446 2514 2507; x_wconf 92' lang='lat' dir='ltr'>ad</span> <span class='ocrx_word' id='word_1_251' title='bbox 2556 2446 2808 2528; x_wconf 81' lang='lat' dir='ltr'>Moysen</span> <span class='ocrx_word' id='word_1_252' title='bbox 2848 2445 3011 2509; x_wconf 92' lang='lat' dir='ltr'>facie</span> <span class='ocrx_word' id='word_1_253' title='bbox 3052 2447 3131 2508; x_wconf 92' lang='lat' dir='ltr'>ad</span> <span class='ocrx_word' id='word_1_254' title='bbox 3171 2445 3423 2521; x_wconf 89' lang='lat' dir='ltr'>faciem,</span> <span class='ocrx_word' id='word_1_255' title='bbox 3460 2446 3944 2528; x_wconf 87' lang='lat' dir='ltr'>subintelligen-</span> 
     </span>
     <span class='ocr_line' id='line_1_45' title="bbox 2436 2543 3943 2624; baseline 0.003 -20"><span class='ocrx_word' id='word_1_256' title='bbox 2436 2543 2590 2604; x_wconf 91' lang='lat' dir='ltr'>dum</span> <span class='ocrx_word' id='word_1_257' title='bbox 2630 2551 2746 2617; x_wconf 92' lang='lat' dir='ltr'>est,</span> <span class='ocrx_word' id='word_1_258' title='bbox 2781 2543 2847 2605; x_wconf 90' lang='lat' dir='ltr'>in</span> <span class='ocrx_word' id='word_1_259' title='bbox 2892 2543 3182 2624; x_wconf 77' lang='lat' dir='ltr'>subJ‘ecta</span> <span class='ocrx_word' id='word_1_260' title='bbox 3220 2552 3537 2607; x_wconf 79' lang='lat' dir='ltr'>creatura:</span> <span class='ocrx_word' id='word_1_261' title='bbox 3560 2545 3676 2607; x_wconf 90' lang='lat' dir='ltr'>Per</span> <span class='ocrx_word' id='word_1_262' title='bbox 3716 2545 3943 2608; x_wconf 87' lang='lat' dir='ltr'>eadem</span> 
     </span>
     <span class='ocr_line' id='line_1_46' title="bbox 2437 2642 3941 2725; baseline 0.003 -22"><span class='ocrx_word' id='word_1_263' title='bbox 2437 2659 2691 2724; x_wconf 91' lang='lat' dir='ltr'>quoque</span> <span class='ocrx_word' id='word_1_264' title='bbox 2740 2642 2955 2714; x_wconf 88' lang='lat' dir='ltr'>verba,</span> <span class='ocrx_word' id='word_1_265' title='bbox 3008 2651 3197 2724; x_wconf 90' lang='lat' dir='ltr'>atque</span> <span class='ocrx_word' id='word_1_266' title='bbox 3246 2661 3361 2725; x_wconf 92' lang='lat' dir='ltr'>per</span> <span class='ocrx_word' id='word_1_267' title='bbox 3419 2642 3579 2706; x_wconf 77' lang='lat' dir='ltr'>illud</span> <span class='ocrx_word' id='word_1_268' title='bbox 3635 2643 3941 2707; x_wconf 89' lang='lat' dir='ltr'>Numero-</span> 
     </span>
    </p>
   </div>
   <div class='ocr_carea' id='block_1_13' title="bbox 2436 2740 4267 2825">
    <p class='ocr_par' dir='ltr' id='par_1_15' title="bbox 2436 2740 4267 2825">
     <span class='ocr_line' id='line_1_47' title="bbox 2436 2740 4267 2825; baseline 0.002 -23"><span class='ocrx_word' id='word_1_269' title='bbox 2436 2759 2601 2812; x_wconf 91' lang='lat' dir='ltr'>rum,</span> <span class='ocrx_word' id='word_1_270' title='bbox 2635 2740 2843 2802; x_wconf 91' lang='lat' dir='ltr'>Palam</span> <span class='ocrx_word' id='word_1_271' title='bbox 2890 2747 2951 2802; x_wconf 92' lang='lat' dir='ltr'>et</span> <span class='ocrx_word' id='word_1_272' title='bbox 2994 2759 3123 2803; x_wconf 90' lang='lat' dir='ltr'>non</span> <span class='ocrx_word' id='word_1_273' title='bbox 3166 2759 3280 2822; x_wconf 93' lang='lat' dir='ltr'>per</span> <span class='ocrx_word' id='word_1_274' title='bbox 3324 2741 3659 2822; x_wconf 77' lang='lat' dir='ltr'>aenigmata</span> <span class='ocrx_word' id='word_1_275' title='bbox 3696 2743 3941 2825; x_wconf 76' lang='lat' dir='ltr'>Moyses</span> <span class='ocrx_word' id='word_1_276' title='bbox 3972 2762 4267 2812; x_wconf 46' lang='lat' dir='ltr'>summas.</span> 
     </span>
    </p>
   </div>
   <div class='ocr_carea' id='block_1_14' title="bbox 2436 2838 3941 3019">
    <p class='ocr_par' dir='ltr' id='par_1_16' title="bbox 2436 2838 3941 3019">
     <span class='ocr_line' id='line_1_48' title="bbox 2436 2838 3941 2914; baseline 0.001 -14"><span class='ocrx_word' id='word_1_277' title='bbox 2436 2839 2611 2901; x_wconf 88' lang='lat' dir='ltr'>videt</span> <span class='ocrx_word' id='word_1_278' title='bbox 2638 2840 2863 2914; x_wconf 88' lang='lat' dir='ltr'>Deum,</span> <span class='ocrx_word' id='word_1_279' title='bbox 2897 2839 3257 2902; x_wconf 89' lang='lat' dir='ltr'>insinuatur</span> <span class='ocrx_word' id='word_1_280' title='bbox 3286 2838 3686 2902; x_wconf 81' lang='lat' dir='ltr'>familiaritas</span> <span class='ocrx_word' id='word_1_281' title='bbox 3716 2841 3827 2902; x_wconf 90' lang='lat' dir='ltr'>Dei</span> <span class='ocrx_word' id='word_1_282' title='bbox 3858 2841 3941 2902; x_wconf 88' lang='lat' dir='ltr'>ad</span> 
     </span>
     <span class='ocr_line' id='line_1_49' title="bbox 2436 2937 3941 3019; baseline 0.002 -21"><span class='ocrx_word' id='word_1_283' title='bbox 2436 2937 2687 3019; x_wconf 83' lang='lat' dir='ltr'>Moysen</span> <span class='ocrx_word' id='word_1_284' title='bbox 2729 2945 3041 3019; x_wconf 89' lang='lat' dir='ltr'>quantum</span> <span class='ocrx_word' id='word_1_285' title='bbox 3080 2937 3158 2999; x_wconf 88' lang='lat' dir='ltr'>ad</span> <span class='ocrx_word' id='word_1_286' title='bbox 3188 2937 3654 3019; x_wconf 86' lang='lat' dir='ltr'>apparitionem</span> <span class='ocrx_word' id='word_1_287' title='bbox 3695 2944 3759 3000; x_wconf 86' lang='lat' dir='ltr'>et</span> <span class='ocrx_word' id='word_1_288' title='bbox 3791 2955 3941 3001; x_wconf 86' lang='lat' dir='ltr'>con-</span> 
     </span>
    </p>
   </div>
   <div class='ocr_carea' id='block_1_15' title="bbox 821 3031 3943 3118">
    <p class='ocr_par' dir='ltr' id='par_1_17' title="bbox 821 3031 3943 3118">
     <span class='ocr_line' id='line_1_50' title="bbox 821 3031 3943 3118; baseline 0 -20"><span class='ocrx_word' id='word_1_289' title='bbox 821 3055 969 3098; x_wconf 90' lang='lat' dir='ltr'>men</span> <span class='ocrx_word' id='word_1_290' title='bbox 1014 3035 1308 3116; x_wconf 86' lang='lat' dir='ltr'>dignitati</span> <span class='ocrx_word' id='word_1_291' title='bbox 1347 3044 1411 3097; x_wconf 91' lang='lat' dir='ltr'>et</span> <span class='ocrx_word' id='word_1_292' title='bbox 1445 3034 1838 3098; x_wconf 60' lang='lat' dir='ltr'>excellentia}</span> <span class='ocrx_word' id='word_1_293' title='bbox 1875 3034 2016 3115; x_wconf 82' lang='lat' dir='ltr'>ejus</span> <span class='ocrx_word' id='word_1_294' title='bbox 2056 3035 2325 3096; x_wconf 90' lang='lat' dir='ltr'>immen-</span> <span class='ocrx_word' id='word_1_295' title='bbox 2360 3031 2403 3096; x_wconf 91' lang='lat' dir='ltr'>C</span> <span class='ocrx_word' id='word_1_296' title='bbox 2439 3035 2942 3118; x_wconf 88' lang='lat' dir='ltr'>templationem,</span> <span class='ocrx_word' id='word_1_297' title='bbox 2978 3035 3043 3097; x_wconf 92' lang='lat' dir='ltr'>in</span> <span class='ocrx_word' id='word_1_298' title='bbox 3084 3036 3320 3118; x_wconf 90' lang='lat' dir='ltr'>quibus</span> <span class='ocrx_word' id='word_1_299' title='bbox 3360 3036 3601 3118; x_wconf 83' lang='lat' dir='ltr'>Moyses</span> <span class='ocrx_word' id='word_1_300' title='bbox 3639 3035 3795 3099; x_wconf 90' lang='lat' dir='ltr'>alios</span> <span class='ocrx_word' id='word_1_301' title='bbox 3834 3056 3943 3100; x_wconf 87' lang='lat' dir='ltr'>ex-</span> 
     </span>
    </p>
   </div>
   <div class='ocr_carea' id='block_1_16' title="bbox 777 3132 2328 4198">
    <p class='ocr_par' dir='ltr' id='par_1_18' title="bbox 777 3132 2328 3492">
     <span class='ocr_line' id='line_1_51' title="bbox 817 3132 2319 3215; baseline -0.004 -17"><span class='ocrx_word' id='word_1_302' title='bbox 817 3155 923 3209; x_wconf 79' lang='lat' dir='ltr'>sae,</span> <span class='ocrx_word' id='word_1_303' title='bbox 975 3142 1047 3197; x_wconf 88' lang='lat' dir='ltr'>ut</span> <span class='ocrx_word' id='word_1_304' title='bbox 1094 3134 1160 3195; x_wconf 90' lang='lat' dir='ltr'>in</span> <span class='ocrx_word' id='word_1_305' title='bbox 1211 3132 1446 3196; x_wconf 85' lang='lat' dir='ltr'>talibus</span> <span class='ocrx_word' id='word_1_306' title='bbox 1495 3133 1554 3195; x_wconf 89' lang='lat' dir='ltr'>ei</span> <span class='ocrx_word' id='word_1_307' title='bbox 1604 3132 1812 3213; x_wconf 87' lang='lat' dir='ltr'>angeli</span> <span class='ocrx_word' id='word_1_308' title='bbox 1864 3132 2319 3215; x_wconf 87' lang='lat' dir='ltr'>obsequantur.</span> 
     </span>
     <span class='ocr_line' id='line_1_52' title="bbox 777 3229 2324 3315; baseline -0.003 -19"><span class='ocrx_word' id='word_1_309' title='bbox 777 3285 790 3304; x_wconf 86' lang='lat'>‚</span> <span class='ocrx_word' id='word_1_310' title='bbox 819 3234 1078 3315; x_wconf 89' lang='lat' dir='ltr'>Propter</span> <span class='ocrx_word' id='word_1_311' title='bbox 1125 3231 1296 3314; x_wconf 90' lang='lat' dir='ltr'>quod</span> <span class='ocrx_word' id='word_1_312' title='bbox 1351 3231 1655 3294; x_wconf 83' lang='lat' dir='ltr'>scribitur</span> <span class='ocrx_word' id='word_1_313' title='bbox 1701 3231 1778 3293; x_wconf 94' lang='lat' dir='ltr'>ad</span> <span class='ocrx_word' id='word_1_314' title='bbox 1830 3230 2075 3295; x_wconf 89' lang='lat' dir='ltr'>Galatas</span> <span class='ocrx_word' id='word_1_315' title='bbox 2130 3248 2144 3292; x_wconf 74' lang='grc' dir='ltr'>ε</span> <span class='ocrx_word' id='word_1_316' title='bbox 2198 3229 2324 3292; x_wconf 87' lang='lat' dir='ltr'>Lex</span> 
     </span>
     <span class='ocr_line' id='line_1_53' title="bbox 819 3328 2328 3410; baseline -0.003 -17"><span class='ocrx_word' id='word_1_317' title='bbox 819 3331 1109 3393; x_wconf 87' lang='lat' dir='ltr'>ordinata</span> <span class='ocrx_word' id='word_1_318' title='bbox 1150 3335 1244 3390; x_wconf 89' lang='lat' dir='ltr'>est</span> <span class='ocrx_word' id='word_1_319' title='bbox 1290 3347 1405 3410; x_wconf 88' lang='lat' dir='ltr'>per</span> <span class='ocrx_word' id='word_1_320' title='bbox 1446 3329 1704 3410; x_wconf 88' lang='lat' dir='ltr'>angelos</span> <span class='ocrx_word' id='word_1_321' title='bbox 1750 3329 1815 3390; x_wconf 90' lang='lat' dir='ltr'>in</span> <span class='ocrx_word' id='word_1_322' title='bbox 1861 3347 2053 3390; x_wconf 90' lang='lat' dir='ltr'>manu</span> <span class='ocrx_word' id='word_1_323' title='bbox 2095 3328 2328 3390; x_wconf 88' lang='lat' dir='ltr'>media-</span> 
     </span>
     <span class='ocr_line' id='line_1_54' title="bbox 819 3429 992 3492; baseline -0.006 -1"><span class='ocrx_word' id='word_1_324' title='bbox 819 3429 992 3492; x_wconf 90' lang='lat' dir='ltr'>toris.</span> 
     </span>
    </p>

    <p class='ocr_par' dir='ltr' id='par_1_19' title="bbox 817 3526 2327 4198">
     <span class='ocr_line' id='line_1_55' title="bbox 903 3526 2325 3610; baseline -0.004 -18"><span class='ocrx_word' id='word_1_325' title='bbox 903 3529 1082 3592; x_wconf 89' lang='lat' dir='ltr'>Circa</span> <span class='ocrx_word' id='word_1_326' title='bbox 1126 3528 1247 3591; x_wconf 91' lang='lat' dir='ltr'>hoc</span> <span class='ocrx_word' id='word_1_327' title='bbox 1290 3527 1621 3610; x_wconf 70' lang='lat' dir='ltr'>quaeritur,</span> <span class='ocrx_word' id='word_1_328' title='bbox 1655 3544 1772 3587; x_wconf 91' lang='lat' dir='ltr'>cur</span> <span class='ocrx_word' id='word_1_329' title='bbox 1813 3533 1959 3587; x_wconf 89' lang='lat' dir='ltr'>ante</span> <span class='ocrx_word' id='word_1_330' title='bbox 2009 3526 2325 3588; x_wconf 86' lang='lat' dir='ltr'>diluvium</span> 
     </span>
     <span class='ocr_line' id='line_1_56' title="bbox 821 3624 2323 3709; baseline -0.003 -19"><span class='ocrx_word' id='word_1_331' title='bbox 821 3646 1079 3709; x_wconf 87' lang='lat' dir='ltr'>semper</span> <span class='ocrx_word' id='word_1_332' title='bbox 1110 3627 1342 3708; x_wconf 87' lang='lat' dir='ltr'>legitur</span> <span class='ocrx_word' id='word_1_333' title='bbox 1374 3625 1681 3688; x_wconf 89' lang='lat' dir='ltr'>Dominus</span> <span class='ocrx_word' id='word_1_334' title='bbox 1711 3624 2081 3706; x_wconf 88' lang='lat' dir='ltr'>apparuisse</span> <span class='ocrx_word' id='word_1_335' title='bbox 2114 3624 2178 3685; x_wconf 92' lang='lat' dir='ltr'>in</span> <span class='ocrx_word' id='word_1_336' title='bbox 2212 3643 2279 3686; x_wconf 92' lang='lat' dir='ltr'>se</span> <span class='ocrx_word' id='word_1_337' title='bbox 2307 3642 2323 3702; x_wconf 91' lang='lat'>;</span> 
     </span>
     <span class='ocr_line' id='line_1_57' title="bbox 819 3723 2321 3809; baseline -0.003 -20"><span class='ocrx_word' id='word_1_338' title='bbox 819 3726 928 3789; x_wconf 91' lang='lat' dir='ltr'>sed</span> <span class='ocrx_word' id='word_1_339' title='bbox 970 3733 1112 3809; x_wconf 89' lang='lat' dir='ltr'>post</span> <span class='ocrx_word' id='word_1_340' title='bbox 1151 3726 1467 3788; x_wconf 90' lang='lat' dir='ltr'>diluvium</span> <span class='ocrx_word' id='word_1_341' title='bbox 1509 3731 1570 3786; x_wconf 90' lang='lat' dir='ltr'>et</span> <span class='ocrx_word' id='word_1_342' title='bbox 1614 3731 1759 3786; x_wconf 92' lang='lat' dir='ltr'>ante</span> <span class='ocrx_word' id='word_1_343' title='bbox 1793 3723 2321 3798; x_wconf 89' lang='lat' dir='ltr'>Incarnationem,</span> 
     </span>
     <span class='ocr_line' id='line_1_58' title="bbox 817 3821 2321 3906; baseline -0.002 -20"><span class='ocrx_word' id='word_1_344' title='bbox 817 3825 1214 3906; x_wconf 90' lang='lat' dir='ltr'>ubicumque</span> <span class='ocrx_word' id='word_1_345' title='bbox 1266 3823 1498 3903; x_wconf 89' lang='lat' dir='ltr'>legitur</span> <span class='ocrx_word' id='word_1_346' title='bbox 1541 3821 1881 3884; x_wconf 89' lang='lat' dir='ltr'>Dominum</span> <span class='ocrx_word' id='word_1_347' title='bbox 1927 3821 2321 3903; x_wconf 88' lang='lat' dir='ltr'>apparuisse,</span> 
     </span>
     <span class='ocr_line' id='line_1_59' title="bbox 819 3919 2325 4004; baseline -0.001 -20"><span class='ocrx_word' id='word_1_348' title='bbox 819 3922 1051 4004; x_wconf 85' lang='lat' dir='ltr'>legitur</span> <span class='ocrx_word' id='word_1_349' title='bbox 1081 3922 1250 4004; x_wconf 92' lang='lat' dir='ltr'>quod</span> <span class='ocrx_word' id='word_1_350' title='bbox 1281 3920 1578 4003; x_wconf 86' lang='lat' dir='ltr'>apparuit</span> <span class='ocrx_word' id='word_1_351' title='bbox 1607 3919 1670 3981; x_wconf 90' lang='lat' dir='ltr'>in</span> <span class='ocrx_word' id='word_1_352' title='bbox 1703 3919 1946 4000; x_wconf 87' lang='lat' dir='ltr'>angelo.</span> <span class='ocrx_word' id='word_1_353' title='bbox 1971 3919 2146 3993; x_wconf 90' lang='lat' dir='ltr'>Quod</span> <span class='ocrx_word' id='word_1_354' title='bbox 2179 3919 2325 3982; x_wconf 92' lang='lat' dir='ltr'>inde</span> 
     </span>
     <span class='ocr_line' id='line_1_60' title="bbox 818 4017 2327 4103; baseline -0.002 -21"><span class='ocrx_word' id='word_1_355' title='bbox 818 4020 1258 4103; x_wconf 90' lang='lat' dir='ltr'>perpenditur,</span> <span class='ocrx_word' id='word_1_356' title='bbox 1292 4019 1461 4102; x_wconf 88' lang='lat' dir='ltr'>quod</span> <span class='ocrx_word' id='word_1_357' title='bbox 1494 4017 1582 4080; x_wconf 91' lang='lat' dir='ltr'>ibi</span> <span class='ocrx_word' id='word_1_358' title='bbox 1617 4018 2028 4100; x_wconf 82' lang='lat' dir='ltr'>praemittitur</span> <span class='ocrx_word' id='word_1_359' title='bbox 2056 4026 2166 4080; x_wconf 90' lang='lat' dir='ltr'>aut</span> <span class='ocrx_word' id='word_1_360' title='bbox 2197 4036 2327 4080; x_wconf 92' lang='lat' dir='ltr'>cer-</span> 
     </span>
     <span class='ocr_line' id='line_1_61' title="bbox 819 4115 2324 4198; baseline -0.001 -18"><span class='ocrx_word' id='word_1_361' title='bbox 819 4126 880 4180; x_wconf 88' lang='lat' dir='ltr'>te</span> <span class='ocrx_word' id='word_1_362' title='bbox 912 4117 1324 4198; x_wconf 83' lang='lat' dir='ltr'>subjungitur</span> <span class='ocrx_word' id='word_1_363' title='bbox 1353 4117 1430 4180; x_wconf 92' lang='lat' dir='ltr'>de</span> <span class='ocrx_word' id='word_1_364' title='bbox 1459 4115 1666 4198; x_wconf 88' lang='lat' dir='ltr'>angeli</span> <span class='ocrx_word' id='word_1_365' title='bbox 1697 4116 2113 4198; x_wconf 88' lang='lat' dir='ltr'>apparitione.</span> <span class='ocrx_word' id='word_1_366' title='bbox 2151 4116 2324 4179; x_wconf 88' lang='lat' dir='ltr'>Unde</span> 
     </span>
    </p>
   </div>
   <div class='ocr_carea' id='block_1_17' title="bbox 2433 3134 3943 3798">
    <p class='ocr_par' dir='ltr' id='par_1_20' title="bbox 2437 3134 3943 3490">
     <span class='ocr_line' id='line_1_62' title="bbox 2437 3134 3941 3217; baseline 0.001 -21"><span class='ocrx_word' id='word_1_367' title='bbox 2437 3134 2707 3196; x_wconf 90' lang='lat' dir='ltr'>cellebat</span> <span class='ocrx_word' id='word_1_368' title='bbox 2736 3134 3099 3217; x_wconf 84' lang='lat' dir='ltr'>Prophetas,</span> <span class='ocrx_word' id='word_1_369' title='bbox 3132 3153 3259 3198; x_wconf 90' lang='lat' dir='ltr'>non</span> <span class='ocrx_word' id='word_1_370' title='bbox 3291 3135 3499 3196; x_wconf 90' lang='lat' dir='ltr'>solum</span> <span class='ocrx_word' id='word_1_371' title='bbox 3530 3135 3842 3217; x_wconf 89' lang='lat' dir='ltr'>corporali</span> <span class='ocrx_word' id='word_1_372' title='bbox 3874 3143 3941 3198; x_wconf 86' lang='lat' dir='ltr'>et</span> 
     </span>
     <span class='ocr_line' id='line_1_63' title="bbox 2438 3231 3943 3316; baseline 0.002 -23"><span class='ocrx_word' id='word_1_373' title='bbox 2438 3231 2809 3313; x_wconf 88' lang='lat' dir='ltr'>imaginaria</span> <span class='ocrx_word' id='word_1_374' title='bbox 2840 3233 2951 3294; x_wconf 91' lang='lat' dir='ltr'>sed</span> <span class='ocrx_word' id='word_1_375' title='bbox 2988 3239 3051 3294; x_wconf 88' lang='lat' dir='ltr'>et</span> <span class='ocrx_word' id='word_1_376' title='bbox 3093 3233 3509 3296; x_wconf 88' lang='lat' dir='ltr'>intellectuali</span> <span class='ocrx_word' id='word_1_377' title='bbox 3546 3253 3619 3296; x_wconf 90' lang='lat' dir='ltr'>ac</span> <span class='ocrx_word' id='word_1_378' title='bbox 3649 3234 3943 3316; x_wconf 85' lang='lat' dir='ltr'>anagogi-</span> 
     </span>
     <span class='ocr_line' id='line_1_64' title="bbox 2437 3330 3943 3412; baseline 0.001 -20"><span class='ocrx_word' id='word_1_379' title='bbox 2437 3348 2509 3392; x_wconf 92' lang='lat' dir='ltr'>ca</span> <span class='ocrx_word' id='word_1_380' title='bbox 2555 3330 2893 3394; x_wconf 87' lang='lat' dir='ltr'>intuitione</span> <span class='ocrx_word' id='word_1_381' title='bbox 2938 3330 3396 3412; x_wconf 90' lang='lat' dir='ltr'>contemplans.</span> <span class='ocrx_word' id='word_1_382' title='bbox 3431 3332 3575 3395; x_wconf 82' lang='lat' dir='ltr'>Haec</span> <span class='ocrx_word' id='word_1_383' title='bbox 3618 3331 3943 3395; x_wconf 86' lang='lat' dir='ltr'>Bonaven-</span> 
     </span>
     <span class='ocr_line' id='line_1_65' title="bbox 2439 3435 2599 3490; baseline 0.006 -2"><span class='ocrx_word' id='word_1_384' title='bbox 2439 3435 2599 3490; x_wconf 88' lang='lat' dir='ltr'>tura.</span> 
     </span>
    </p>

    <p class='ocr_par' dir='ltr' id='par_1_21' title="bbox 2433 3526 3943 3798">
     <span class='ocr_line' id='line_1_66' title="bbox 2514 3526 3943 3608; baseline 0.002 -20"><span class='ocrx_word' id='word_1_385' title='bbox 2514 3526 2781 3608; x_wconf 89' lang='lat' dir='ltr'>Insuper</span> <span class='ocrx_word' id='word_1_386' title='bbox 2829 3526 3098 3588; x_wconf 88' lang='lat' dir='ltr'>Thomas</span> <span class='ocrx_word' id='word_1_387' title='bbox 3134 3544 3148 3589; x_wconf 75' lang='grc' dir='ltr'>ε</span> <span class='ocrx_word' id='word_1_388' title='bbox 3184 3528 3371 3600; x_wconf 83' lang='lat' dir='ltr'>DeuS,</span> <span class='ocrx_word' id='word_1_389' title='bbox 3417 3527 3525 3601; x_wconf 88' lang='lat' dir='ltr'>ait,</span> <span class='ocrx_word' id='word_1_390' title='bbox 3568 3528 3635 3590; x_wconf 89' lang='lat' dir='ltr'>in</span> <span class='ocrx_word' id='word_1_391' title='bbox 3684 3547 3801 3591; x_wconf 90' lang='lat' dir='ltr'>sua</span> <span class='ocrx_word' id='word_1_392' title='bbox 3844 3548 3943 3591; x_wconf 87' lang='lat' dir='ltr'>es·</span> 
     </span>
     <span class='ocr_line' id='line_1_67' title="bbox 2434 3625 3943 3710; baseline 0.002 -23"><span class='ocrx_word' id='word_1_393' title='bbox 2434 3626 2638 3687; x_wconf 88' lang='lat' dir='ltr'>sentia</span> <span class='ocrx_word' id='word_1_394' title='bbox 2668 3625 3105 3707; x_wconf 90' lang='lat' dir='ltr'>corporalibus</span> <span class='ocrx_word' id='word_1_395' title='bbox 3134 3625 3338 3689; x_wconf 92' lang='lat' dir='ltr'>oculis</span> <span class='ocrx_word' id='word_1_396' title='bbox 3370 3645 3697 3709; x_wconf 90' lang='lat' dir='ltr'>nunquam</span> <span class='ocrx_word' id='word_1_397' title='bbox 3732 3635 3943 3710; x_wconf 86' lang='lat' dir='ltr'>potest</span> 
     </span>
     <span class='ocr_line' id='line_1_68' title="bbox 2433 3723 3934 3798; baseline 0.002 -13"><span class='ocrx_word' id='word_1_398' title='bbox 2433 3724 2658 3796; x_wconf 88' lang='lat' dir='ltr'>videri,</span> <span class='ocrx_word' id='word_1_399' title='bbox 2692 3741 2811 3788; x_wconf 91' lang='lat' dir='ltr'>nec</span> <span class='ocrx_word' id='word_1_400' title='bbox 2850 3723 3043 3786; x_wconf 89' lang='lat' dir='ltr'>etiam</span> <span class='ocrx_word' id='word_1_401' title='bbox 3083 3723 3434 3798; x_wconf 89' lang='lat' dir='ltr'>intellectu,</span> <span class='ocrx_word' id='word_1_402' title='bbox 3466 3725 3591 3787; x_wconf 91' lang='lat' dir='ltr'>nisi</span> <span class='ocrx_word' id='word_1_403' title='bbox 3631 3745 3669 3788; x_wconf 90' lang='lat' dir='ltr'>a</span> <span class='ocrx_word' id='word_1_404' title='bbox 3706 3726 3934 3788; x_wconf 82' lang='lat' dir='ltr'>Beatis,</span> 
     </span>
    </p>
   </div>
   <div class='ocr_carea' id='block_1_18' title="bbox 2432 3820 3943 3904">
    <p class='ocr_par' dir='ltr' id='par_1_22' title="bbox 2432 3820 3943 3904">
     <span class='ocr_line' id='line_1_69' title="bbox 2432 3820 3943 3904; baseline 0.001 -22"><span class='ocrx_word' id='word_1_405' title='bbox 2432 3821 2666 3883; x_wconf 87' lang='lat' dir='ltr'>Verum</span> <span class='ocrx_word' id='word_1_406' title='bbox 2698 3821 2762 3883; x_wconf 91' lang='lat' dir='ltr'>in</span> <span class='ocrx_word' id='word_1_407' title='bbox 2796 3820 3019 3884; x_wconf 89' lang='lat' dir='ltr'>formis</span> <span class='ocrx_word' id='word_1_408' title='bbox 3048 3821 3485 3904; x_wconf 89' lang='lat' dir='ltr'>corporalibus</span> <span class='ocrx_word' id='word_1_409' title='bbox 3517 3823 3805 3903; x_wconf 90' lang='lat' dir='ltr'>apparuit</span> <span class='ocrx_word' id='word_1_410' title='bbox 3832 3822 3943 3884; x_wconf 90' lang='lat' dir='ltr'>ho-</span> 
     </span>
    </p>
   </div>
   <div class='ocr_carea' id='block_1_19' title="bbox 2436 3919 3941 3995">
    <p class='ocr_par' dir='ltr' id='par_1_23' title="bbox 2436 3919 3941 3995">
     <span class='ocr_line' id='line_1_70' title="bbox 2436 3919 3941 3995; baseline 0.002 -14"><span class='ocrx_word' id='word_1_411' title='bbox 2436 3919 2738 3981; x_wconf 92' lang='lat' dir='ltr'>minibus.</span> <span class='ocrx_word' id='word_1_412' title='bbox 2776 3919 3017 3982; x_wconf 81' lang='lat' dir='ltr'>Divinae</span> <span class='ocrx_word' id='word_1_413' title='bbox 3047 3927 3260 3982; x_wconf 88' lang='lat' dir='ltr'>autem</span> <span class='ocrx_word' id='word_1_414' title='bbox 3296 3919 3817 3995; x_wconf 83' lang='lat' dir='ltr'>illuminationeS,</span> <span class='ocrx_word' id='word_1_415' title='bbox 3842 3939 3941 3984; x_wconf 88' lang='lat' dir='ltr'>se-</span> 
     </span>
    </p>
   </div>
   <div class='ocr_carea' id='block_1_20' title="bbox 2435 4017 4263 4146">
    <p class='ocr_par' dir='ltr' id='par_1_24' title="bbox 2435 4017 4263 4146">
     <span class='ocr_line' id='line_1_71' title="bbox 2435 4017 4263 4142; baseline 0.003 -62"><span class='ocrx_word' id='word_1_416' title='bbox 2435 4019 2714 4080; x_wconf 89' lang='lat' dir='ltr'>cundum</span> <span class='ocrx_word' id='word_1_417' title='bbox 2747 4017 2813 4080; x_wconf 92' lang='lat' dir='ltr'>B.</span> <span class='ocrx_word' id='word_1_418' title='bbox 2849 4017 3245 4100; x_wconf 83' lang='lat' dir='ltr'>Dionysium,</span> <span class='ocrx_word' id='word_1_419' title='bbox 3280 4036 3405 4080; x_wconf 90' lang='lat' dir='ltr'>non</span> <span class='ocrx_word' id='word_1_420' title='bbox 3441 4019 3835 4083; x_wconf 88' lang='lat' dir='ltr'>descendunt</span> <span class='ocrx_word' id='word_1_421' title='bbox 3866 4019 3935 4082; x_wconf 88' lang='lat' dir='ltr'>in</span> <span class='ocrx_word' id='word_1_422' title='bbox 3966 4035 4263 4142; x_wconf 44' lang='lat' dir='ltr'>utitecoetoet.</span> 
     </span>
     <span class='ocr_line' id='line_1_72' title="bbox 4016 4115 4247 4146; baseline 0.009 -2"><span class='ocrx_word' id='word_1_423' title='bbox 4016 4115 4093 4145; x_wconf 66' lang='lat' dir='ltr'>e?-</span> <span class='ocrx_word' id='word_1_424' title='bbox 4116 4117 4161 4146; x_wconf 70' lang='lat' dir='ltr'>c.</span> <span class='ocrx_word' id='word_1_425' title='bbox 4188 4119 4247 4146; x_wconf 67' lang='grc' dir='ltr'>Ν.</span> 
     </span>
    </p>
   </div>
   <div class='ocr_carea' id='block_1_21' title="bbox 2432 4116 3939 4181">
    <p class='ocr_par' dir='ltr' id='par_1_25' title="bbox 2432 4116 3939 4181">
     <span class='ocr_line' id='line_1_73' title="bbox 2432 4116 3939 4181; baseline 0.002 -3"><span class='ocrx_word' id='word_1_426' title='bbox 2432 4134 2546 4179; x_wconf 92' lang='lat' dir='ltr'>nos</span> <span class='ocrx_word' id='word_1_427' title='bbox 2578 4116 2700 4178; x_wconf 91' lang='lat' dir='ltr'>nisi</span> <span class='ocrx_word' id='word_1_428' title='bbox 2734 4117 3044 4180; x_wconf 88' lang='lat' dir='ltr'>mediante</span> <span class='ocrx_word' id='word_1_429' title='bbox 3075 4117 3429 4180; x_wconf 90' lang='lat' dir='ltr'>hierarchia</span> <span class='ocrx_word' id='word_1_430' title='bbox 3460 4117 3939 4181; x_wconf 79' lang='lat' dir='ltr'>coelestizidcir·</span> 
     </span>
    </p>
   </div>
   <div class='ocr_carea' id='block_1_22' title="bbox 818 4214 3937 4298">
    <p class='ocr_par' dir='ltr' id='par_1_26' title="bbox 818 4214 3937 4298">
     <span class='ocr_line' id='line_1_74' title="bbox 818 4214 3937 4298; baseline 0.001 -20"><span class='ocrx_word' id='word_1_431' title='bbox 818 4215 1160 4298; x_wconf 90' lang='lat' dir='ltr'>aliquando</span> <span class='ocrx_word' id='word_1_432' title='bbox 1190 4215 1346 4277; x_wconf 90' lang='lat' dir='ltr'>dicit</span> <span class='ocrx_word' id='word_1_433' title='bbox 1376 4215 1704 4296; x_wconf 88' lang='lat' dir='ltr'>Scriptura</span> <span class='ocrx_word' id='word_1_434' title='bbox 1732 4214 2028 4294; x_wconf 84' lang='lat' dir='ltr'>angelum</span> <span class='ocrx_word' id='word_1_435' title='bbox 2066 4233 2205 4276; x_wconf 88' lang='lat' dir='ltr'>esse</span> <span class='ocrx_word' id='word_1_436' title='bbox 2238 4215 2323 4278; x_wconf 87' lang='lat' dir='ltr'>lo·</span> <span class='ocrx_word' id='word_1_437' title='bbox 2355 4223 2405 4285; x_wconf 91' lang='lat' dir='ltr'>D</span> <span class='ocrx_word' id='word_1_438' title='bbox 2436 4215 2599 4279; x_wconf 89' lang='lat' dir='ltr'>coin</span> <span class='ocrx_word' id='word_1_439' title='bbox 2628 4215 2940 4277; x_wconf 89' lang='lat' dir='ltr'>universis</span> <span class='ocrx_word' id='word_1_440' title='bbox 2972 4215 3403 4298; x_wconf 90' lang='lat' dir='ltr'>corporalibus</span> <span class='ocrx_word' id='word_1_441' title='bbox 3432 4215 3937 4298; x_wconf 88' lang='lat' dir='ltr'>apparitionibus</span> 
     </span>
    </p>
   </div>
   <div class='ocr_carea' id='block_1_23' title="bbox 819 4312 2329 5083">
    <p class='ocr_par' dir='ltr' id='par_1_27' title="bbox 819 4312 2329 5083">
     <span class='ocr_line' id='line_1_75' title="bbox 821 4312 2321 4396; baseline -0.001 -19"><span class='ocrx_word' id='word_1_442' title='bbox 821 4322 1064 4388; x_wconf 89' lang='lat' dir='ltr'>cutum,</span> <span class='ocrx_word' id='word_1_443' title='bbox 1125 4313 1468 4396; x_wconf 89' lang='lat' dir='ltr'>aliquando</span> <span class='ocrx_word' id='word_1_444' title='bbox 1528 4313 1748 4375; x_wconf 91' lang='lat' dir='ltr'>Deum.</span> <span class='ocrx_word' id='word_1_445' title='bbox 1807 4347 1888 4357; x_wconf 97' lang='lat'><strong>—</strong></span> <span class='ocrx_word' id='word_1_446' title='bbox 1945 4312 2321 4386; x_wconf 91' lang='lat' dir='ltr'>Dicendum,</span> 
     </span>
     <span class='ocr_line' id='line_1_76' title="bbox 820 4412 2329 4496; baseline -0.003 -19"><span class='ocrx_word' id='word_1_447' title='bbox 820 4413 988 4496; x_wconf 91' lang='lat' dir='ltr'>quod</span> <span class='ocrx_word' id='word_1_448' title='bbox 1036 4413 1410 4475; x_wconf 89' lang='lat' dir='ltr'>imminente</span> <span class='ocrx_word' id='word_1_449' title='bbox 1455 4412 1722 4486; x_wconf 84' lang='lat' dir='ltr'>diluvio,</span> <span class='ocrx_word' id='word_1_450' title='bbox 1755 4412 1965 4474; x_wconf 90' lang='lat' dir='ltr'>omnis</span> <span class='ocrx_word' id='word_1_451' title='bbox 2010 4429 2155 4474; x_wconf 88' lang='lat' dir='ltr'>caro</span> <span class='ocrx_word' id='word_1_452' title='bbox 2196 4430 2329 4475; x_wconf 89' lang='lat' dir='ltr'>cor-</span> 
     </span>
     <span class='ocr_line' id='line_1_77' title="bbox 819 4509 2326 4595; baseline -0.001 -21"><span class='ocrx_word' id='word_1_453' title='bbox 819 4519 1080 4595; x_wconf 88' lang='lat' dir='ltr'>ruperat</span> <span class='ocrx_word' id='word_1_454' title='bbox 1110 4511 1280 4573; x_wconf 88' lang='lat' dir='ltr'>viam</span> <span class='ocrx_word' id='word_1_455' title='bbox 1323 4531 1502 4573; x_wconf 91' lang='lat' dir='ltr'>suam</span> <span class='ocrx_word' id='word_1_456' title='bbox 1540 4528 1555 4574; x_wconf 89' lang='lat'>:</span> <span class='ocrx_word' id='word_1_457' title='bbox 1592 4510 1655 4572; x_wconf 92' lang='lat' dir='ltr'>in</span> <span class='ocrx_word' id='word_1_458' title='bbox 1699 4509 1884 4590; x_wconf 86' lang='lat' dir='ltr'>cujus</span> <span class='ocrx_word' id='word_1_459' title='bbox 1926 4509 2326 4592; x_wconf 89' lang='lat' dir='ltr'>punitionem</span> 
     </span>
     <span class='ocr_line' id='line_1_78' title="bbox 820 4609 2329 4674; baseline -0.002 -1"><span class='ocrx_word' id='word_1_460' title='bbox 820 4611 1130 4674; x_wconf 89' lang='lat' dir='ltr'>Dominus</span> <span class='ocrx_word' id='word_1_461' title='bbox 1181 4609 1445 4672; x_wconf 91' lang='lat' dir='ltr'>immisit</span> <span class='ocrx_word' id='word_1_462' title='bbox 1494 4611 1832 4672; x_wconf 88' lang='lat' dir='ltr'>diluvium.</span> <span class='ocrx_word' id='word_1_463' title='bbox 1885 4609 2126 4671; x_wconf 92' lang='lat' dir='ltr'>Idcirco</span> <span class='ocrx_word' id='word_1_464' title='bbox 2177 4617 2329 4670; x_wconf 90' lang='lat' dir='ltr'>tunc</span> 
     </span>
     <span class='ocr_line' id='line_1_79' title="bbox 819 4707 2326 4772; baseline -0.003 0"><span class='ocrx_word' id='word_1_465' title='bbox 819 4709 1128 4772; x_wconf 88' lang='lat' dir='ltr'>Dominus</span> <span class='ocrx_word' id='word_1_466' title='bbox 1189 4709 1501 4772; x_wconf 87' lang='lat' dir='ltr'>minorem</span> <span class='ocrx_word' id='word_1_467' title='bbox 1552 4707 1774 4770; x_wconf 88' lang='lat' dir='ltr'>habuit</span> <span class='ocrx_word' id='word_1_468' title='bbox 1825 4707 2326 4769; x_wconf 82' lang='lat' dir='ltr'>familiaritatem</span> 
     </span>
     <span class='ocr_line' id='line_1_80' title="bbox 821 4805 2325 4887; baseline -0.003 -17"><span class='ocrx_word' id='word_1_469' title='bbox 821 4827 968 4871; x_wconf 91' lang='lat' dir='ltr'>cum</span> <span class='ocrx_word' id='word_1_470' title='bbox 1001 4815 1226 4869; x_wconf 89' lang='lat' dir='ltr'>natura</span> <span class='ocrx_word' id='word_1_471' title='bbox 1255 4806 1552 4868; x_wconf 89' lang='lat' dir='ltr'>humana.</span> <span class='ocrx_word' id='word_1_472' title='bbox 1579 4806 1670 4868; x_wconf 90' lang='lat' dir='ltr'>Ad</span> <span class='ocrx_word' id='word_1_473' title='bbox 1703 4807 1872 4887; x_wconf 89' lang='lat' dir='ltr'>quod</span> <span class='ocrx_word' id='word_1_474' title='bbox 1904 4805 2325 4880; x_wconf 90' lang='lat' dir='ltr'>innuendum,</span> 
     </span>
     <span class='ocr_line' id='line_1_81' title="bbox 820 4903 2326 4989; baseline -0.004 -19"><span class='ocrx_word' id='word_1_475' title='bbox 820 4914 966 4989; x_wconf 89' lang='lat' dir='ltr'>post</span> <span class='ocrx_word' id='word_1_476' title='bbox 1013 4905 1328 4968; x_wconf 88' lang='lat' dir='ltr'>diluvium</span> <span class='ocrx_word' id='word_1_477' title='bbox 1379 4921 1506 4966; x_wconf 90' lang='lat' dir='ltr'>non</span> <span class='ocrx_word' id='word_1_478' title='bbox 1556 4903 1786 4984; x_wconf 88' lang='lat' dir='ltr'>legitur</span> <span class='ocrx_word' id='word_1_479' title='bbox 1839 4903 2213 4985; x_wconf 91' lang='lat' dir='ltr'>apparuisse</span> <span class='ocrx_word' id='word_1_480' title='bbox 2263 4903 2326 4964; x_wconf 92' lang='lat' dir='ltr'>in</span> 
     </span>
     <span class='ocr_line' id='line_1_82' title="bbox 820 5001 2327 5083; baseline -0.003 -15"><span class='ocrx_word' id='word_1_481' title='bbox 820 5025 910 5079; x_wconf 90' lang='lat' dir='ltr'>se,</span> <span class='ocrx_word' id='word_1_482' title='bbox 945 5004 1055 5067; x_wconf 91' lang='lat' dir='ltr'>sed</span> <span class='ocrx_word' id='word_1_483' title='bbox 1091 5003 1156 5065; x_wconf 90' lang='lat' dir='ltr'>in</span> <span class='ocrx_word' id='word_1_484' title='bbox 1195 5001 1440 5083; x_wconf 86' lang='lat' dir='ltr'>angelo,</span> <span class='ocrx_word' id='word_1_485' title='bbox 1478 5011 1546 5063; x_wconf 88' lang='lat' dir='ltr'>ut</span> <span class='ocrx_word' id='word_1_486' title='bbox 1576 5009 1832 5064; x_wconf 85' lang='lat' dir='ltr'>notetur</span> <span class='ocrx_word' id='word_1_487' title='bbox 1870 5001 2186 5082; x_wconf 84' lang='lat' dir='ltr'>elongatio</span> <span class='ocrx_word' id='word_1_488' title='bbox 2216 5002 2327 5063; x_wconf 91' lang='lat' dir='ltr'>Dei</span> 
     </span>
    </p>
   </div>
   <div class='ocr_carea' id='block_1_24' title="bbox 819 5099 2333 5281">
    <p class='ocr_par' dir='ltr' id='par_1_28' title="bbox 819 5099 2333 5281">
     <span class='ocr_line' id='line_1_83' title="bbox 819 5099 2332 5180; baseline -0.003 -14"><span class='ocrx_word' id='word_1_489' title='bbox 819 5103 900 5166; x_wconf 87' lang='lat' dir='ltr'>ab</span> <span class='ocrx_word' id='word_1_490' title='bbox 946 5102 1204 5165; x_wconf 91' lang='lat' dir='ltr'>homine</span> <span class='ocrx_word' id='word_1_491' title='bbox 1245 5100 1328 5164; x_wconf 94' lang='lat' dir='ltr'>ob</span> <span class='ocrx_word' id='word_1_492' title='bbox 1375 5100 1546 5164; x_wconf 90' lang='lat' dir='ltr'>illam</span> <span class='ocrx_word' id='word_1_493' title='bbox 1589 5099 2086 5180; x_wconf 89' lang='lat' dir='ltr'>corruptionem.</span> <span class='ocrx_word' id='word_1_494' title='bbox 2122 5099 2332 5162; x_wconf 89' lang='lat' dir='ltr'>Potest</span> 
     </span>
     <span class='ocr_line' id='line_1_84' title="bbox 820 5195 2333 5281; baseline -0.003 -17"><span class='ocrx_word' id='word_1_495' title='bbox 820 5202 1014 5265; x_wconf 87' lang='lat' dir='ltr'>etiam</span> <span class='ocrx_word' id='word_1_496' title='bbox 1047 5198 1441 5281; x_wconf 87' lang='lat' dir='ltr'>responderi,</span> <span class='ocrx_word' id='word_1_497' title='bbox 1462 5197 1630 5280; x_wconf 91' lang='lat' dir='ltr'>quod</span> <span class='ocrx_word' id='word_1_498' title='bbox 1664 5205 1805 5278; x_wconf 88' lang='lat' dir='ltr'>post</span> <span class='ocrx_word' id='word_1_499' title='bbox 1834 5195 2152 5259; x_wconf 89' lang='lat' dir='ltr'>diluvium</span> <span class='ocrx_word' id='word_1_500' title='bbox 2184 5197 2333 5260; x_wconf 87' lang='lat' dir='ltr'>scri·</span> 
     </span>
    </p>
   </div>
   <div class='ocr_carea' id='block_1_25' title="bbox 821 5295 2329 5380">
    <p class='ocr_par' dir='ltr' id='par_1_29' title="bbox 821 5295 2329 5380">
     <span class='ocr_line' id='line_1_85' title="bbox 821 5295 2329 5380; baseline -0.004 -17"><span class='ocrx_word' id='word_1_501' title='bbox 821 5300 998 5364; x_wconf 90' lang='lat' dir='ltr'>bitur</span> <span class='ocrx_word' id='word_1_502' title='bbox 1033 5299 1202 5362; x_wconf 91' lang='lat' dir='ltr'>Deus</span> <span class='ocrx_word' id='word_1_503' title='bbox 1241 5296 1610 5380; x_wconf 90' lang='lat' dir='ltr'>apparuisse</span> <span class='ocrx_word' id='word_1_504' title='bbox 1651 5315 1767 5377; x_wconf 93' lang='lat' dir='ltr'>per</span> <span class='ocrx_word' id='word_1_505' title='bbox 1805 5295 2085 5376; x_wconf 75' lang='lat' dir='ltr'>angeloS,</span> <span class='ocrx_word' id='word_1_506' title='bbox 2119 5295 2197 5357; x_wconf 86' lang='lat' dir='ltr'>ad</span> <span class='ocrx_word' id='word_1_507' title='bbox 2236 5297 2329 5357; x_wconf 90' lang='lat' dir='ltr'>in-</span> 
     </span>
    </p>
   </div>
   <div class='ocr_carea' id='block_1_26' title="bbox 2433 4311 3941 5379">
    <p class='ocr_par' dir='ltr' id='par_1_30' title="bbox 2433 4311 3941 5379">
     <span class='ocr_line' id='line_1_86' title="bbox 2434 4311 3937 4398; baseline 0.003 -23"><span class='ocrx_word' id='word_1_508' title='bbox 2434 4313 2584 4388; x_wconf 86' lang='lat' dir='ltr'>illis,</span> <span class='ocrx_word' id='word_1_509' title='bbox 2618 4330 2847 4395; x_wconf 89' lang='lat' dir='ltr'>corpus</span> <span class='ocrx_word' id='word_1_510' title='bbox 2896 4311 3242 4376; x_wconf 86' lang='lat' dir='ltr'>formatum</span> <span class='ocrx_word' id='word_1_511' title='bbox 3286 4323 3381 4376; x_wconf 91' lang='lat' dir='ltr'>est</span> <span class='ocrx_word' id='word_1_512' title='bbox 3424 4321 3486 4376; x_wconf 91' lang='lat' dir='ltr'>et</span> <span class='ocrx_word' id='word_1_513' title='bbox 3530 4324 3937 4398; x_wconf 89' lang='lat' dir='ltr'>assumptum</span> 
     </span>
     <span class='ocr_line' id='line_1_87' title="bbox 2433 4411 3940 4493; baseline 0.001 -19"><span class='ocrx_word' id='word_1_514' title='bbox 2433 4430 2505 4474; x_wconf 92' lang='lat' dir='ltr'>ac</span> <span class='ocrx_word' id='word_1_515' title='bbox 2539 4420 2782 4475; x_wconf 91' lang='lat' dir='ltr'>motum</span> <span class='ocrx_word' id='word_1_516' title='bbox 2815 4411 2895 4474; x_wconf 91' lang='lat' dir='ltr'>ab</span> <span class='ocrx_word' id='word_1_517' title='bbox 2934 4413 3178 4493; x_wconf 86' lang='lat' dir='ltr'>angelo.</span> <span class='ocrx_word' id='word_1_518' title='bbox 3212 4413 3664 4475; x_wconf 86' lang='lat' dir='ltr'>Verumtamen</span> <span class='ocrx_word' id='word_1_519' title='bbox 3704 4413 3770 4477; x_wconf 90' lang='lat' dir='ltr'>in</span> <span class='ocrx_word' id='word_1_520' title='bbox 3800 4433 3940 4478; x_wconf 90' lang='lat' dir='ltr'>cor-</span> 
     </span>
     <span class='ocr_line' id='line_1_88' title="bbox 2435 4509 3937 4594; baseline 0.003 -22"><span class='ocrx_word' id='word_1_521' title='bbox 2435 4509 2699 4592; x_wconf 92' lang='lat' dir='ltr'>poribus</span> <span class='ocrx_word' id='word_1_522' title='bbox 2739 4510 2831 4572; x_wconf 92' lang='lat' dir='ltr'>sic</span> <span class='ocrx_word' id='word_1_523' title='bbox 2864 4511 3233 4593; x_wconf 89' lang='lat' dir='ltr'>assumptis,</span> <span class='ocrx_word' id='word_1_524' title='bbox 3270 4510 3587 4573; x_wconf 88' lang='lat' dir='ltr'>interdum</span> <span class='ocrx_word' id='word_1_525' title='bbox 3628 4531 3937 4594; x_wconf 89' lang='lat' dir='ltr'>apparere</span> 
     </span>
     <span class='ocr_line' id='line_1_89' title="bbox 2436 4609 3939 4691; baseline 0.004 -21"><span class='ocrx_word' id='word_1_526' title='bbox 2436 4609 2672 4671; x_wconf 90' lang='lat' dir='ltr'>dicitur</span> <span class='ocrx_word' id='word_1_527' title='bbox 2703 4611 2888 4683; x_wconf 78' lang='lat' dir='ltr'>DeuS,</span> <span class='ocrx_word' id='word_1_528' title='bbox 2923 4609 3267 4691; x_wconf 91' lang='lat' dir='ltr'>aliquando</span> <span class='ocrx_word' id='word_1_529' title='bbox 3299 4610 3581 4690; x_wconf 80' lang='lat' dir='ltr'>angeluS.</span> <span class='ocrx_word' id='word_1_530' title='bbox 3618 4611 3939 4676; x_wconf 87' lang='lat' dir='ltr'>Formatio</span> 
     </span>
     <span class='ocr_line' id='line_1_90' title="bbox 2434 4709 3941 4790; baseline 0.002 -20"><span class='ocrx_word' id='word_1_531' title='bbox 2434 4726 2711 4790; x_wconf 90' lang='lat' dir='ltr'>namque</span> <span class='ocrx_word' id='word_1_532' title='bbox 2766 4716 2955 4790; x_wconf 88' lang='lat' dir='ltr'>atque</span> <span class='ocrx_word' id='word_1_533' title='bbox 3003 4709 3321 4790; x_wconf 90' lang='lat' dir='ltr'>apparitio</span> <span class='ocrx_word' id='word_1_534' title='bbox 3372 4709 3741 4790; x_wconf 87' lang='lat' dir='ltr'>hujusmodi</span> <span class='ocrx_word' id='word_1_535' title='bbox 3802 4729 3941 4774; x_wconf 88' lang='lat' dir='ltr'>cor-</span> 
     </span>
     <span class='ocr_line' id='line_1_91' title="bbox 2435 4805 3935 4889; baseline 0.001 -21"><span class='ocrx_word' id='word_1_536' title='bbox 2435 4823 2663 4888; x_wconf 90' lang='lat' dir='ltr'>porum</span> <span class='ocrx_word' id='word_1_537' title='bbox 2718 4805 2795 4867; x_wconf 88' lang='lat' dir='ltr'>fit</span> <span class='ocrx_word' id='word_1_538' title='bbox 2842 4806 2917 4867; x_wconf 88' lang='lat' dir='ltr'>ad</span> <span class='ocrx_word' id='word_1_539' title='bbox 2976 4805 3437 4887; x_wconf 89' lang='lat' dir='ltr'>designandum</span> <span class='ocrx_word' id='word_1_540' title='bbox 3497 4807 3935 4889; x_wconf 89' lang='lat' dir='ltr'>spiritualium</span> 
     </span>
     <span class='ocr_line' id='line_1_92' title="bbox 2436 4904 3937 4988; baseline 0.003 -23"><span class='ocrx_word' id='word_1_541' title='bbox 2436 4905 2853 4986; x_wconf 89' lang='lat' dir='ltr'>proprietates</span> <span class='ocrx_word' id='word_1_542' title='bbox 2912 4904 3431 4967; x_wconf 89' lang='lat' dir='ltr'>substantiarum.</span> <span class='ocrx_word' id='word_1_543' title='bbox 3493 4906 3656 4968; x_wconf 93' lang='lat' dir='ltr'>Dum</span> <span class='ocrx_word' id='word_1_544' title='bbox 3721 4907 3937 4988; x_wconf 88' lang='lat' dir='ltr'>itaque</span> 
     </span>
     <span class='ocr_line' id='line_1_93' title="bbox 2434 5002 3931 5083; baseline 0.002 -19"><span class='ocrx_word' id='word_1_545' title='bbox 2434 5003 2697 5083; x_wconf 89' lang='lat' dir='ltr'>angelus</span> <span class='ocrx_word' id='word_1_546' title='bbox 2741 5002 3107 5065; x_wconf 90' lang='lat' dir='ltr'>immediate</span> <span class='ocrx_word' id='word_1_547' title='bbox 3158 5003 3527 5066; x_wconf 91' lang='lat' dir='ltr'>illuminans</span> <span class='ocrx_word' id='word_1_548' title='bbox 3580 5005 3931 5078; x_wconf 81' lang='lat' dir='ltr'>hominem,</span> 
     </span>
     <span class='ocr_line' id='line_1_94' title="bbox 2436 5101 3935 5185; baseline 0.002 -22"><span class='ocrx_word' id='word_1_549' title='bbox 2436 5101 2706 5163; x_wconf 89' lang='lat' dir='ltr'>intendit</span> <span class='ocrx_word' id='word_1_550' title='bbox 2736 5119 2883 5162; x_wconf 91' lang='lat' dir='ltr'>eum</span> <span class='ocrx_word' id='word_1_551' title='bbox 2918 5101 2997 5163; x_wconf 91' lang='lat' dir='ltr'>de</span> <span class='ocrx_word' id='word_1_552' title='bbox 3027 5121 3143 5163; x_wconf 91' lang='lat' dir='ltr'>sua</span> <span class='ocrx_word' id='word_1_553' title='bbox 3182 5101 3439 5184; x_wconf 88' lang='lat' dir='ltr'>propria</span> <span class='ocrx_word' id='word_1_554' title='bbox 3472 5102 3705 5166; x_wconf 85' lang='lat' dir='ltr'>virtute</span> <span class='ocrx_word' id='word_1_555' title='bbox 3744 5122 3935 5185; x_wconf 88' lang='lat' dir='ltr'>ange-</span> 
     </span>
     <span class='ocr_line' id='line_1_95' title="bbox 2437 5198 3929 5282; baseline 0.003 -22"><span class='ocrx_word' id='word_1_556' title='bbox 2437 5198 2933 5272; x_wconf 78' lang='lat' dir='ltr'>lica&#39;instruere,</span> <span class='ocrx_word' id='word_1_557' title='bbox 2972 5206 3379 5281; x_wconf 85' lang='lat' dir='ltr'>repraesentat</span> <span class='ocrx_word' id='word_1_558' title='bbox 3416 5206 3480 5262; x_wconf 88' lang='lat' dir='ltr'>et</span> <span class='ocrx_word' id='word_1_559' title='bbox 3516 5200 3821 5282; x_wconf 88' lang='lat' dir='ltr'>exprimit</span> <span class='ocrx_word' id='word_1_560' title='bbox 3862 5203 3929 5264; x_wconf 89' lang='lat' dir='ltr'>in</span> 
     </span>
     <span class='ocr_line' id='line_1_96' title="bbox 2436 5296 3929 5379; baseline 0.002 -20"><span class='ocrx_word' id='word_1_561' title='bbox 2436 5314 2700 5379; x_wconf 88' lang='lat' dir='ltr'>corpore</span> <span class='ocrx_word' id='word_1_562' title='bbox 2732 5296 2841 5358; x_wconf 94' lang='lat' dir='ltr'>illo</span> <span class='ocrx_word' id='word_1_563' title='bbox 2875 5296 3328 5359; x_wconf 89' lang='lat' dir='ltr'>similitudines</span> <span class='ocrx_word' id='word_1_564' title='bbox 3367 5317 3498 5360; x_wconf 82' lang='lat' dir='ltr'>suae</span> <span class='ocrx_word' id='word_1_565' title='bbox 3528 5298 3785 5361; x_wconf 86' lang='lat' dir='ltr'>virtutis</span> <span class='ocrx_word' id='word_1_566' title='bbox 3820 5317 3835 5362; x_wconf 91' lang='lat'><strong>:</strong></span> <span class='ocrx_word' id='word_1_567' title='bbox 3864 5308 3929 5362; x_wconf 87' lang='lat' dir='ltr'>et</span> 
     </span>
    </p>
   </div>
   <div class='ocr_carea' id='block_1_27' title="bbox 3970 2367 4243 2482">
    <p class='ocr_par' dir='ltr' id='par_1_31' title="bbox 3970 2367 4243 2482">
     <span class='ocr_line' id='line_1_97' title="bbox 4030 2367 4209 2411; baseline 0.006 -1"><span class='ocrx_word' id='word_1_568' title='bbox 4030 2367 4209 2411; x_wconf 67' lang='lat' dir='ltr'>Bar-od.</span> 
     </span>
     <span class='ocr_line' id='line_1_98' title="bbox 3970 2436 4243 2482; baseline 0.011 -10"><span class='ocrx_word' id='word_1_569' title='bbox 3970 2443 4142 2482; x_wconf 71' lang='lat' dir='ltr'>xum.</span> <span class='ocrx_word' id='word_1_570' title='bbox 4176 2436 4243 2475; x_wconf 83' lang='lat' dir='ltr'>tt.</span> 
     </span>
    </p>
   </div>
  </div>
 </body>
</html>
