4334 6242
869 457 951 524 58
1567 484 1633 531 IN
1674 485 1894 532 Limum
1937 487 1978 532 n
2023 486 2506 532 SENTENTIARUM.
2551 504 2633 515 —
2673 487 2825 534 msr.
2876 489 2935 552 13
2980 488 3203 544 QUAEST.
3250 489 3295 534 11

874 651 1028 712 dum
1092 651 1321 716 filiatio
1385 665 1479 717 est
1538 655 1600 717 in
1667 656 1867 730 Petro,
1932 656 1996 718 in
2058 663 2367 738 quantum
2401 656 2451 718 Α
2482 665 2544 719 et
2582 677 2721 720 esse
2762 678 2948 721 suum
2996 659 3185 722 habet
3226 660 3306 723 ab
3346 677 3421 722 eo
3456 679 3470 723 :
3505 666 3567 722 et
3606 658 3699 721 sic
3740 657 3976 721 creatio

872 749 1102 832 recipit
1146 761 1433 816 naturam
1476 755 1820 817 humanam
1862 775 1899 818 a
1942 763 2119 837 patre
2161 775 2297 818 suo.

955 949 1043 1010 Ex
1089 950 1500 1031 praeinductis
1547 953 1884 1015 innotescit
1928 953 2160 1015 solutio
2201 972 2368 1034 quae-

873 1047 1152 1110 stionum
1217 1069 1374 1131 quas
1434 1051 1694 1130 quidam
1762 1051 1866 1113 hic
1930 1059 2188 1113 movent
2254 1053 2367 1114 do-

873 1154 1096 1208 ctores.

951 1244 1182 1317 Quaerit
1230 1245 1404 1307 enim
1455 1246 1823 1321 Richardus,
1868 1267 1948 1310 an
2001 1248 2237 1310 creatio
2286 1249 2367 1310 sit

873 1342 1158 1404 mutatio.
1197 1343 1271 1404 Et
1309 1345 1648 1425 respondet
1683 1365 1695 1408 :
1731 1346 2092 1408 Secundum
2138 1347 2369 1426 Grego-

872 1439 1041 1502 rium
1071 1441 1295 1522 quinto
1325 1442 1676 1515 Moralium,
1713 1445 1966 1518 mutari,
2001 1452 2095 1506 est
2123 1464 2201 1506 ex
2242 1445 2367 1506 alio

869 1539 948 1601 ad
993 1539 1166 1601 aliud
1209 1539 1318 1601 ire.
1357 1541 1533 1614 Quod
1574 1541 1625 1604 si
1667 1543 2057 1624 intelligatur
2096 1544 2173 1605 de
2212 1545 2366 1606 duo-

871 1637 992 1699 bus
1030 1639 1332 1701 extremis
1377 1640 1678 1709 realibus‚
1714 1641 1948 1704 creatio
1994 1661 2117 1704 non
2163 1651 2367 1704 exstat.

871 1737 1159 1811 mutatio,
1213 1757 1413 1819 quum
1472 1757 1598 1800 non
1657 1739 1884 1802 habe-at
1940 1741 2106 1802 reale
2162 1749 2367 1803 extre-

2480 763 2575 818 est
2616 763 2919 818 creatura.
2956 758 3247 820 Sec-undo
3286 766 3573 821 creatura
3610 757 3979 819 nominatur

2479 855 2835 918 substantia
2878 856 2967 918 rei
3011 857 3317 938 producta
3353 877 3431 918 ex
3471 856 3671 919 nihilo
3707 875 3721 918 :
3756 857 3975 937 sicque

2480 955 2715 1016 creatio
2745 955 2901 1016 dicit
2930 955 3082 1038 quid
3118 956 3422 1030 medium,
3457 974 3583 1017 non
3621 956 3973 1017 secundum

2478 1060 2770 1115 naturam
2815 1061 2876 1116 et
2922 1074 3078 1125 rem,
3112 1056 3220 1116 sed
3269 1055 3621 1116 secundum
3664 1053 3973 1116 rationem

2477 1158 2539 1211 et
2572 1151 3034 1227 habitudinem,
3069 1172 3209 1233 quae
3249 1160 3461 1214 tamen
3504 1171 3629 1215 non
3671 1152 3829 1214 dicit.
3861 1152 3975 1213 ali-

2477 1249 2631 1329 quid
2679 1269 2793 1330 per
2834 1251 3177 1312 essentiam
3222 1251 3543 1312 diversum
3586 1271 3624 1312 a
3664 1258 3969 1313 creat-ura.

2478 1347 2723 1410 Creatio
2767 1349 3007 1430 quippe
3050 1349 3207 1411 dicit
3245 1349 3685 1411 habitudinem
3728 1350 3806 1411 ad
3848 1367 3973 1410 non

2477 1465 2614 1508 esse
2662 1449 3043 1528 praecedenS,
3076 1457 3139 1510 et
3180 1449 3259 1510 ad
3306 1448 3695 1531 principium
3748 1448 3976 1531 produ-

2478 1545 2717 1606 ctivum
2763 1565 2777 1608 :
2820 1565 2961 1626 quae
3006 1545 3310 1609 habitudo
3353 1553 3450 1608 est
3497 1547 3787 1627 quaedam
3836 1565 3975 1607 mu-

2477 1643 2650 1715 tatio,
2702 1662 2821 1706 nec
2878 1653 2973 1706 est
3022 1645 3194 1706 aliud
3244 1664 3435 1726 quam
3496 1664 3595 1706 res
3656 1644 3813 1725 ipsa.
3866 1644 3977 1705 Est

2476 1742 2711 1804 etenim
2766 1742 2994 1824 triplex
3046 1744 3334 1816 mutatio,
3370 1751 3544 1824 puta,
3580 1743 3847 1804 mutatio
3894 1743 3973 1804 ad

871 1855 1048 1896 mum
1108 1835 1232 1897 nisi
1292 1837 1637 1900 terminum
1695 1839 1774 1901 ad
1831 1859 2044 1921 quem.
2100 1841 2163 1902 Si
2214 1859 2364 1903 vero
2400 1839 2448 1902 B
2476 1859 2637 1914 esse,
2674 1841 2939 1903 mutatio
2976 1841 3059 1902 ab
3098 1860 3257 1914 esse,
3292 1849 3355 1902 et
3400 1841 3665 1904 mutatio
3706 1841 3771 1902 in
3810 1860 3969 1902 esse.

869 1933 1259 2015 intelligatur
1307 1936 1500 1997 etiam
1548 1938 1624 1998 de
1674 1944 1956 2000 extremo
2010 1940 2362 2001 secundum

869 2032 1201 2106 rationem,
1235 2033 1632 2107 annihilatio,
1667 2054 1808 2116 quae
1851 2044 1946 2098 est
1986 2037 2063 2098 de
2107 2045 2252 2098 ente
2298 2039 2363 2099 in

870 2148 996 2194 non
1042 2149 1176 2204 enS‚
1211 2139 1271 2193 et
1313 2133 1566 2206 creatio,
1600 2153 1741 2215 quae
1785 2142 1882 2196 est
1926 2135 2002 2196 de
2049 2154 2175 2197 non
2220 2144 2363 2197 ente

871 2229 935 2291 in
985 2247 1122 2303 enS,
1174 2229 1476 2292 dicuntur
1533 2231 1934 2293 mutationeS.
1989 2232 2364 2314 Negationes

869 2347 1144 2408 namque
1177 2327 1338 2390 bene
1368 2337 1516 2389 sunt
1546 2329 1717 2391 entia
1749 2331 2032 2403 rationiS‚
2069 2331 2134 2393 in
2165 2351 2363 2412 quan-

868 2436 1005 2488 tum
1058 2427 1500 2510 intelliguntur
1549 2449 1662 2510 per
1709 2430 2033 2511 oppositas
2083 2429 2364 2492 affirma-

867 2526 1091 2588 tioneS.
1126 2526 1575 2589 Verumtamen
1607 2547 1804 2608 quum
1847 2547 1985 2590 esse
2025 2528 2231 2590 solum
2274 2548 2366 2590 se-

868 2624 1150 2686 cundum
1197 2624 1526 2697 rationem,
1561 2626 1642 2687 sit
1681 2625 2093 2700 diminutum,
2129 2628 2363 2689 creatio

870 2723 1219 2804 improprie
1280 2731 1542 2785 vocatur
1608 2725 1894 2786 mutatio
1957 2761 2037 2772 -
2098 2726 2364 2808 insuper

871 2821 1097 2902 quaerit
1155 2820 1524 2895 RicharduS,
1585 2842 1664 2884 an
1725 2823 1962 2886 creatio
2018 2824 2225 2885 activa
2280 2825 2363 2886 sit

869 2919 1124 2981 Creator
1163 2936 1176 2980 ε
1219 2927 1280 2980 et
1327 2927 1497 3000 patet
1539 2939 1617 2982 ex
1661 2921 1848 2983 dictis
1899 2922 2245 3003 responsio.
2283 2959 2363 2968 —

2475 1939 2734 2000 Mutatio
2782 1939 2859 2001 ad
2910 1958 3047 2001 esse
3098 1939 3255 2000 nihil
3308 1939 3487 2021 ponit
3536 1939 3659 2000 nisi
3709 1958 3745 2000 a
3794 1947 3971 2019 parte

2476 2037 2731 2099 termini
2776 2038 2854 2098 ad
2900 2055 3133 2120 quem3
3181 2038 3448 2100 mutatio
3495 2038 3575 2098 ab
3622 2056 3759 2100 esse
3810 2037 3971 2098 nihil

2476 2135 2655 2216 ponit
2694 2135 2817 2196 nisi
2851 2155 2887 2196 a
2920 2144 3095 2216 parte
3140 2135 3465 2217 principii,
3500 2135 3558 2197 id
3600 2144 3697 2197 est
3726 2155 3762 2196 a
3794 2144 3969 2217 parte

2473 2233 2729 2294 termini
2776 2253 2811 2295 a
2849 2251 3012 2315 quo;
3048 2233 3315 2295 mutatio
3355 2235 3419 2294 in
3460 2253 3598 2296 esse
3640 2234 3821 2314 ponit
3858 2233 3970 2296 ali-

2474 2331 2626 2411 quid
2660 2349 2693 2392 a
2727 2341 2901 2412 parte
2934 2331 3285 2413 utriusque.
3322 2332 3468 2394 ldeo
3498 2332 3726 2393 mutari
3761 2332 3971 2414 primo

2476 2431 2686 2502 modo,
2732 2429 2889 2491 nihil
2936 2431 3110 2493 aliud
3158 2439 3253 2492 est
3296 2450 3487 2512 quam
3540 2449 3709 2492 nune
3759 2431 3969 2511 primo

2474 2546 2648 2605 esse3
2711 2528 2977 2590 mutatio
3034 2529 3316 2590 secundo
3372 2529 3580 2600 mod0,
3643 2528 3733 2589 nil
3792 2529 3967 2590 aliud

2475 2646 2666 2707 quam
2712 2645 2883 2688 nunc
2926 2627 3152 2689 ultimo
3194 2645 3351 2689 esse.
3394 2627 3653 2689 Mutatio
3698 2627 3762 2689 in
3804 2646 3963 2695 esse,

2477 2732 2818 2806 utrumque
2864 2724 3053 2787 habet
3100 2732 3479 2800 extremum,
3520 2733 3709 2806 atque
3760 2725 3969 2805 subje-

2475 2829 2671 2895 ctum,
2705 2823 2875 2903 quod
2916 2831 3009 2885 est
3043 2823 3219 2905 prius
3260 2830 3483 2884 natura
3522 2842 3711 2904 quam
3757 2824 3969 2885 termi-

2476 2941 2594 2982 nus
2630 2938 2643 2982 τ
2679 2921 2822 2983 ideo
2852 2922 2995 2983 talis
3029 2921 3291 2984 mutatio
3323 2928 3529 3002 potest
3558 2921 3801 3002 aliquid
3830 2941 3970 2984 esse

867 3017 1128 3090 Iterum,
1180 3037 1260 3079 an
1321 3019 1555 3080 creatio
1615 3019 1864 3100 passiva
1923 3021 2004 3082 sit
2053 3031 2357 3082 creatura.
2400 3023 2444 3086 C
2477 3027 2698 3080 natura
2738 3020 3101 3101 praecedens
3143 3019 3509 3093 terminum,
3544 3027 3602 3080 et
3645 3020 3968 3083 diversum

866 3118 1225 3198 Respondet
1261 3134 1274 3178 z
1309 3117 1512 3190 Quum
1554 3119 1752 3180 creari
1793 3119 1875 3180 sit
1906 3120 2042 3182 sine
2087 3126 2261 3182 motu
2301 3128 2365 3181 et

871 3215 1219 3276 mutatione
1275 3214 1532 3297 proprie
1581 3216 1770 3289 dicta,
1824 3216 2058 3298 quibus
2117 3217 2364 3279 subtra-

869 3313 1010 3386 ctis,
1044 3331 1170 3376 non
1217 3321 1500 3376 remanet
1544 3315 1610 3375 in
1656 3333 1842 3396 passo
1885 3315 2006 3377 nisi
2051 3317 2128 3377 ad
2172 3335 2363 3396 agens

869 3413 1127 3490 relati03
1171 3413 1312 3475 ideo
1362 3413 1596 3475 creatio
1648 3414 1763 3475 ista
1814 3414 2086 3495 passiva,
2127 3423 2225 3476 est
2274 3434 2365 3477 re-

871 3511 1019 3574 latio
1063 3512 1374 3593 quaedam,
1417 3512 1568 3593 quia
1612 3512 1834 3586 creari,
1878 3531 2004 3575 non
2053 3521 2148 3574 est
2190 3513 2361 3574 aliud

869 3628 1059 3690 quam
1105 3629 1277 3671 nunc
1316 3609 1526 3692 primo
1565 3629 1702 3672 esse
1741 3610 1822 3672 ab
1861 3611 2077 3692 aliquo
2118 3629 2243 3673 non
2286 3612 2363 3673 de

867 3707 1082 3788 aliquo
1118 3727 1130 3770 :
1165 3707 1333 3789 quod
1381 3707 1681 3789 importat
1723 3709 2091 3771 relationem
2139 3717 2364 3772 creatae

868 3806 1160 3868 essentia>
1198 3806 1276 3867 ad
1320 3807 1697 3869 Creatorem.
1745 3807 1886 3870 Hanc
1931 3808 2300 3870 Richardus.

949 3904 1396 3966 Verumtamen
1438 3904 1636 3986 aliqui
1677 3904 1920 3978 dicunt,
1954 3907 2124 3987 quod
2167 3906 2363 3987 passi-

867 4020 945 4064 va
986 4002 1220 4064 creatio
1257 4021 1367 4064 seu
1407 4003 1630 4076 creari,
1665 4003 1746 4064 sit
1787 4003 2053 4085 ipsamet
2091 4023 2190 4066 res
2231 4023 2363 4066 cre-

865 4109 966 4163 ata
1019 4119 1032 4162 :
1087 4102 1254 4183 quod
1314 4101 1582 4182 intelligi
1641 4110 1846 4183 potest
1901 4104 2361 4182 materialiter3

2473 3118 2552 3179 ab
2603 3117 2713 3180 illo
2761 3120 3113 3180 secundum
3166 3137 3319 3180 rem.
3360 3117 3519 3179 Hinc
3563 3118 3797 3180 creatio
3842 3136 3967 3181 non

2474 3225 2568 3278 est
2610 3216 2894 3278 medium
2932 3217 3096 3278 inter
3126 3217 3485 3279 Creatorem
3520 3225 3583 3278 et
3614 3225 3969 3279 creaturam

2474 3315 2639 3375 sicut
2678 3315 2999 3395 generatio
3043 3315 3209 3376 inter
3246 3322 3655 3395 generantem
3698 3322 3761 3376 et
3800 3315 3972 3396 geni·

2475 3421 2629 3474 tum.
2661 3449 2742 3458 —
2784 3413 3090 3494 Denique,
3146 3413 3375 3494 triplex
3425 3413 3674 3474 exsistit
3722 3412 3964 3474 relati0.

2473 3512 2606 3574 Una
2637 3531 2778 3592 qum
2811 3511 3113 3573 fundatur
3150 3532 3343 3594 super
3384 3513 3833 3594 proprietatem
3873 3531 3972 3574 ac·

2474 3609 2876 3682 cidentalcm,
2930 3618 2999 3671 ut
3046 3610 3400 3672 similitudo
3459 3609 3721 3672 fundata
3780 3629 3973 3692 super

2472 3706 2853 3768 albedinem.
2900 3709 3189 3771 Secunda
3237 3727 3378 3789 quae
3428 3709 3731 3770 fundatur
3780 3727 3974 3790 super

2476 3805 2964 3887 dependentiam
3034 3807 3459 3880 essentialem,
3527 3815 3597 3868 ut
3665 3805 3970 3869 habitudo

2476 3904 2754 3967 materiae
2793 3904 2870 3966 ad
2912 3905 3201 3966 formam.
3238 3905 3445 3966 Tertia
3486 3925 3627 3986 quae
3667 3905 3974 3967 fundatur

2474 4021 2668 4083 super
2710 4002 3023 4083 originem
3074 4003 3446 4065 naturalem.
3492 4003 3700 4064 Prima
3751 4002 3971 4065 relatio

2472 4101 2716 4182 aliquid
2761 4101 2937 4162 addit
2980 4102 3183 4178 reale3
3228 4101 3413 4163 tertia
3460 4101 3644 4176 nihil,
3687 4109 3755 4162 ut
3798 4109 3973 4183 patet

867 4199 1219 4262 formaliter
1260 4217 1412 4261 vero
1455 4207 1548 4261 est
1594 4199 1916 4263 habitudo.
1957 4201 2084 4262 Nec
2128 4202 2364 4264 creatio
2394 4200 2444 4260 D
2476 4200 2538 4260 in
2572 4199 2827 4261 divinis.
2862 4200 3065 4262 Media
3092 4218 3244 4262 vero
3283 4199 3505 4262 relatio
3538 4200 3695 4262 dicit
3728 4199 3971 4281 aliquid

868 4306 1118 4360 creatur
1172 4295 1297 4359 alia
1355 4297 1695 4369 creatione,
1749 4299 1909 4360 sicut
1962 4317 2081 4360 nec
2142 4299 2363 4361 relatio

867 4395 1139 4458 refertur
1171 4394 1296 4457 alia
1337 4394 1660 4466 relatione,
1695 4413 1812 4456 nec
1843 4397 2209 4458 differentia
2240 4417 2364 4459 una

867 4492 1083 4556 differt
1129 4491 1210 4554 ab
1254 4491 1398 4566 alia,
1433 4491 1799 4555 differentia
1841 4493 1980 4555 alia.
2020 4495 2154 4555 lmo
2199 4513 2365 4557 crea-

868 4593 955 4656 tio
986 4591 1241 4674 proprie
1283 4609 1408 4654 non
1449 4599 1719 4665 creatur,
1754 4611 1954 4673 quum
1985 4593 2209 4666 creari,
2245 4594 2363 4656 sic-

869 4700 938 4753 ut
983 4699 1046 4754 et
1095 4690 1239 4753 fieri
1291 4711 1362 4753 ac
1412 4692 1721 4771 generari,
1766 4692 1846 4752 sit
1897 4693 2152 4773 proprie
2202 4693 2364 4756 exsi-

865 4791 1172 4852 stentium
1213 4808 1328 4871 per
1357 4809 1443 4850 se.
1481 4789 1654 4851 Unde
1687 4788 1905 4851 dicunt.
1938 4789 2157 4871 aliqui,
2194 4793 2361 4872 quod

867 4897 1260 4961 concreatur,
1294 4895 1355 4948 et
1403 4887 1750 4968 improprie
1794 4887 1996 4950 fertur
2040 4889 2259 4951 creari.

948 4988 1251 5049 Praeterea
1297 4985 1736 5048 Bonaventura
1795 4987 2237 5068 respondendo
2285 4987 2363 5048 ad

866 5084 1057 5157 istud,
1091 5103 1171 5146 an
1214 5083 1450 5145 creatio
1489 5083 1658 5144 dicat
1699 5085 1981 5146 medium
2023 5085 2190 5147 inter
2229 5086 2367 5149 Cre-

866 5189 1104 5245 atorem
1155 5189 1216 5243 et
1263 5189 1639 5254 creaturam,
1681 5181 1964 5244 affirmat
2007 5201 2020 5244 :
2068 5184 2367 5245 Creatura

869 5298 996 5342 uno
1043 5280 1229 5343 modo
1273 5285 1535 5342 vocatur
1576 5297 1764 5342 omne
1807 5282 1978 5362 quod
2027 5289 2124 5343 est
2161 5301 2198 5342 a
2237 5280 2365 5343 Deo

2472 4299 2641 4380 quod
2688 4306 2783 4360 est
2825 4299 3292 4379 quodammodo
3336 4298 3526 4372 idem,
3558 4300 3971 4380 quodammo-

2474 4396 2553 4458 do
2601 4396 2793 4457 aliud.
2839 4396 3085 4459 Creatio
3130 4405 3344 4458 autem
3393 4397 3549 4459 dicit
3598 4397 3971 4460 relationem

2476 4495 2595 4556 hoc
2628 4494 2837 4556 medio
2872 4495 3079 4568 mod0,
3112 4494 3413 4576 quoniam
3447 4501 3733 4556 creatura
3761 4515 3973 4557 essen-

2476 4591 2709 4653 tialiter
2738 4610 2810 4653 ac
2842 4591 3117 4653 totaliter
3146 4611 3183 4652 a
3213 4591 3503 4654 Creatore
3533 4593 3868 4674 dependet.
3896 4593 3970 4654 Et

2476 4691 2616 4753 ideo
2663 4690 3163 4764 concedendum,
3206 4692 3375 4772 quod
3420 4690 3655 4753 creatio
3704 4710 3830 4753 non
3874 4699 3972 4753 est

2473 4789 2646 4850 aliud
2696 4789 3047 4850 secundum
3100 4808 3234 4850 rem
3282 4808 3319 4850 a
3363 4797 3670 4861 ereatura,
3714 4789 3823 4851 sed
3874 4809 3971 4851 se-

2475 4887 2755 4948 cundum
2802 4886 3110 4948 rationem
3155 4894 3218 4948 et
3261 4887 3728 4960 habitudinem,
3761 4895 3830 4949 ut
3874 4895 3973 4950 est

2474 4984 2738 5046 dictum.
2773 4985 2917 5046 Haec
2960 4985 3416 5046 Bonaventura.

2559 5082 2906 5145 Concordat
2948 5082 3301 5144 Alexander
3344 5090 3655 5164 quantum
3699 5083 3779 5144 ad
3824 5083 3966 5157 hoc,

2476 5182 2642 5264 quod
2686 5181 2843 5243 dicit
2882 5181 3268 5242 creationem
3308 5181 3623 5262 passivam
3665 5199 3791 5243 non
3832 5201 3971 5244 esse

2480 5281 2635 5362 quid
2686 5280 2969 5342 medium
3024 5279 3188 5341 inter
3237 5281 3437 5342 Deum
3486 5286 3544 5341 et
3590 5288 3965 5343 creaturam.
