4334 6242
1316 546 1324 556 ¹
1370 532 1457 579 AN
1500 534 1679 579 AEvmt
1721 532 2009 579 uaNsmtA
2052 533 2143 579 SIT
2185 534 2551 581 ANGBLORUH

3389 514 3506 581 129

400 698 647 763 mobile
680 698 747 762 in
776 707 910 763 toto
942 708 1115 762 motu
1148 709 1359 763 manet
1390 701 1584 775 idem,
1616 708 1681 763 et
1710 702 1907 764 varia·
1936 700 1989 763 A
2016 701 2109 764 sic
2158 710 2325 765 esset
2375 704 2716 785 procedere
2765 703 2832 767 in
2884 702 3233 765 infinitum.
3279 703 3509 766 AEvum

402 808 513 859 tur
550 805 865 880 quantum
907 800 986 861 ad
1025 816 1181 861 esse.
1216 798 1338 861 Sed
1375 800 1453 861 de
1494 799 1605 861 illo
1644 798 1905 862 instanti

403 914 537 959 non
581 895 845 958 intendo
888 916 1059 958 nunc
1101 896 1295 979 loqui.
1330 934 1411 943 —
1450 898 1541 959 Ex
1583 897 1905 980 praedictis

401 1002 599 1077 patet,
651 995 824 1077 quod
874 994 1114 1058 instans
1158 1004 1256 1058 est
1302 1014 1601 1058 mensura
1647 995 1905 1059 mobilis

402 1092 529 1155 sub
565 1093 811 1156 ratione
848 1114 975 1175 qua
1014 1094 1249 1157 mobile
1285 1112 1299 1157 :
1334 1103 1397 1156 et
1434 1094 1490 1157 si
1528 1103 1625 1157 est
1668 1094 1905 1156 mobile

404 1199 585 1254 motu
628 1210 757 1273 quo
795 1192 1169 1275 disponatur
1204 1193 1282 1255 ad
1324 1192 1794 1274 proficiendum
1838 1191 1903 1254 in

402 1308 545 1353 esse
582 1289 687 1353 vel
725 1291 804 1353 ad
842 1290 1164 1354 defectum
1204 1291 1480 1365 essendi,
1513 1291 1605 1353 sic
1649 1309 1905 1353 mensu-

404 1395 575 1451 ratur
598 1388 861 1452 instanti
890 1389 1143 1452 realiter
1166 1388 1502 1451 differente
1531 1387 1612 1451 ab
1642 1388 1903 1451 instanti

403 1486 545 1549 aevi.
580 1487 647 1550 Si
694 1494 909 1550 autem
950 1495 1049 1550 est
1089 1487 1327 1551 mobile
1372 1495 1549 1549 motu
1596 1506 1725 1550 non
1772 1494 1905 1549 ten-

404 1586 595 1647 dente
622 1586 703 1647 ad
732 1604 873 1648 esse
903 1584 1315 1649 substantiale
1346 1593 1455 1647 aut
1483 1586 1560 1648 ad
1598 1585 1737 1666 ejus
1768 1603 1903 1647 cor-

404 1683 770 1765 ruptionem
818 1684 951 1746 sive
991 1682 1338 1758 defectum,
1370 1684 1537 1745 sicut
1577 1690 1726 1745 sunt
1767 1701 1903 1746 cor-

2017 809 2232 863 autem
2265 802 2434 864 idem
2465 810 2562 863 est
2599 803 2767 884 quod
2807 802 3057 864 duratio
3093 821 3232 864 esse
3269 801 3512 865 aeviter-

2018 898 2103 960 ni.
2158 900 2423 962 Videtur
2480 900 2672 981 igitur
2721 901 2877 975 istis,
2931 901 3099 983 quod
3151 920 3358 964 aevum
3417 899 3511 963 nil

2017 996 2191 1058 aliud
2241 997 2322 1059 sit
2364 1017 2556 1079 quam
2599 1017 2738 1061 esse
2780 998 3066 1061 aeviterni
3111 997 3513 1081 simplicissi-

2019 1094 2107 1156 mi
2148 1095 2557 1158 uniformiter
2592 1102 3058 1169 conservatum,
3093 1097 3158 1159 in
3196 1104 3510 1179 quantum

2020 1191 2381 1255 intellectus
2439 1202 2648 1275 potest
2704 1213 2819 1277 per
2869 1193 3080 1275 ipsum
3143 1212 3510 1257 mensurare

2017 1308 2276 1353 omnem
2312 1300 2587 1354 creatam
2628 1292 3064 1355 exsistentiam
3102 1292 3513 1355 uniformiter

2018 1407 2084 1450 se
2116 1388 2476 1452 habentem.
2505 1390 2842 1472 Quumque
2870 1409 3010 1453 esse
3042 1390 3510 1473 simplicissimi

2016 1486 2306 1549 aeviterni
2338 1488 2422 1549 sit
2449 1488 2691 1570 aliquid
2723 1489 2788 1551 in
2819 1508 2909 1562 re,
2934 1497 3126 1571 atque
3155 1488 3509 1551 secundum

2018 1603 2151 1647 rem
2190 1585 2545 1649 absolutam
2584 1586 2893 1649 differens
2929 1587 3007 1649 ab
3042 1587 3164 1649 alia
3203 1587 3510 1650 exsisten-

2014 1683 2103 1745 tia
2143 1683 2548 1747 uniformiter
2585 1704 2652 1747 se
2687 1686 2982 1759 habente,
3015 1686 3237 1748 dicunt
3276 1704 3344 1749 se
3382 1704 3511 1749 non

402 1798 558 1863 pora
606 1782 893 1845 coelestia
937 1789 1000 1843 et
1046 1781 1293 1863 angeli3
1329 1782 1421 1843 sic
1472 1781 1538 1843 in
1587 1789 1899 1864 quantum
2012 1781 2342 1845 offendere
2372 1782 2440 1844 in
2478 1784 3104 1846 excommunicatum
3144 1783 3326 1846 illum
3365 1785 3512 1847 arti-

402 1878 669 1942 mobilia
694 1887 1017 1953 sunt,esse
1044 1898 1269 1943 eorum
1298 1880 1709 1942 substantiale
1736 1898 1905 1941 men·
1933 1880 1980 1942 B
2013 1880 2234 1943 culum
2285 1898 2300 1943 :
2341 1882 2567 1943 AEvum
2617 1888 2683 1944 et
2729 1890 2982 1964 tempus
3029 1882 3193 1944 nihil
3244 1890 3394 1944 sunt
3442 1883 3507 1945 in

398 1986 657 2040 suratur
706 1978 969 2041 instanti
1013 1979 1183 2061 quod
1225 1978 1361 2041 sola
1401 1977 1641 2041 ratione
1683 1977 1903 2040 differt
2012 1997 2099 2039 re.
2145 1979 2267 2041 Sed
2309 1988 2528 2042 contra
2569 1980 2689 2043 hoc
2729 1987 2846 2055 est,
2888 1979 3190 2062 quoniam
3235 1981 3372 2062 pari
3417 1999 3511 2043 ra-

398 2075 479 2138 ab
526 2076 910 2139 indivisibili
952 2078 1091 2140 aevi.

480 2174 802 2248 Quantum
845 2176 923 2237 ad
972 2175 1255 2249 tertium,
1288 2175 1433 2237 dico
1478 2175 1648 2256 quod
1692 2193 1899 2236 aevum

397 2282 497 2335 est
526 2292 831 2336 mensura
856 2292 995 2336 esse
1030 2274 1223 2337 creati
1264 2272 1672 2337 uniformiter
1701 2291 1768 2335 se
1798 2268 1903 2335 ha-

400 2370 637 2446 bentis,
668 2372 749 2433 ad
788 2372 1098 2435 rationem
1139 2371 1354 2445 relata,
1395 2390 1521 2453 qua
1555 2371 1726 2453 (ipso
1763 2389 1901 2433 esse

401 2469 750 2544 mediante,
782 2469 970 2550 cujus
1008 2477 1105 2532 est
1143 2469 1383 2551 passio)
1418 2477 1623 2552 potest
1662 2469 1906 2531 intelle-

400 2576 545 2629 ctus
578 2586 949 2630 mensurare
976 2585 1235 2630 omnem
1268 2568 1704 2630 exsistentiam
1736 2586 1904 2630 crea-

400 2674 537 2728 tam
567 2664 977 2728 uniformiter
1002 2684 1071 2729 se
1100 2666 1463 2729 habentem.
1482 2666 1658 2739 Quod
1687 2672 1898 2727 autem

397 2782 617 2828 aevum
666 2781 795 2827 non
848 2764 932 2826 sit
978 2764 1193 2847 ipsum
1242 2782 1381 2827 esse
1432 2762 1741 2837 aeviterni,
1790 2764 1903 2825 sed

398 2863 547 2943 ejus
603 2863 834 2945 passi0‚
883 2862 1238 2925 declaratur
1287 2862 1381 2926 sic
1432 2880 1446 2925 ι
1491 2863 1719 2925 AEvum
1773 2879 1901 2924 non

398 2962 704 3025 convenit
743 2960 863 3043 ipsi
908 2980 1045 3023 esse
1088 2960 1498 3023 uniformiter
1534 2980 1603 3023 se
1641 2959 1901 3023 babenti

2014 2075 2184 2138 tione
2234 2086 2447 2159 posset
2496 2078 2645 2152 dici,
2698 2080 2868 2160 quod
2915 2086 3170 2160 tempus
3213 2095 3340 2140 non
3390 2078 3510 2140 dif-

2013 2172 2135 2236 fert
2177 2194 2214 2237 a
2252 2182 2427 2237 motu
2472 2175 2731 2238 mobilis
2777 2176 2968 2258 primi
3013 2194 3026 2238 :
3069 2176 3240 2258 quod
3283 2184 3509 2258 quarto

2010 2271 2424 2353 Physicorum
2453 2272 2872 2355 Philosophus
2903 2273 3218 2355 reprobat.
3243 2274 3505 2349 RursuS,

2014 2369 2225 2452 ipsum
2255 2388 2394 2433 esse
2434 2370 2900 2452 simplicissimi
2939 2371 3226 2434 aeviterni
3259 2390 3510 2434 mensu-

2013 2476 2188 2530 ratur
2217 2489 2372 2545 aeVO,
2406 2489 2525 2533 nec
2556 2478 2766 2533 tamen
2809 2478 3212 2534 mensuratur
3241 2490 3309 2534 se
3343 2472 3504 2554 ipsc.

2012 2565 2173 2629 Hinc
2214 2568 2433 2649 opinio
2475 2570 2684 2650 prima
2726 2570 3009 2632 securior
3049 2578 3164 2631 est.

2092 2665 2344 2741 Quart0,
2379 2686 2456 2729 ex
2489 2667 2765 2730 inductis
2797 2668 3198 2731 concluditur
3226 2666 3510 2750 proposi-

2013 2770 2175 2838 tum,
2235 2772 2454 2847 utpote
2511 2766 2681 2847 quod
2739 2784 2878 2829 esse
2935 2764 3350 2828 substantiale
3407 2782 3508 2826 ac-

2013 2861 2311 2943 tualeque
2363 2862 2734 2944 angelorum
2787 2870 2884 2925 est
2936 2863 3004 2925 in
3058 2880 3214 2936 sevo,
3265 2879 3392 2924 non
3442 2862 3511 2924 in

2012 2968 2323 3042 tempore,
2356 2980 2475 3023 nec
2516 2962 2582 3023 in
2622 2961 2882 3024 instanti
2924 2961 3177 3024 realiter
3208 2961 3512 3022 distincto

398 3060 531 3123 nisi
582 3060 650 3121 in
698 3066 1010 3141 quantum
1062 3066 1159 3122 est
1211 3059 1554 3122 limitatum
1606 3058 1901 3140 superius
1938 3058 1983 3123 C
2012 3058 2093 3121 ab
2132 3075 2267 3121 aevo
2301 3058 2652 3140 :quoniam
2693 3078 2830 3122 esse
2869 3059 3025 3121 illud
3067 3075 3196 3120 non
3239 3064 3337 3121 est
3379 3074 3509 3120 mo-

398 3165 595 3240 atque
626 3157 893 3220 inferius
928 3174 943 3220 :
976 3165 1201 3238 estque
1232 3156 1573 3219 limitatum
1607 3156 1901 3240 superius

400 3275 523 3339 per
548 3256 669 3319 hoc
701 3257 869 3338 quod
898 3263 995 3318 est
1024 3256 1103 3318 ab
1131 3256 1289 3334 ali03
1321 3254 1589 3317 inferius
1622 3274 1898 3338 quoque,

402 3374 521 3437 per
548 3355 669 3417 hoc
700 3355 869 3437 quod
900 3354 1207 3437 recipitur
1234 3354 1313 3417 ab
1341 3354 1480 3416 alic.
1502 3354 1665 3436 Ergo
1692 3372 1901 3417 aevum

403 3470 535 3515 non
575 3454 875 3515 convenit
906 3452 967 3515 ei
1004 3452 1127 3515 nisi
1170 3452 1491 3514 mediante
1528 3452 1901 3514 habitudine

402 3552 549 3632 ejus
578 3551 658 3613 ad
688 3550 864 3613 aliud
892 3569 929 3613 a
958 3569 1025 3613 se
1060 3550 1385 3613 diversum
1422 3568 1436 3611 ε
1469 3557 1533 3613 et
1570 3550 1693 3612 tale
1721 3566 1904 3632 opor-

402 3658 497 3712 tet
534 3668 673 3712 esse
715 3649 1039 3713 diversum
1081 3669 1118 3712 a
1156 3668 1245 3724 se,
1277 3648 1581 3731 quoniam
1627 3648 1793 3711 inter
1828 3666 1905 3710 ea

403 3767 549 3830 quae
597 3755 749 3810 sunt
789 3745 1045 3810 realiter
1090 3746 1282 3821 idem,
1328 3764 1456 3809 non
1505 3746 1673 3808 cadit
1715 3746 1903 3808 realis

400 3846 629 3908 relatio
661 3845 891 3908 media.
926 3845 1249 3918 Praeterea,
1286 3844 1351 3905 in
1382 3844 1605 3906 eodem
1642 3842 1903 3906 instanti

402 3944 473 4005 in
503 3962 632 4025 quo
672 3950 957 4005 creatum
995 3948 1090 4005 est
1126 3941 1525 4016 aeviternum,
1556 3941 1780 4004 habuit
1813 3950 1905 4004 to-

404 4052 543 4105 tum
590 4061 782 4104 suum
833 4059 973 4103 esse
1024 4039 1460 4113 substantiale,
1511 4058 1639 4102 non
1688 4047 1899 4101 autem

404 4139 833 4214 durationem,
868 4139 978 4201 sed
1021 4138 1373 4201 durationis
1416 4138 1693 4200 initium.
1730 4138 1905 4202 Unde

2016 3164 2138 3231 ωε,
2185 3175 2304 3218 nec
2353 3158 2432 3219 de
2474 3158 2850 3220 necessitate
2898 3156 3208 3219 exsistens
3258 3156 3324 3217 in
3373 3172 3510 3218 mo-

2014 3262 2105 3329 tu,
2147 3272 2269 3317 nec
2317 3255 2518 3337 quies,
2561 3255 2724 3337 Ergo
2771 3272 2899 3317 non
2941 3262 3037 3317 est
3085 3254 3151 3316 in
3193 3260 3503 3335 tempore.

2013 3352 2464 3415 Verumtamen
2513 3352 2889 3416 vicissitudo
2940 3352 3393 3434 cogitationum
3445 3358 3510 3414 et

2015 3449 2429 3513 affectionum
2461 3470 2720 3514 suarum
2751 3451 2875 3513 alia
2905 3460 3310 3514 mensuratur
3339 3469 3511 3514 men-

2016 3568 2182 3611 sura.
2215 3584 2296 3595 —-
2333 3550 2476 3611 Haec
2517 3549 2886 3613 Richardus.

2083 3646 2164 3708 At
2193 3664 2343 3709 vero
2373 3647 2670 3710 Albertus
2701 3647 2866 3710 libro
2896 3648 2973 3710 de
3003 3646 3081 3710 IV
3105 3646 3504 3729 Coaequaevis,

2016 3763 2226 3808 aevum
2274 3744 2524 3819 definit,
2567 3745 2837 3808 dicendo
2880 3763 2895 3808 :
2931 3746 3158 3829 AEvum
3195 3754 3292 3807 est
3334 3763 3510 3808 men·

2017 3863 2165 3906 sura
2207 3843 2557 3907 durationis
2597 3862 2810 3906 rerum
2856 3842 3230 3905 habentium
3273 3842 3510 3926 princi-

2017 3942 2200 4023 pium
2248 3950 2310 4004 et
2350 3961 2479 4006 non
2529 3941 2752 4017 finem,
2787 3949 2916 4004 tota
2959 3941 3175 4003 simul.
3228 3941 3321 4004 Ad
3369 3960 3510 4004 esse

2018 4040 2256 4102 etenim
2286 4041 2590 4121 temporis
2619 4039 2895 4120 exigitur
2925 4047 3133 4101 motus
3163 4039 3513 4101 secundum

2018 4138 2255 4213 locum,
2303 4138 2486 4218 juxta
2534 4136 2968 4219 philosophos,
3013 4136 3117 4199 vel
3167 4138 3246 4199 ad
3296 4136 3511 4200 minus

406 4240 461 4301 si
506 4238 816 4322 possibile
856 4237 1089 4299 fuisset
1126 4237 1339 4319 ipsum
1380 4238 1601 4299 eodem
1643 4236 1905 4299 instanti
1935 4240 1987 4303 D
2016 4236 2304 4309 variatio,
2351 4234 2702 4297 secundum
2755 4235 3033 4297 Sanctos.
3086 4235 3260 4297 Unde
3308 4253 3511 4318 quum

407 4337 674 4411 destrui,
695 4343 763 4399 et
789 4338 1186 4399 destructum
1215 4334 1465 4409 fuisset,
1488 4354 1711 4398 verum
1742 4342 1908 4398 esset

408 4436 625 4518 ipsum
675 4434 877 4497 fuisse
930 4452 1043 4496 seu
1090 4452 1229 4496 esse
1276 4432 1597 4508 babuisse,
1648 4451 1776 4496 non
1822 4442 1912 4496 ta-

411 4552 561 4597 men
592 4533 858 4595 durasse
892 4548 908 4593 :
942 4550 1141 4613 quum
1180 4548 1331 4611 ergo
1368 4550 1575 4594 sevum
1606 4532 1689 4595 sit
1727 4533 1912 4594 dura-

408 4632 499 4695 tio
557 4629 873 4702 aeviterni,
924 4646 1051 4691 non
1098 4636 1194 4691 est
1243 4629 1456 4710 ipsum
1506 4649 1713 4693 aevum
1772 4648 1911 4692 esse

410 4729 723 4793 aeviterni.
758 4726 1317 4790 -Verumtamen
1361 4726 1619 4810 quidam
1665 4727 1909 4801 dicunt,

410 4828 583 4909 quod
612 4845 827 4890 aevum
867 4842 995 4888 non
1026 4823 1246 4887 differt
1283 4825 1636 4887 secundum
1669 4824 1914 4907 aliquid

405 4925 781 4988 absolutum
834 4922 916 4985 ab
974 4941 1112 4985 esse
1162 4922 1451 4985 aeviterni
1505 4922 1570 4983 in
1619 4940 1749 5005 quo
1795 4930 1909 4985 est.

402 5023 565 5087 Nam
602 5023 656 5085 si
690 5020 941 5084 duratio
980 5038 1117 5083 esse
1147 5020 1434 5083 aeviterni
1474 5027 1641 5083 esset
1672 5019 1917 5103 aliquid

401 5121 589 5185 aliud
627 5118 1111 5202 superadditum
1151 5117 1245 5180 illi
1280 5136 1441 5192 esse,
1476 5118 1613 5200 pari
1648 5119 1914 5192 ratione,

403 5238 611 5303 quum
676 5217 932 5281 duratio
976 5216 1117 5297 ejus
1167 5217 1447 5292 duraret,
1497 5218 1754 5280 duraret
1805 5236 1919 5300 per

402 5318 599 5383 aliam
670 5315 1071 5379 durationem
1128 5315 1597 5397 superadditam
1659 5314 1806 5390 sibi,
1857 5323 1920 5377 et

676 5450 741 5501 T.
776 5450 859 5501 21.

2019 4334 2464 4416 multipliciter
2510 4332 2640 4395 sint
2683 4333 2897 4415 aliqua
2943 4332 3275 4396 variabilia
3316 4333 3514 4415 (quae-

2019 4434 2163 4495 dam
2205 4431 2379 4494 enim
2422 4430 2658 4493 habent
2700 4431 2767 4493 in
2810 4450 2878 4493 se
2921 4430 3078 4513 ipsis
3115 4450 3372 4495 causam
3413 4452 3518 4494 va-

2020 4530 2284 4605 rietatis,
2316 4536 2380 4592 et
2421 4530 2556 4592 haec
2597 4537 2746 4591 sunt
2796 4548 2940 4612 quae
2985 4529 3223 4592 habent
3270 4537 3515 4593 contra-

2021 4628 2188 4690 rium
2247 4628 2311 4691 in
2371 4647 2460 4703 se,
2512 4635 2584 4690 ut
2641 4628 2860 4702 mixta,
2912 4626 3015 4690 vel
3072 4636 3251 4691 extra
3305 4647 3395 4703 se,
3447 4636 3519 4691 ut

2021 4728 2382 4806 elementa3
2433 4734 2498 4789 et
2547 4727 2836 4809 quaedam
2887 4745 3029 4808 quae
3079 4744 3207 4788 non
3259 4725 3520 4809 propria

2024 4825 2135 4889 sed
2187 4826 2405 4888 divina
2453 4826 2688 4888 virtute
2745 4823 3125 4898 subsistunt,
3181 4832 3252 4886 ut
3307 4825 3519 4906 angeli

2026 4932 2087 4986 et
2146 4922 2661 5005 incorruptibilia
2715 4939 2998 5003 corpora,
3049 4929 3121 4983 ut
3177 4921 3265 4985 ait
3313 4921 3518 4985 Boeti-

2027 5022 2151 5101 us),
2205 5021 2315 5082 illa
2362 5027 2513 5082 sunt
2561 5020 2627 5082 in
2675 5026 2960 5101 tempore
3007 5039 3149 5102 quae
3200 5028 3350 5083 sunt
3395 5021 3522 5103 pri-

2029 5136 2136 5181 mo
2178 5118 2367 5180 modo
2405 5117 2757 5192 variabilia,
2799 5134 2926 5178 non
2966 5116 3076 5179 illa
3113 5138 3254 5200 quae
3295 5135 3520 5181 secun-

2030 5217 2110 5280 do
2160 5216 2368 5279 modo.
2416 5250 2497 5261 -
2543 5215 2620 5277 Et
2667 5214 2721 5277 si
2769 5213 3130 5294 objiciatur,
3181 5216 3349 5298 quod
3405 5216 3524 5279 ista

2033 5322 2185 5376 sunt
2225 5314 2436 5377 media
2474 5313 2638 5376 inter
2673 5319 2980 5376 aeternum
3022 5320 3087 5374 et
3122 5313 3518 5396 temporalia,

3137 5522 3144 5529 ·
3238 5446 3269 5499 9
