4334 6242
147 1993 242 2037 leda
258 1998 294 2039 6.

147 2578 194 2620 Is.
212 2594 245 2629 u,
265 2585 316 2624 l's'.

131 3464 230 3509 lCcr.
241 3474 292 3517 x.t
303 3472 336 3511 3.

143 4414 191 4454 13.

143 4930 193 4973 12.
203 4939 351 4987 medi.

701 525 786 575 AN
829 526 1053 577 ANGELI
1093 520 1636 573 TRANSGRESSORES
1681 520 1743 569 ΙΝ
1786 518 1994 568 ΑΕΒΕΜ
2037 518 2441 569 cAumNosun
2484 520 2620 569 SINT
2660 522 2935 581 Damnst,
2976 522 3102 571 ETG.

3337 501 3457 571 349

354 717 425 762 ro
454 700 937 762 considerantur
968 699 1032 761 in
1065 716 1140 761 eo
1169 716 1182 759 :
1213 704 1457 769 natura,
1493 703 1851 777 peccatum,
1883 692 1936 755 A
1964 692 2207 754 rialiter
2265 702 2709 776 cooperaretur
2766 695 2831 755 in
2890 695 3159 757 salutem
3216 694 3454 758 electiS.

353 798 668 861 officium.
705 798 954 861 Naturae
998 816 1128 859 suae
1172 794 1571 877 competebat
1620 795 1853 857 coelum
1963 792 2297 872 Quumque.
2336 791 2554 854 divina
2594 793 2909 854 ordinatio
2948 811 3023 854 ac
3061 793 3460 874 providentia

353 916 755 979 empyreum,
808 904 1068 978 peccato
1119 894 1430 966 infernuS,
1479 891 1701 955 officio
1749 912 1856 954 aer

353 994 762 1075 caliginosus
797 994 925 1057 Nec
955 992 1255 1056 convenit
1284 990 1341 1053 ei
1375 990 1664 1073 superior
1692 990 1855 1052 aeris

354 1093 529 1173 regio
560 1092 642 1154 ob
674 1112 855 1154 suam
889 1091 1307 1163 luciditatem,
1341 1107 1460 1150 nec
1494 1088 1742 1161 infima,
1776 1106 1854 1150 ne

353 1190 648 1253 homines
692 1190 888 1252 nimis
932 1189 1208 1251 infestet.
1256 1187 1399 1249 Haec
1443 1186 1568 1247 ille.

431 1288 594 1350 Hinc
653 1288 984 1352 Udalricus
1045 1286 1112 1348 in
1171 1286 1432 1349 Summa
1494 1304 1630 1359 sua,
1691 1283 1858 1347 libro

355 1397 605 1470 quarto,
657 1387 962 1451 diffusius
1009 1385 1296 1447 scribens
1334 1402 1348 1447 ε
1383 1384 1714 1458 Quoniam,
1769 1383 1859 1444 in-

357 1486 518 1567 quit,
553 1486 874 1549 daemones
904 1484 1220 1567 superbiae
1251 1482 1408 1545 vitio
1436 1481 1726 1545 obdurati
1760 1481 1857 1542 fu-

355 1593 564 1659 erunt,
617 1586 696 1647 dc
743 1584 906 1647 coelo
955 1600 1255 1664 empyreo
1303 1590 1453 1643 sunt
1500 1580 1712 1662 ejecti,
1759 1598 1860 1641 ru-

355 1682 660 1745 dentibus
709 1681 948 1745 inferni
995 1680 1259 1743 detracti
1312 1680 1377 1740 in
1431 1687 1756 1751 tartarum,
1795 1677 1858 1739 id

355 1789 450 1843 est
499 1782 568 1842 in
620 1798 874 1863 poenam
925 1779 1163 1852 tartari,
1214 1796 1343 1839 non
1393 1778 1457 1839 in
1509 1778 1721 1859 ipsum
1773 1776 1859 1838 lo-

1966 907 2224 971 prorsus
2265 888 2555 952 frustrari
2586 910 2710 953 non
2754 898 2964 975 queat,
2997 891 3227 953 decens
3257 900 3353 953 est
3390 900 3459 954 ut

1965 986 2385 1068 permissione
2414 988 2650 1064 divina,
2677 1008 2790 1070 per
2816 989 3111 1051 accidens
3142 997 3203 1051 et
3234 997 3463 1071 praeter

1966 1104 2142 1147 suam
2188 1085 2628 1162 intentionem,
2665 1094 3039 1169 cooperetur
3066 1087 3225 1169 ipsis
3258 1088 3323 1149 in
3355 1088 3462 1152 ho-

1966 1202 2146 1257 num,
2199 1182 2369 1264 ipsos
2425 1184 2747 1258 tentando,
2800 1194 2860 1246 et
2920 1186 3395 1249 succumbendo
3442 1205 3456 1250 ε

1967 1282 2104 1364 ipse
2152 1300 2429 1364 namque
2472 1291 2569 1344 est
2615 1284 2803 1345 draco
2846 1282 3154 1347 formatus
3200 1285 3275 1347 ad
3323 1284 3464 1348 illu·
3490 1306 3753 1358 Pactum.

1967 1381 2247 1443 dendum
2291 1380 2369 1443 ei.
2394 1382 2559 1457 ‚Haec
2602 1381 2949 1445 UdalricuS.

2048 1480 2351 1541 Praeterea
2399 1480 2668 1542 Thomas
2717 1498 2730 1542 :
2778 1481 3038 1562 Ange10,
3082 1482 3191 1557 ait,
3243 1501 3466 1546 secun-

1970 1576 2122 1638 dum
2166 1596 2347 1638 suam
2390 1578 2733 1639 essentiam
2782 1596 2909 1641 non
2958 1578 3227 1641 debetur
3264 1580 3464 1656 locuS,

1969 1675 2079 1736 sed
2109 1674 2317 1737 solum
2346 1683 2654 1757 quantum
2684 1677 2763 1738 ad
2795 1696 2973 1738 suam
3005 1679 3465 1759 operationem:

1969 1773 2069 1833 vel
2114 1792 2227 1854 per
2272 1774 2531 1835 modum
2576 1775 3025 1855 congruentiae,
3062 1784 3130 1837 ut
3171 1776 3234 1838 in
3278 1795 3471 1859 opere

357 1900 504 1942 cum
541 1896 555 1941 ε
592 1878 743 1962 quia
784 1879 848 1941 in
889 1878 1159 1959 epistola
1194 1877 1370 1938 Judae
1407 1875 1676 1958 apostoli
1708 1874 1859 1955 legi·
1894 1879 1940 1942 Β
1971 1871 2562 1952 contemplationis3
2595 1873 2694 1934 vel
2735 1891 2851 1954 per
2890 1874 3151 1937 modum
3196 1876 3471 1937 necessi-

357 1988 478 2054 tur‚
517 2000 550 2037 c<
581 1977 854 2058 Angelos
893 1976 1004 2059 qui
1047 1994 1174 2038 non
1214 1981 1627 2037 servaverunt
1669 1994 1856 2036 suum

356 2077 814 2161 principatum,
849 2076 959 2137 sed
999 2074 1478 2156 dereliquerunt
1520 2093 1708 2135 suum
1754 2073 1861 2135 do-

358 2176 678 2239 micilium
711 2196 770 2247 »,
805 2174 869 2235 id
899 2180 994 2235 est
1025 2172 1259 2235 coelum
1290 2190 1688 2255 empyreum,
1715 2193 1749 2229 <c
1771 2190 1864 2234 re-

361 2274 635 2337 servavit
665 2295 701 2331 »
733 2274 900 2334 Deus
933 2293 967 2330 «
997 2271 1274 2333 vinculis
1305 2271 1558 2333 {eternis
1589 2292 1648 2345 »‚
1673 2270 1737 2331 id
1767 2278 1863 2332 est

362 2380 536 2434 reatu
589 2369 999 2452 inexpiabilis
1049 2368 1477 2449 obligationis,
1515 2369 1652 2429 «in
1697 2368 1863 2447 judi-

363 2471 529 2533 cium
577 2469 789 2549 magni
835 2468 961 2530 diei
995 2489 1053 2542 »,
1089 2468 1152 2529 id
1193 2474 1289 2529 est
1330 2486 1533 2549 usque
1573 2467 1648 2528 ad
1689 2466 1860 2528 diem

359 2567 610 2648 judicii,
644 2566 710 2628 in
735 2584 862 2648 qua
899 2565 1001 2626 die
1043 2563 1424 2627 exaltabitur
1459 2564 1624 2625 Deus
1663 2564 1857 2638 soluS‚

363 2674 431 2727 ut
459 2665 619 2726 dicit
647 2663 862 2737 lsaias,
900 2686 932 2722 «
958 2663 1080 2725 sub
1111 2662 1381 2743 caligine
1408 2684 1465 2736 »,
1501 2661 1564 2722 id
1595 2668 1692 2723 est
1717 2679 1862 2724 aere

366 2765 734 2846 caliginose,
798 2764 966 2845 quod
1023 2783 1060 2825 a
1118 2762 1518 2846 philosophis
1577 2762 1862 2825 medium

360 2862 520 2924 aeris
575 2862 991 2923 interstitium
1036 2860 1422 2923 nominatur.
1461 2860 1618 2922 Nam
1661 2877 1865 2940 usque

360 2961 434 3022 ad
477 2961 651 3022 diem
692 2960 918 3040 judicii
959 2978 1086 3022 non
1128 2966 1277 3021 sunt
1320 2959 1384 3020 in
1433 2957 1681 3021 inferno
1727 2957 1868 3019 reli-

361 3060 510 3140 gati,
562 3059 713 3140 quia
761 3058 964 3120 utitur
1013 3059 1177 3120 Deus
1224 3076 1446 3120 eorum
1497 3056 1742 3119 malitia
1788 3057 1865 3118 ad
1904 3058 1946 3122 C
1977 3050 2136 3112 citer
2190 3068 2203 3111 :

363 3157 724 3239 profectum
755 3155 1094 3237 justorum.
1119 3156 1247 3218 Nec
1278 3174 1618 3219 concessus
1647 3162 1744 3217 est
1773 3154 1866 3217 eis

363 3256 539 3317 locus
573 3256 744 3317 circa
774 3273 910 3328 nos,
945 3262 1257 3336 quatenus
1299 3254 1438 3335 ipsa
1468 3253 1591 3317 loci
1631 3253 1866 3315 discre-

361 3354 534 3416 tione
594 3352 957 3415 ostenderet
1015 3352 1178 3413 Deus
1227 3370 1451 3413 verum
1511 3370 1649 3413 esse
1708 3350 1867 3412 illud

364 3451 697 3534 Apostoli:
733 3450 966 3513 Fidelis
1016 3450 1202 3523 Deus,
1253 3450 1366 3531 qui
1415 3468 1543 3513 non
1591 3450 1868 3532 patietur

364 3568 472 3613 vos
503 3548 736 3613 tentari
768 3567 960 3630 supra
993 3548 1056 3609 id
1086 3548 1256 3629 quod
1298 3548 1565 3629 potestis
1596 3548 1867 3610 sustine-

365 3667 447 3711 re.
483 3648 661 3722 Quod
705 3665 834 3710 non
865 3646 1188 3708 videretur
1217 3644 1403 3707 nobis
1441 3664 1663 3707 verum
1703 3663 1865 3719 esse,

366 3747 417 3809 si
456 3764 714 3827 semper
751 3744 920 3828 apud
960 3761 1074 3806 nos
1115 3743 1514 3817 exsistenteS,
1549 3743 1868 3805 continuis

366 3843 888 3907 intercisionibus
917 3859 1032 3904 nos
1074 3842 1419 3924 pulsarent.
1454 3841 1582 3903 Nec
1614 3859 1868 3903 conces-

368 3963 506 4005 sum
547 3950 646 4005 est
684 3942 776 4004 eis
818 3940 1102 4003 habitare
1142 3958 1339 4022 prope
1381 3938 1637 4013 coelum,
1671 3939 1735 4001 id
1773 3947 1870 4002 est

369 4042 430 4103 in
461 4042 713 4123 sphaera
744 4039 909 4121 ignis
938 4046 1047 4101 aut
1085 4039 1339 4112 aethere,
1373 4058 1514 4119 quae
1555 4038 1692 4100 loca
1720 4046 1870 4099 sunt
1901 4088 1907 4096 .

371 4140 734 4203 luminosa:
769 4138 1072 4221 quoniam
1113 4137 1294 4218 juxta
1337 4136 1570 4199 Christi
1619 4145 1868 4199 senten-

1971 1970 2138 2042 tatis,
2173 1975 2243 2030 ut
2290 1969 2355 2031 in
2406 1970 2505 2031 his
2549 1988 2690 2052 quae
2735 1971 2905 2033 circa
2946 1990 3061 2034 nos
3105 1982 3466 2054 operantur.

1972 2066 2267 2149 Operatio
2294 2076 2508 2130 autem
2548 2069 2756 2150 angeli
2788 2070 3141 2133 secundum
3180 2080 3471 2134 naturam

1973 2185 2175 2241 suam,
2215 2186 2414 2248 quum
2465 2167 2547 2230 sit
2596 2167 3043 2231 intellectualis
3093 2168 3468 2243 substantia,

1971 2272 2068 2327 est
2107 2266 2525 2347 contemplari
2560 2284 2573 2328 :
2608 2266 2759 2328 hinc
2798 2285 3019 2329 omnes
3052 2268 3118 2329 in
3159 2268 3297 2331 loco
3329 2286 3473 2331 con-

1973 2362 2371 2445 templationi
2410 2372 2579 2445 apt0,
2612 2365 2677 2426 id
2717 2373 2811 2427 est
2846 2365 2913 2427 in
2955 2366 3116 2429 coelo
3146 2385 3469 2450 empyre0‚

1973 2470 2122 2523 sunt
2163 2463 2376 2524 creati.
2413 2462 2706 2545 Operatio
2743 2482 2893 2527 vero
2934 2464 3152 2545 gloriae
3189 2484 3317 2528 non
3358 2466 3475 2528 dis·
3544 2506 3553 2515 ·

1973 2560 2096 2621 fert
2124 2559 2205 2622 ab
2244 2561 2609 2643 operatione
2650 2571 2889 2625 naturae
2928 2581 3172 2638 eorum,
3205 2564 3327 2626 nisi
3359 2565 3476 2626 sic-

1974 2666 2044 2720 ut
2095 2658 2451 2741 perfectum
2497 2660 2580 2721 ab
2630 2660 3006 2742 imperfecto
3052 2681 3067 2725 :
3114 2662 3255 2725 ideo
3303 2663 3473 2725 idem

1975 2758 2152 2819 locus
2183 2756 2453 2819 debetur
2482 2757 2724 2839 angelis
2756 2760 3027 2822 conditis
3058 2768 3121 2822 et
3158 2760 3470 2841 gloriosis,

1974 2890 2050 2901 --
2085 2855 2206 2917 Sed
2246 2864 2556 2936 quantum
2586 2857 2664 2918 ad
2704 2863 2936 2919 statum
2976 2858 3181 2940 culpae
3218 2867 3326 2921 aut
3362 2860 3478 2921 mi-

1977 2952 2177 3027 seriae,
2205 2962 2411 3035 potest
2440 2972 2661 3017 eorum
2692 2955 2975 3036 operatio
3004 2957 3243 3018 attendi
3276 2957 3479 3039 tripli-

2258 3052 2487 3133 prim0,
2540 3054 2893 3114 secundum
2951 3052 3159 3115 lucem
3211 3062 3474 3130 naturae,

1977 3168 2118 3230 quae
2150 3149 2215 3210 in
2247 3150 2338 3212 eis
2370 3150 2695 3225 remansit,
2732 3151 3025 3231 quamvis
3066 3151 3479 3215 obtenebrata

1979 3254 2274 3329 peccat03
2325 3250 2626 3324 secund0,
2679 3258 2991 3330 quantum
3049 3250 3127 3313 ad
3186 3250 3478 3313 tenebras

1979 3346 2204 3428 culpae,
2229 3346 2448 3429 sicque
2480 3347 2657 3410 locus
2686 3348 2779 3409 eis
2810 3347 3077 3410 debetur
3106 3348 3480 3411 tenebrosus

1979 3454 2168 3527 atque
2217 3445 2528 3526 poenalis3
2582 3445 2785 3521 tertio,
2835 3455 3144 3528 quantum
3191 3447 3269 3508 ad
3318 3445 3481 3509 ordi-

1980 3562 2128 3605 nem
2160 3544 2393 3606 divinae
2434 3544 2783 3626 sapientiae,
2817 3563 2946 3626 quo
2984 3564 3061 3607 ex
3091 3563 3313 3608 eorum
3351 3564 3481 3607 ma-

1980 3642 2134 3703 litiis
2165 3641 2422 3704 elicitur
2451 3642 2693 3705 bonum
2722 3651 2952 3706 nostrae
2986 3643 3475 3707 exercitationis.

1980 3739 2057 3801 Et
2101 3748 2411 3821 quantum
2450 3741 2702 3811 adhaec
2742 3741 2882 3815 tria,
2916 3741 3183 3804 debetur
3218 3743 3311 3805 eis
3356 3761 3485 3805 me-

1981 3838 2084 3899 dia
2143 3838 2317 3918 'regio
2374 3838 2538 3900 aeris
2601 3857 2613 3899 :
2678 3840 2829 3920 quia
2892 3840 2958 3901 in
3016 3848 3327 3921 quantum
3385 3848 3483 3903 est

1981 3936 2316 4019 diaphana,
2351 3955 2465 4018 per
2503 3944 2794 3999 naturam
2837 3937 2999 3999 lucis
3039 3948 3343 4001 consonat
3382 3958 3483 4002 eo-

1981 4053 2123 4096 rum
2155 4034 2453 4116 perfectae
2495 4043 2773 4115 naturae3
2806 4044 3115 4117 quantum
3156 4045 3367 4100 autem
3400 4038 3478 4101 ad

1981 4132 2456 4208 turbulentiam,
2476 4134 2782 4216 competit
2810 4135 2903 4196 eis
2935 4142 3003 4195 ut
3036 4136 3303 4217 poenalis
3335 4154 3481 4199 con·

372 4239 543 4313 tiam,
593 4236 986 4301 damnationi
1037 4234 1442 4298 tenebrarum
1492 4235 1868 4299 interiorum
1899 4246 1949 4309 D
1978 4238 2074 4294 tra
2122 4232 2415 4313 culpam3
2449 4232 2515 4294 in
2559 4242 2867 4314 quantum
2912 4252 3063 4297 vero
3105 4234 3290 4298 nobis
3338 4254 3481 4318 pro·

133 4345 350 4406 amana,
373 4337 685 4401 debentur
716 4336 992 4399 tenebrae
1023 4334 1386 4397 exteriores,
1412 4334 1688 4396 Medium
1720 4353 1868 4417 ergo

371 4436 530 4498 aeris
562 4435 1001 4507 interstitium,
1037 4434 1206 4515 quod
1237 4442 1334 4495 est
1365 4432 1775 4496 tenebrosum
1805 4442 1869 4497 et

373 4542 874 4618 tempestuosum
903 4553 976 4596 ac
1006 4533 1335 4614 frigidum,
1356 4541 1724 4615 competens
1755 4535 1870 4599 dae-

375 4634 669 4697 monibus
699 4632 1131 4696 obtenebratis
1167 4652 1280 4715 per
1310 4633 1587 4714 culpam,
1622 4633 1868 4715 inquie-

376 4732 449 4794 tis
491 4752 605 4814 per
634 4732 1053 4795 tentationum
1093 4732 1508 4805 invasionem,
1543 4731 1792 4812 frigidis
1832 4752 1869 4794 a

377 4832 648 4905 caritate,
684 4849 888 4912 usque
925 4830 1003 4891 ad
1047 4830 1216 4891 diem
1257 4829 1484 4909 judicii
1531 4830 1686 4913 ipsis
1727 4849 1870 4894 con-

378 4947 620 4991 cessum
654 4936 768 4990 est.
804 4929 991 4990 Porro
1023 4927 1088 4988 in
1127 4926 1368 5007 judicio
1401 4929 1872 5010 congregabun-

377 5033 476 5087 tur
521 5026 1006 5107 congregatione
1060 5026 1248 5088 unius
1299 5026 1488 5089 fascis
1533 5046 1681 5090 cum
1729 5028 1871 5089 reli-

379 5125 516 5207 quis
559 5125 1018 5199 condemnatis,
1053 5133 1116 5186 et
1157 5126 1489 5188 mittentur
1530 5127 1596 5188 in
1637 5127 1865 5189 lacum.

379 5258 450 5271 --
480 5224 659 5288 Ratio
690 5224 920 5287 horum
949 5232 1064 5299 est,
1095 5224 1246 5307 quia
1274 5244 1351 5287 ex
1381 5226 1602 5289 ordine
1631 5234 1872 5289 naturai

381 5322 497 5385 ruit
542 5324 806 5405 angelus
854 5324 1179 5386 ordinatus
1225 5344 1260 5386 a
1304 5325 1428 5387 Deo
1478 5333 1547 5386 ut
1591 5326 1873 5388 ministe-

1980 4332 2243 4413 pinqua,
2287 4332 2583 4394 convenit
2630 4332 2708 4393 ad
2755 4333 3151 4396 exercitium.
3186 4333 3479 4399 infernus

1982 4431 2243 4492 demum
2305 4430 2607 4512 competit
2661 4430 2751 4493 eis
2806 4439 3025 4494 contra
3083 4433 3360 4515 culpam,
3411 4434 3479 4497 in

1981 4537 2291 4613 quantum
2323 4530 2615 4611 poenaliS,
2647 4530 3021 4593 tenebrosus
3051 4550 3124 4593 ac
3159 4531 3473 4595 horridus.

2061 4630 2296 4691 Verum
2357 4629 2455 4690 his
2515 4628 2711 4709 objici
2769 4637 2995 4711 potest.
3047 4631 3278 4705 Prim0,
3329 4650 3480 4713 quo-

1981 4728 2151 4790 niam
2215 4728 2532 4790 daemones
2582 4746 2782 4808 quum
2840 4727 2968 4790 sint
3025 4728 3476 4811 incorporaleS,

1979 4827 2225 4888 nullam
2286 4846 2323 4888 a
2380 4827 2519 4889 loco
2582 4827 2903 4910 recipiunt
2964 4828 3475 4910 impressionem,

1983 4944 2100 4988 nec
2167 4926 2725 5001 illuminationem,
2786 4946 2993 5009 neque
3058 4926 3479 5008 infrigidatio-

1983 5045 2129 5087 nem
2168 5044 2182 5087 :
2217 5044 2366 5107 ergo
2411 5025 2724 5087 inutiliter
2770 5027 2861 5089 eis
2913 5025 3087 5089 locus
3137 5044 3479 5111 corporeus

1983 5126 2323 5207 deputatur
2355 5125 2418 5187 in
2452 5144 2726 5207 poenam.
2752 5161 2832 5171 —
2862 5126 3173 5201 Secund0,
3205 5127 3482 5203 Philoso-

1985 5226 2150 5307 phus
2192 5225 2386 5287 refert
2430 5226 2496 5287 in
2539 5224 2817 5287 secundo
2866 5225 3029 5289 libro
3078 5227 3155 5289 de
3201 5226 3372 5290 Coelo
3418 5235 3482 5289 et

1985 5324 2247 5399 mundo,
2281 5324 2449 5407 quod
2489 5324 2863 5406 Pythagoras
2894 5326 3054 5387 dixit
3093 5326 3305 5408 ignem
3340 5344 3479 5389 esse
