4334 6242
965 534 1050 580 AN
1091 530 1324 580 curtem
1365 529 1625 589 ennam,
1668 527 1803 577 smr
1845 532 1886 575 A
1929 525 2048 576 neo
2090 528 2429 577 inueniam
2470 527 2728 592 ennam,
2769 528 2895 581 mc.
3400 510 3481 580 63

385 723 450 766 se
497 703 678 786 quasi
739 702 1210 784 intelligibilem
1270 702 1468 766 solem
1517 702 1877 764 animarum
1907 700 1960 763 A
1989 701 2679 776 communicabilitatiS‚
2712 704 3102 768 excellentiae
3143 696 3333 786 atque
3376 723 3482 787 po·

384 809 760 876 nostrarum,
796 821 954 884 quas
993 802 1072 864 ab
1114 801 1222 864 illa
1261 802 1501 864 causari
1547 800 1874 883 putabant,

379 905 438 961 et
469 899 770 962 inferiora
803 900 925 962 ista
953 902 1144 963 etiam
1175 900 1257 962 ab
1290 901 1397 962 illa
1428 901 1712 982 produci.
1734 901 1876 963 Haec

379 996 778 1061 GuillelmuS.

455 1095 654 1177 Cujus
694 1097 972 1158 narratio
1000 1116 1038 1158 a
1068 1096 1477 1178 praeinductis
1517 1097 1878 1178 aliqualiter

377 1195 680 1267 dissonat,
715 1195 781 1256 in
819 1212 896 1257 eo
937 1195 1105 1277 quod
1144 1195 1300 1257 dicit
1330 1202 1602 1276 quatuor
1629 1212 1879 1256 emana-

378 1309 444 1352 re
473 1291 555 1353 ab
587 1291 1008 1373 intelligentia
1046 1293 1253 1375 prima
1280 1312 1354 1354 ac
1382 1293 1526 1355 aliis
1568 1312 1768 1374 usque
1799 1292 1876 1353 ad

378 1389 717 1464 decimam,
753 1392 1104 1453 secundum
1142 1391 1704 1473 Peripateticorum
1743 1391 1878 1472 opi-

378 1487 659 1550 nionem.
693 1488 1078 1570 Praeallegati
1125 1508 1276 1552 vero
1319 1489 1743 1552 doctores'sic
1788 1508 1878 1551 re-

377 1587 577 1648 citant
621 1587 804 1669 quasi
851 1587 970 1649 tria
1017 1595 1263 1649 tantum
1315 1587 1394 1650 ab
1441 1587 1877 1669 intelligentiis

379 1685 710 1748 fluxerunt
759 1687 1112 1748 secundum
1168 1687 1420 1748 illorum
1471 1686 1873 1769 positionem.

377 1783 615 1846 Verum
675 1784 796 1846 hoc
843 1784 1032 1847 facile
1086 1786 1523 1859 concordatur,
1575 1785 1876 1867 quoniam

1988 801 2222 876 tentia-3,
2275 803 2594 883 quomodo
2648 801 2839 864 fluxit
2884 803 2965 864 ab
3022 821 3099 865 eo
3152 802 3375 866 finitus
3421 811 3485 865 et

1989 899 2299 962 limitatus
2358 899 2651 974 effectuS,
2702 908 2765 963 et
2813 920 2931 962 nec
2980 901 3231 982 dignior
3278 919 3486 983 neque

1989 998 2329 1080 indignior,
2364 998 2487 1060 nisi
2531 998 2835 1080 quoniam
2886 998 2950 1060 in
2994 1018 3061 1060 se
3106 999 3243 1080 ipso
3288 999 3485 1060 libere

1988 1097 2450 1170 determinavit,
2466 1097 2656 1178 elegit
2684 1105 2747 1158 et
2778 1097 2978 1158 voluit
3010 1096 3178 1178 quod
3210 1099 3487 1159 crearet?

2068 1195 2359 1257 Attamen
2406 1195 2573 1276 quod
2620 1195 2981 1257 intellectus
3026 1195 3143 1256 iste
3185 1212 3310 1275 quo
3352 1213 3485 1257 om-

1989 1293 2095 1354 nia
2125 1293 2429 1366 condidit,
2464 1300 2558 1354 est
2590 1292 2951 1355 intellectus
2991 1293 3071 1354 ab
3102 1311 3178 1355 eo
3205 1293 3481 1374 genituS,

1989 1391 2175 1471 cujus
2221 1391 2647 1472 generationis
2706 1391 3086 1453 revelatione
3134 1396 3325 1472 atque
3374 1409 3484 1453 no-

1990 1489 2128 1551 titia
2165 1489 2283 1552 soli
2315 1489 2655 1553 Christiani
2693 1489 3045 1570 gloriantur
3084 1490 3151 1551 in
3191 1489 3480 1563 Domine,

1989 1595 2343 1669 vocantque
2372 1607 2519 1650 eum
2552 1587 2939 1670 Sapientiam
2968 1589 3269 1669 genitam,
3288 1596 3485 1650 artem

1989 1705 2060 1748 ac
2109 1687 2387 1749 Verbum
2438 1688 2550 1750 Dei
2598 1707 2611 1751 :
2660 1688 2793 1750 haec
2844 1695 2939 1749 est
2984 1687 3295 1749 altissima
3342 1705 3486 1769 pro—

1990 1785 2295 1858 funditaS,
2341 1786 2417 1847 ad
2469 1805 2659 1867 quam
2709 1803 2827 1847 nec
2874 1785 3283 1848 Hebraeorum
3330 1804 3485 1866 gens

377 1881 655 1944 formam
694 1890 759 1944 et
799 1883 1125 1946 materiam
1169 1884 1342 1945 orbis
1386 1884 1630 1967 praefati
1669 1884 1880 1947 docto·
1915 1886 1963 1948 B
1991 1884 2219 1963 attigit,
2272 1883 2396 1946 nisi
2446 1883 2659 1947 forsan
2716 1884 2781 1946 in
2837 1884 3057 1965 paucis
3110 1884 3355 1946 Sanctis
3413 1902 3487 1946 ac

377 1999 482 2042 res
540 1982 1092 2063 comprehendunt
1149 1981 1268 2044 sub
1325 2001 1474 2052 uno,
1528 1982 1878 2064 praesertim

375 2079 686 2161 quoniam
746 2080 1149 2162 Peripatetici
1213 2080 1640 2142 communiter
1701 2081 1878 2142 dixe-

375 2187 531 2238 runt
579 2177 816 2240 formas
873 2178 1129 2240 orbium
1184 2196 1324 2240 esse
1380 2178 1625 2240 animas
1686 2179 1877 2260 ipsaS,

377 2295 540 2358 quas
579 2276 828 2339 nobiles
868 2276 1275 2359 appellabant
1309 2295 1324 2339 :
1357 2278 1525 2360 quod
1565 2285 1628 2339 et
1661 2285 1882 2340 auctor

379 2373 530 2436 libri
557 2375 640 2454 ‘de
673 2375 891 2438 Causis
933 2375 1268 2438 manifeste
1299 2377 1551 2438 videtur
1585 2377 1878 2438 sensisse.

465 2473 940 2556 Consequenter
970 2474 1347 2538 Guillelmus
1384 2483 1603 2538 contra
1637 2493 1881 2538 errores

381 2571 500 2634 hos
541 2572 825 2654 disputat
874 2573 1147 2635 multum
1197 2574 1462 2655 prolixe,
1504 2582 1566 2636 et
1607 2573 1885 2637 breviter

382 2678 638 2752 tangam
671 2691 870 2752 pauca
897 2691 974 2734 ex
1006 2672 1230 2734 multis,
1245 2673 1610 2734 Intellectus
1624 2673 1884 2754 (inquit)

381 2789 496 2832 seu
539 2770 894 2851 intelligere
934 2789 1060 2851 quo
1101 2770 1354 2833 Creator
1386 2771 1684 2852 intelligit
1713 2789 1780 2832 se
1817 2771 1884 2833 in

379 2887 452 2930 se
499 2879 564 2931 et
615 2887 728 2951 per
787 2887 877 2942 se,
929 2887 1055 2931 non
1115 2869 1314 2950 magis
1374 2869 1634 2951 respicit
1682 2889 1882 2931 unum

379 2975 738 3031 creatorum
772 2986 957 3050 quam
989 2968 1274 3047 aliud3et
1301 2967 1886 3050 generaliter,quid-

1991 1982 2389 2064 sapientibus
2429 1982 2585 2056 suis,
2619 1990 2772 2064 puta
2810 1982 3160 2065 ProphetiS,
3194 1991 3258 2044 et
3287 1983 3341 2045 si
3376 1984 3488 2064 qui

1989 2081 2098 2143 alii
2138 2101 2175 2143 a
2216 2081 2543 2162 Prophetis
2581 2080 2703 2143 hoc
2742 2088 3143 2162 acceperunt.
3180 2081 3345 2145 Gens
3383 2082 3488 2143 de-

1993 2199 2170 2242 mum
2220 2179 2498 2242 Arabum
2558 2179 2910 2241 secundum
2970 2198 3149 2241 suam
3210 2197 3492 2242 commu-

1993 2279 2255 2342 nitatem
2316 2279 2599 2341 nondum
2660 2278 2779 2340 hoc
2829 2278 3005 2340 novit
3058 2295 3073 2339 t
3126 2279 3255 2340 imo
3308 2278 3491 2359 juxta

1991 2397 2271 2441 errorem
2312 2395 2440 2459 quo
2479 2378 2739 2439 seducta
2776 2384 2893 2449 est,
2930 2375 2991 2437 id
3026 2383 3327 2458 tanquam
3370 2377 3489 2438 im·

1994 2476 2299 2558 possibile
2353 2482 2558 2556 negat.
2612 2475 2801 2537 Porro
2846 2474 3202 2536 Avicebron
3253 2474 3491 2536 theolo-

1992 2593 2130 2655 guS,
2183 2574 2442 2636 nomine
2490 2581 2553 2634 et
2600 2573 2745 2634 stilo
2792 2573 2892 2652 (ut
2941 2571 3217 2652 videtur)
3262 2571 3484 2647 ArabS‚

1993 2674 2321 2734 evidenter
2372 2673 2433 2735 id
2483 2670 2903 2754 apprehendit
2948 2690 2961 2733 :
3008 2670 3159 2753 quia
3208 2671 3273 2732 in
3324 2670 3490 2733 libro

1994 2790 2185 2853 quem
2231 2772 2491 2833 Fontem
2533 2769 2859 2851 sapientiae
2900 2769 3206 2843 nominat,
3240 2787 3493 2851 expres-

1993 2888 2130 2930 sam
2163 2870 2308 2931 inde
2340 2867 2547 2930 efficit
2576 2867 2986 2940 mentionem,
3019 2867 3491 2949 specialemque

1994 2967 2194 3029 edidit
2234 2967 2469 3029 librum
2514 2967 2593 3028 de
2630 2966 2837 3028 Verbo
2880 2966 2991 3028 Dei
3032 2975 3263 3029 cuncta
3302 2985 3490 3048 agen-

380 3067 538 3148 quid
579 3075 676 3128 est
715 3067 970 3129 Creator
1007 3066 1074 3128 in
1118 3085 1207 3139 se,
1241 3066 1360 3128 hoc
1403 3075 1499 3128 est
1542 3067 1678 3128 sine
1717 3085 1885 3129 com·
1921 3063 1964 3126 C
1999 3073 2092 3144 te3
2134 3072 2197 3126 et
2228 3065 2309 3128 ob
2341 3065 2461 3127 hoc
2500 3072 2655 3146 puto
2688 3083 2835 3127 eum
2878 3063 3295 3128 christianum
3335 3065 3492 3127 fuis-

379 3165 710 3247 paratione
753 3165 882 3226 ulla
921 3171 984 3226 et
1024 3172 1315 3246 respectu
1361 3165 1438 3226 ad
1481 3164 1626 3238 alia,
1659 3172 1721 3226 et
1765 3166 1882 3228 hoc

378 3263 712 3346 aequaliter
755 3271 852 3326 est
891 3263 1214 3336 omnibu3‚
1249 3282 1366 3325 nec
1413 3263 1612 3345 magis
1655 3271 1751 3326 est
1793 3265 1885 3325 in-

377 3361 698 3443 telligen8‚
734 3362 957 3424 videns
988 3370 1097 3423 aut
1127 3379 1394 3424 noscens
1434 3381 1656 3434 unum,
1689 3381 1881 3443 quam

377 3459 575 3521 aliud.
621 3460 840 3542 ltaque
885 3460 1055 3541 quod
1101 3468 1198 3522 est
1248 3459 1609 3541 intelligens
1658 3479 1725 3521 se
1769 3478 1882 3541 per

379 3575 474 3630 se,
523 3573 654 3618 non
709 3555 911 3637 magis
959 3556 1037 3619 ad
1088 3575 1288 3619 unum
1340 3576 1531 3638 quam
1581 3557 1658 3619 ad
1707 3557 1880 3619 aliud

380 3655 664 3736 pertinet
705 3673 718 3716 :
763 3655 1002 3717 idcirco
1045 3673 1158 3736 per
1206 3656 1326 3717 hoc
1368 3672 1496 3717 non
1545 3655 1744 3736 magis
1787 3663 1882 3718 est

378 3771 462 3814 ex
499 3771 576 3814 eo
617 3771 820 3814 unum
864 3771 1056 3833 quam
1106 3752 1301 3827 aliud,
1343 3771 1462 3814 nec
1511 3753 1710 3833 magis
1753 3753 1883 3815 exit

378 3851 464 3913 ab
506 3869 584 3913 eo
627 3850 1050 3931 intelligentia
1092 3870 1218 3913 una
1259 3871 1371 3912 seu
1417 3851 1644 3932 prima,
1688 3870 1878 3932 quam

377 3949 819 4012 secundaseu
867 3949 1083 4027 tertia3
1125 3949 1292 4010 sicut
1333 3967 1408 4010 ex
1454 3949 1728 4023 Socrate,
1768 3968 1884 4032 per

379 4048 502 4110 hoc
549 4047 722 4129 quod
771 4054 869 4110 est
917 4045 1224 4120 Socrate3‚
1267 4064 1394 4108 non
1446 4047 1656 4128 potius
1707 4066 1881 4128 egre·

377 4146 554 4208 ditur
581 4144 933 4207 artificium
967 4145 1167 4206 unum
1198 4163 1390 4226 quam
1421 4137 1712 4220 alterum,
1733 4165 1884 4228 quo-

1996 3183 2084 3238 se,
2142 3182 2343 3245 quum
2400 3181 2477 3224 ex
2535 3162 2817 3225 historiis
2877 3163 3229 3225 innotescat
3284 3170 3489 3236 totum

1995 3281 2263 3342 regnum
2320 3261 2599 3322 Arabum
2656 3261 2811 3323 olim
2876 3259 3072 3323 fuisse
3129 3261 3490 3324 christianae

1995 3359 2287 3440 religioni
2337 3358 2719 3439 subjectum.
2763 3359 3065 3421 Nonnulli
3113 3377 3368 3441 quoque
3411 3378 3488 3420 ex

1994 3457 2274 3540 antiquis
2306 3457 2703 3539 philosophis
2735 3457 2853 3520 hoc
2885 3457 3136 3520 novisse
3167 3457 3485 3530 videntur,

1993 3564 2063 3617 ut
2105 3556 2299 3628 Plato,
2343 3562 2406 3616 et
2445 3555 2797 3636 praesertim
2846 3556 3213 3630 MercuriuS,
3256 3556 3365 3638 qui
3410 3556 3489 3618 de

1991 3655 2200 3717 Verbo
2244 3654 2529 3736 perfecto
2572 3655 2889 3735 integrum
2926 3655 3183 3738 scripsit
3226 3655 3485 3728 librum,

1993 3772 2185 3835 quem
2230 3761 2293 3814 et
2335 3751 2416 3814 ob
2456 3752 2575 3814 hoc
2616 3756 2808 3835 Λόγον
2848 3755 3065 3816 τέλειον
3108 3753 3375 3816 vocavit.
3410 3789 3491 3798 —

1991 3852 2135 3914 Haec
2169 3851 2568 3915 Guillelmus.
2604 3850 2719 3923 Qui
2762 3857 2979 3913 contra
3022 3851 3356 3932 praet'atum
3396 3871 3490 3914 er-

1993 3969 2202 4012 rorem
2250 3949 2374 4011 alia
2417 3948 2704 4030 quaedam
2756 3947 3022 4022 inducit,
3065 3969 3205 4031 quae
3252 3949 3490 4012 idcirco

1989 4049 2237 4121 omitto,
2282 4045 2584 4128 quoniam
2628 4053 2845 4108 contra
2888 4046 3305 4108 intentionem
3350 4047 3487 4128 phi-

1993 4148 2401 4229 losophorum
2452 4145 2545 4207 sic
2594 4144 2994 4228 opinantium
3048 4165 3273 4228 parum
3324 4147 3486 4209 mili-

377 4245 554 4306 niam
600 4243 771 4326 quod
820 4250 917 4305 est
965 4243 1273 4316 SocrateS,
1314 4244 1643 4325 aequaliter
1690 4245 1880 4307 habet
1910 4246 1959 4308 D
1991 4254 2121 4308 tare
2167 4245 2485 4318 videntur,
2528 4251 2591 4306 et
2633 4242 2713 4305 ab
2764 4243 2919 4325 ipsis
2966 4243 3240 4306 faciliter
3288 4245 3487 4308 solve-

375 4361 446 4403 se
495 4342 572 4404 ad
620 4339 901 4402 artificia
947 4340 1180 4402 omnia.
1215 4375 1296 4385 -—
1332 4341 1591 4414 Rursus,
1627 4341 1880 4405 Creator

373 4439 710 4523 aequaliter
757 4447 822 4501 et
869 4439 1148 4520 perfecte
1207 4439 1504 4518 intelligit
1557 4440 1876 4516 universa,

375 4559 582 4623 quum
641 4537 726 4600 sit
778 4537 1069 4600 omnium
1129 4537 1717 4618 splendidissimum
1774 4559 1879 4602 ex-

379 4637 994 4721 pressissimumque
1050 4635 1376 4717 exemplar
1427 4653 1440 4697 :
1494 4636 1636 4698 ideo
1683 4656 1761 4699 ex
1812 4657 1880 4700 se

377 4755 511 4800 non
541 4734 1006 4799 determinatur
1033 4741 1142 4796 aut
1171 4734 1384 4815 aliqua
1413 4735 1786 4798 necessitate
1818 4737 1886 4798 li-

379 4835 649 4897 mitatur
675 4833 756 4895 ad
789 4833 1270 4915 productionem
1313 4833 1500 4895 unius
1530 4834 1877 4909 dumtaxat,

377 4951 592 5020 neque
653 4932 846 4994 unius
909 4931 1107 5012 magis
1167 4950 1359 5014 quam
1417 4932 1686 4994 aliorum
1705 4951 1721 5012 3
1772 4935 1882 4995 sed

375 5031 790 5113 omnipotens
830 5033 944 5092 stia
986 5029 1245 5093 libertas
1282 5038 1473 5114 atque
1513 5030 1759 5105 electio,
1794 5051 1885 5095 ra-

378 5131 474 5194 tio
517 5139 616 5193 est
665 5129 836 5212 quod
895 5128 977 5191 ab
1025 5146 1102 5191 eo
1150 5130 1468 5191 emanavit
1519 5148 1719 5191 unum
1775 5138 1885 5192 aut

381 5231 588 5314 plura,
640 5235 704 5290 et
753 5245 898 5309 quae
945 5226 1168 5300 voluit,
1221 5236 1283 5289 et
1343 5227 1493 5289 item
1545 5235 1614 5289 ut
1658 5227 1880 5291 voluit.

381 5329 694 5410 Denique,
735 5343 938 5407 quum
980 5325 1146 5386 Deus
1187 5325 1270 5386 sit
1309 5325 1564 5407 penitus
1614 5324 1886 5390 infinitae

631 5460 698 5512 T.
735 5459 815 5508 21.

1989 4353 2227 4407 rentur.
2252 4344 2529 4417 Quorum
2563 4341 2943 4424 positionem
2973 4349 3035 4403 et
3066 4342 3483 4407 intentionem

1991 4445 2214 4506 Scotus
2254 4441 2703 4524 compendiose
2750 4440 2813 4501 in
2855 4440 3103 4522 Scripto
3141 4461 3255 4506 suo
3293 4463 3485 4526 super

1991 4541 2273 4624 primum
2318 4539 2650 4622 expressit,
2684 4546 2747 4600 et
2790 4537 2956 4600 infra
2998 4546 3306 4620 tangetur.

2071 4641 2260 4702 Porro
2308 4638 2461 4720 quid
2504 4638 2583 4700 de
2625 4637 2746 4700 hoc
2785 4637 3073 4699 videatur
3117 4641 3482 4716 tenendum,

1991 4758 2071 4800 an
2117 4737 2364 4799 scilicet
2411 4736 2583 4800 Plato
2630 4743 2693 4798 et
2740 4735 3086 4798 Mercurius
3136 4736 3483 4801 trinitatem

1993 4854 2409 4918 personarum
2445 4841 2554 4896 aut
2584 4835 2808 4896 saltem
2846 4832 3144 4896 deitatem
3174 4834 3371 4898 Patris
3411 4857 3485 4900 ac

1995 4933 2135 4996 Filii
2186 4932 2502 5005 noverint,
2542 4932 2674 5012 jam
2723 4951 2915 5014 supra
2963 4932 3243 5012 primum
3289 4934 3484 5014 hujus
3534 4947 3775 5008 cs.t.xtx,

1993 5030 2342 5094 voluminis
2400 5029 2637 5092 librum
2686 5029 3025 5110 diligenter
3077 5032 3359 5112 exposui.
3406 5016 3776 5124 -ξζξλῗῃῗν

1993 5130 2318 5204 Praeterea,
2343 5129 2512 5211 quod
2544 5128 2920 5192 Guillelmus
2948 5128 3056 5203 ait,
3091 5128 3486 5197 intellectum

1996 5246 2122 5310 quo
2179 5228 2361 5291 Pater
2406 5227 2621 5289 omnia
2677 5226 2849 5299 fecit,
2900 5245 3037 5288 esse
3090 5226 3485 5294 intellectum

1995 5327 2307 5408 genitum,
2349 5326 2593 5388 scilicet
2635 5323 2866 5386 Filium
2905 5323 3039 5397 Dei,
3082 5343 3207 5387 non
3255 5335 3351 5388 est
3394 5330 3485 5392 sic

3204 5460 3234 5510 5
