4334 6242
519 3322 778 3380 Sap.v11,2a.

815 451 938 520 538

1505 476 1571 526 ΙΝ
1609 477 1833 525 LIBRUM
1875 477 1921 524 11
1961 476 2447 524 SENTENTIARUH.
2490 495 2573 508 -·
2612 479 2769 525 msr.
2809 480 2892 542 X3
2936 479 3162 537 QUAEST.
3204 481 3250 527 11

817 667 1176 713 sermonem
1218 651 1295 713 de
1334 649 1914 713 illuminationibus
1944 649 2315 729 angelorum
2346 645 2398 710 A
2426 648 2601 711 aliud
2632 658 2727 712 est
2767 669 2958 731 quam
2999 650 3344 732 applicatio
3382 658 3611 715 nostrae
3640 651 3817 714 vocis
3848 652 3931 714 ad

811 755 879 810 et
923 749 1459 830 applicationibus
1510 768 1624 831 per
1667 767 1824 832 quas
1873 747 2062 822 fiunt,
2103 766 2316 829 aggre-

810 846 950 909 diar
997 849 1379 930 perscrutari
1438 847 1742 910 diffusius
1801 848 1878 909 de
1921 847 2318 909 allocutioni-

811 947 932 1010 bus
996 947 1252 1009 illorum
1315 947 1394 1008 ad
1461 947 1737 1008 invicem
1801 953 1864 1008 et
1927 946 2005 1008 ad
2067 944 2314 1007 animas

811 1054 1076 1109 nostraS.
1130 1046 1247 1120 Qui
1303 1046 1526 1128 utique
1584 1063 1712 1108 non
1771 1045 2043 1108 naturali
2097 1063 2314 1107 neces-

810 1144 1017 1218 sitate,
1064 1145 1174 1206 sed
1221 1145 1546 1207 voluntate
1596 1152 1659 1206 et
1708 1143 2022 1217 libertate,
2071 1143 2316 1206 lumina

811 1243 1273 1306 revelat-ionum
1324 1242 1819 1305 communicant.
1859 1243 2055 1322 Cujus
2104 1261 2314 1305 exem-

810 1342 988 1424 plum
1023 1341 1215 1428 est-in
1245 1360 1322 1404 eo
1350 1341 1461 1424 qui
1491 1349 1664 1404 tenet
1694 1341 1933 1403 librum
1969 1341 2315 1403 multorum

808 1441 1211 1503 voluminum
1261 1458 1333 1501 66
1383 1438 1707 1512 foliorum,
1751 1438 2017 1501 liberam
2071 1438 2311 1501 habens

808 1539 1202 1601 voluntatem
1233 1537 1569 1600 claudendi
1603 1537 1786 1599 illum
1816 1546 2002 1619 atque
2031 1537 2316 1618 aperien-

809 1635 895 1710 di,
929 1643 992 1698 et
1022 1635 1347 1719 aperiendi
1379 1635 1458 1696 ad
1498 1635 1960 1716 inspectionem
2003 1634 2193 1696 unius
2224 1634 2316 1696 fo-

811 1735 880 1797 lii
910 1743 1020 1797 aut
1060 1735 1382 1809 versiculi,
1415 1742 1479 1797 et
1517 1734 1891 1797 ostendendi
1927 1734 1992 1794 in
2023 1731 2107 1796 eo'
2129 1735 2311 1817 quid-

2424 747 2716 810 auditum
2768 747 3044 811 illorum.
3084 749 3288 822 Quum
3338 768 3487 831 ergo
3530 769 3932 833 unaquaeque

2426 846 2923 910 substantiarum
2982 848 3245 910 istarum
3294 867 3415 911 vox
3464 848 3769 910 naturalis
3820 849 3927 922 sit,

2425 962 2554 1007 non
2616 946 2909 1028 positiva,
2962 953 3023 1008 et
3082 954 3210 1009 tota
3267 946 3429 1009 liber
3490 947 3797 1010 naturalis
3852 965 3930 1010 ac

2426 1044 2747 1124 propriuS,
2800 1052 3055 1127 totaque
3104 1044 3394 1126 signum3
3440 1045 3782 1128 applicatio
3828 1064 3931 1108 ea·

2426 1161 2568 1204 rum
2600 1143 2677 1204 ad
2720 1143 2997 1205 invicem
3028 1150 3092 1206 et
3128 1144 3205 1205 ad
3246 1144 3491 1206 animas
3530 1151 3797 1218 nostras,
3830 1152 3929 1206 est

2426 1241 2777 1322 spiritualis
2835 1242 3071 1305 locutio
3130 1261 3347 1305 earum
3402 1243 3481 1304 ad
3537 1242 3815 1306 invicem
3862 1251 3930 1304 et

2424 1339 2503 1401 ad
2550 1340 2795 1402 animas
2852 1348 3119 1415 nostras,
3173 1341 3476 1404 revelatio
3526 1359 3781 1423 quoque
3834 1349 3927 1403 at-

2425 1457 2549 1520 que
2612 1438 2967 1500 instructio,
3031 1439 3317 1521 Denique
3364 1457 3496 1524 ‚vox
3554 1439 3928 1521 hujusmodi

2422 1555 2551 1599 non
2592 1544 2837 1599 tantum
2875 1556 2997 1601 vox
3037 1537 3391 1620 spiritualis
3428 1545 3545 1611 est,
3580 1538 3689 1600 sed
3730 1537 3929 1600 etiam

2422 1633 2811 1697 fortissimus
2861 1643 2925 1698 et
2974 1635 3367 1699 clarissimus
3426 1636 3685 1708 clamor,
3737 1636 3929 1717 spiri-

2424 1733 2577 1794 tuali
2618 1733 2865 1795 auditui
2903 1733 3430 1797 audibilissimus.
3462 1771 3544 1780 —
3571 1735 3713 1798 Haec
3752 1734 3926 1798 Guil-

810 1833 965 1916 quid
999 1833 1274 1896 voluerit
1311 1841 1375 1894 et
1413 1832 1681 1913 quotieS.
1715 1831 1994 1906 Quilibet
2032 1851 2310 1914 namque
2348 1831 2395 1895 B
2426 1831 2677 1894 lelmus.

809 1949 1032 1994 eorum
1064 1949 1252 1994 verus
1282 1938 1378 1993 est
1408 1930 1572 1992 liber
1602 1930 1954 2012 spiritualis
1994 1929 2311 1992 lucidissi-

809 2048 930 2092 mae
961 2027 1394 2110 inscriptionis
1424 2027 1809 2090 naturalium
1837 2045 1910 2089 ac
1941 2027 2314 2089 divinalium

807 2146 920 2190 seu
953 2127 1534 2208 supernaturalium
1568 2125 1974 2188 scientiarum
1997 2142 2010 2187 :
2031 2133 2094 2187 et
2124 2145 2315 2206 quan·

806 2233 945 2288 tum
979 2225 1276 2300 voluerit,
1309 2225 1514 2307 aperit
1553 2243 1643 2298 se,
1679 2232 1742 2286 et
1778 2223 2203 2306 adspicientes
2244 2224 2311 2285 in

807 2342 874 2386 se
916 2324 1122 2404 legere
1163 2323 1318 2386 sinit
1360 2342 1436 2385 ex
1472 2321 1760 2404 jussione
1804 2328 1866 2384 et
1913 2321 2313 2405 beneplacito

809 2422 1142 2496 Cre-amris,
1175 2423 1312 2484 sine
1344 2421 1581 2504 quibus
1612 2430 1674 2483 et
1703 2429 1880 2484 extra
1909 2439 2051 2503 quae
2080 2420 2170 2482 nil
2205 2441 2315 2503 pe-

807 2521 982 2584 nitus
1014 2521 1186 2583 facit.
1219 2520 1346 2583 Nec
1389 2527 1538 2582 sunt
1567 2537 1828 2601 prorsus
1859 2527 1930 2580 ut
1961 2519 2314 2581 materialia

807 2619 1077 2702 specula„
1093 2620 1201 2682 sed
1235 2626 1380 2682 sunt
1412 2636 1630 2681 revera
1661 2617 2010 2679 clarissima
2039 2617 2308 2699 specula,

808 2719 1116 2799 imagines
1160 2717 1518 2779 visibilium
1565 2725 1628 2778 et
1681 2715 2104 2778 invisibilium
2156 2715 2312 2777 luci-

808 2817 1074 2878 dissime
1112 2815 1632 2898 repraesentantia
1670 2813 2020 2875 secundum
2061 2831 2313 2875 111611311-

808 2934 942 2976 ram
987 2913 1398 2996 perfectionis
1441 2913 1534 3004 eis
1576 2931 1612 2974 a
1656 2913 1946 2974 Creatore
1991 2912 2314 2995 superglo-

2502 1930 2820 2012 Amplius‚
2857 1931 3020 1994 ultra
3060 1931 3408 2014 praehabita
3437 1931 3661 2013 quinto
3698 1932 3927 1994 asserit

2423 2028 2799 2102 Quodlibeto
2836 2029 3146 2091 Hem-icus
3190 2047 3203 2092 :
3247 2028 3510 2092 Locutio
3549 2030 3923 2111 angelorum

2424 2145 2550 2189 non
2590 2134 2687 2189 est
2725 2127 2849 2190 nisi
2894 2136 3241 2209 conceptus
3282 2147 3621 2208 expressus
3664 2128 3729 2190 in
3774 2147 3922 2191 con·

2424 2232 2612 2307 ceptu
2662 2226 2854 2288 unius
2896 2227 3104 2306 angeli
3147 2225 3439 2309 possibili
3486 2227 3689 2289 videri
3740 2228 3807 2290 in
3856 2247 3925 2290 se

2422 2323 2503 2386 ab
2555 2324 2883 2387 intellectu
2931 2325 3193 2387 alterius
3240 2325 3471 2406 angeli,
3513 2327 3925 2407 quemadmo—

2421 2422 2576 2484 dum
2609 2423 2663 2484 si
2696 2422 2932 2503 legeret
2962 2422 3027 2484 in
3060 2423 3225 2486 libro
3254 2441 3382 2504 quo
3412 2423 3620 2485 eidem
3650 2424 3930 2506 explicat

2424 2527 2805 2602 conceptum
2848 2520 3127 2602 aliquem
3174 2539 3366 2602 que-m
3415 2523 3789 2584 naturaliter
3838 2524 3927 2585 vi-

2425 2618 2572 2679 dere
2618 2637 2744 2680 non
2795 2627 3025 2700 potest,
3059 2637 3268 2700 neque
3318 2619 3384 2680 in
3436 2619 3568 2694 illc,
3602 2639 3812 2702 neque
3860 2621 3926 2683 in

2424 2735 2491 2778 re
2535 2716 2613 2777 ad
2657 2723 2833 2778 extra
2868 2733 2881 2777 τ
2918 2716 3087 2797 quod
3128 2717 3289 2778 alter
3328 2717 3545 2779 videre
3588 2735 3717 2780 non
3759 2718 3931 2781 valet

2424 2812 2519 2874 illi
2576 2813 2668 2874 sic
2718 2832 2857 2875 esse
2906 2813 3280 2887 revelatum,
3332 2814 3635 2895 quoniam
3683 2814 3929 2898 absque

2426 2911 2871 2973 immutatione
2920 2911 3303 2991 cognitionis
3350 2918 3415 2972 et
3466 2911 3707 2993 absque
3760 2931 3929 2976 novo

809 3013 976 3075 rioso
1017 3013 1260 3074 collatae
1295 3030 1308 3074 τ
1343 3013 1436 3074 316
1480 3019 1690 3072 16111611
1738 3018 1807 3071 111
1849 3011 1914 3071 111
1959 3009 2054 3072 613
2093 3011 2311 3072 nullus
2350 3015 2393 3079 C
2424 3017 2737 3090 conceptu
2781 3007 2860 3070 fit
2902 3008 3205 3071 revelatio
3244 3009 3373 3071 illa.
3408 3009 3552 3072 Haec
3588 3010 3923 3073 Henricus.

809 3112 1022 3174 videat
1061 3110 1184 3173 nisi
1225 3117 1536 3192 quantum
1579 3107 1701 3190 ipsi
1731 3108 2070 3170 voluerint.
2104 3107 2311 3190 Atque

811 3208 877 3271 in
920 3210 1040 3272 hoc
1083 3207 1574 3270 similitudinem
1615 3213 1846 3287 gerunt
1882 3205 2195 3268 Altissimi
2240 3225 2312 3268 66

809 3308 1140 3390 sapientiae
1181 3307 1323 3388 ejus
1358 3325 1372 3368 :
1407 3325 1548 3389 quae
1593 3325 1792 3387 quum
1844 3305 1926 3366 sit
1975 3305 2308 3386 speculum

808 3407 947 3468 sine
987 3405 1258 3478 macula,
1291 3411 1572 3466 attamen
1615 3403 1682 3464 in
1720 3421 1795 3465 ea
1839 3401 2054 3463 nullus
2095 3402 2311 3464 videre

807 3511 916 3567 aut
958 3521 1222 3566 noscere
1271 3509 1480 3584 potest
1525 3501 1651 3563 nisi
1694 3509 2006 3582 quantum
2057 3518 2170 3562 sua
2218 3500 2310 3562 di-

806 3601 1021 3684 gnatio
1064 3601 1327 3662 dederit.

886 3699 1171 3781 Denique
1212 3699 1279 3760 in
1320 3696 1702 3760 allocutione
1743 3697 2023 3758 humana
2056 3715 2172 3778 per
2203 3714 2311 3777 po-

805 3798 993 3861 sitiva
1024 3805 1083 3860 et
1115 3797 1469 3860 voluntaria
1498 3795 1679 3877 signa
1705 3795 2018 3856 excitatur
2046 3795 2311 3857 audiens

807 3903 878 3960 ut
927 3895 1206 3979 applicet
1254 3915 1322 3957 se
1369 3894 1446 3955 ad
1497 3893 1982 3973 intelligendum
2024 3901 2310 3974 :quanto

810 3995 1010 4076 magis
1043 3994 1223 4076 313116
1261 3992 1594 4065 naturalia,
1627 3991 1862 4072 quibus
1906 3998 2173 4052 utuntur
2202 4010 2310 4052 an-

806 4095 955 4176 geli,
990 4100 1290 4175 poterunt
1319 4090 1619 4164 excitare,
1653 4095 1716 4151 et
1746 4089 2063 4151 intentum
2103 4090 2313 4171 expri-

2502 3108 2618 3182 Qui
2664 3107 2835 3169 circa
2876 3107 3011 3170 haec
3057 3108 3260 3169 multa
3309 3108 3533 3170 scribit
3579 3107 3927 3172 difficulta-

2422 3213 2551 3268 tem
2609 3205 2954 3287 gignentia,
3008 3206 3176 3268 sicut
3226 3213 3289 3268 et
3336 3207 3531 3270 verba
3582 3207 3703 3270 ista
3752 3227 3928 3270 nunc

2422 3311 2605 3366 tacta.
2639 3303 2797 3366 Nam
2843 3304 3161 3385 quomodo
3203 3311 3413 3386 potest
3454 3305 3758 3368 revelatio
3807 3307 3929 3369 ista

2422 3401 2567 3464 fieri
2618 3402 2755 3464 sine
2805 3420 2971 3464 novo
3020 3409 3333 3484 conceptu
3384 3402 3523 3484 ejus
3573 3403 3679 3464 cui
3726 3403 3827 3478 fit,
3870 3406 3925 3468 si

2422 3518 2536 3582 per
2584 3519 2724 3563 eam
2772 3500 3015 3582 aliquid
3066 3501 3388 3581 cognoscit
3435 3501 3512 3564 de
3560 3506 3771 3565 novo?
3814 3503 3929 3566 Ve-

2421 3617 2565 3660 rum
2622 3597 2793 3660 circa
2844 3598 2965 3660 hoc
3020 3597 3244 3660 scribit
3302 3598 3406 3660 hic
3457 3599 3677 3662 doctor
3724 3601 3927 3663 multa

2422 3696 2712 3771 obscura,
2774 3705 2838 3759 et
2898 3716 3041 3778 quae
3098 3697 3313 3759 verbis
3373 3698 3576 3760 divini
3639 3699 3926 3782 Dionysii

2422 3813 2700 3858 consona
2747 3813 2872 3857 non
2919 3795 3233 3856 videntur.
3270 3795 3447 3869 Puto,
3489 3795 3719 3878 inquit,
3753 3799 3925 3878 quod

2420 3893 2684 3975 angelus
2724 3912 2891 3954 unus
2931 3892 3008 3954 de
3049 3910 3215 3954 novo
3254 3892 3417 3954 nihil
3457 3901 3663 3974 potest
3698 3912 3925 3976 cogno-

2421 4011 2598 4055 scere
2639 4011 2753 4074 per
2782 3991 3043 4055 alterius
3081 3993 3286 4072 angeli
3327 3993 3763 4074 operationem
3802 3995 3922 4057 cir-

2422 4109 2496 4152 ca
2544 4090 2756 4171 ipsum
2808 4091 2874 4151 in
2919 4090 3358 4153 illuminando.
3394 4090 3627 4154 Tamen
3673 4092 3750 4155 de
3802 4092 3923 4155 hoc

809 4212 1004 4266 mere,
1029 4200 1331 4274 tanquam
1363 4209 1528 4252 verae
1559 4195 1621 4250 et
1655 4207 1968 4269 expressae
2001 4187 2309 4269 imagines
2340 4190 2390 4252 D
2420 4187 2719 4269 ambigue
2764 4188 3061 4269 loquitur.

809 4293 1064 4355 rerum?
1112 4290 1355 4351 Formae
1403 4287 1573 4348 enim
1632 4305 1774 4367 quae
1825 4285 1887 4346 in
1938 4285 2309 4366 hujusmodi

807 4389 1181 4453 substantiis
1213 4393 1567 4460 sunt,verae
1594 4404 1667 4447 66
1699 4384 1972 4467 propriae.
2003 4385 2310 4466 imagines

808 4508 1023 4552 rerum
1064 4493 1212 4549 sunt
1251 4504 1522 4567 quarum
1564 4483 1829 4546 scientia
1867 4491 1963 4545 est
2005 4483 2066 4544 in
2101 4484 2257 4565 ipsis
2293 4502 2306 4546 :

809 4589 952 4652 ideo
982 4606 1108 4651 non
1151 4593 1299 4647 sunt
1336 4583 1462 4645 alia
1499 4582 1679 4663 signa
1718 4582 2074 4645 necessaria
2107 4583 2310 4645 beatis

809 4687 938 4750 illis
996 4681 1392 4754 substantiis,
1443 4680 1521 4742 ad
1583 4679 1972 4762 loquendum
2030 4687 2094 4742 et
2151 4680 2313 4742 desi-

807 4785 1131 4868 gnandum
1164 4781 1335 4863 quod
1366 4778 1683 4841 voluerint
1712 4777 2046 4840 animabus
2075 4779 2310 4842 nostris

807 4883 1032 4947 aliisve
1063 4878 1506 4963 spiritualibus
1546 4876 1938 4940 substantiis.
1973 4877 2175 4959 Loqui
2214 4897 2311 4941 er-

809 5003 890 5066 go
939 4999 1160 5045 earum
1202 4979 1280 5042 ad
1326 4977 1602 5040 invicem
1647 4977 1746 5038 vel
1793 4976 1870 5038 ad
1912 4977 2154 5038 animas
2204 4996 2311 5040 no-

811 5091 995 5156 31163,
1047 5098 1174 5142 11611
1225 5085 1320 5140 631
1377 5076 1501 5139 11131
1559 5075 1900 5159 applicatio
1959 5094 2180 5138 earum
2231 5077 2308 5138 ad

813 5181 1091 5245 invicem
1123 5179 1258 5242 sive
1287 5177 1364 5239 ad
1404 5175 1649 5239 animas
1683 5182 1928 5237 nostras
1964 5192 1977 5236 :
2011 5176 2311 5256 quemad-

813 5280 1074 5345 modum
1133 5295 1340 5358 neque
1402 5273 1578 5356 loqui
1639 5281 1928 5337 nostrum
1990 5273 2068 5336 ad
2126 5274 2306 5350 61163,

2486 4286 2567 4348 At
2595 4305 2746 4349 vero
2778 4287 2999 4349 Scotus
3032 4306 3068 4348 a
3096 4287 3423 4350 nonnullis
3452 4288 3772 4370 praedictis
3803 4290 3925 4353 dis·

2422 4385 2702 4448 sentiens
2728 4402 2741 4445 :
2767 4384 3065 4466 AngeluS,
3088 4384 3319 4466 inquit,
3358 4386 3642 4468 loquitur
3668 4389 3917 4469 6113616,

2423 4484 2740 4546 causando
2772 4483 3135 4546 immediate
3168 4493 3547 4566 conceptum
3578 4495 3689 4548 aut
3712 4489 3922 4568 cogni-

2422 4583 2661 4645 tionem
2710 4581 2943 4663 objecti
2989 4581 3066 4644 de
3109 4600 3236 4663 quo
3279 4583 3581 4664 loquitur.
3626 4584 3920 4667 Loquens

2421 4681 2591 4743 enim
2634 4680 3073 4763 principaliter
3102 4681 3377 4743 intendit
3416 4683 3777 4764 exprimere
3816 4705 3918 4748 su-

2424 4799 2531 4841 um
2592 4787 2974 4860 conceptum
3036 4779 3389 4842 intellectui
3454 4781 3560 4843 cui
3612 4782 3915 4864 loquitur.

2421 4877 2757 4952 Quodlibet
2804 4885 3017 4939 autem
3070 4897 3263 4959 agens
3316 4880 3624 4954 naturale,
3676 4884 3916 4955 statim,

2421 4978 2474 5040 si
2506 4985 2739 5061 posset,
2776 4976 3104 5039 induceret
3144 4978 3313 5058 quod
3353 4979 3795 5062 principaliter
3827 4984 3923 5045 in—

2420 5075 2641 5138 tendit.
2696 5074 2974 5157 Angelus
3033 5083 3245 5138 autem
3308 5085 3519 5158 potest
3582 5079 3919 5159 praefatum

2421 5175 2726 5238 effectum
2758 5175 3079 5236 inducere.
3107 5175 3283 5248 Quod
3312 5175 3485 5237 enim
3518 5176 3923 5242 sufficienter

2424 5279 2519 5338 est
2569 5273 2634 5336 in
2678 5279 2822 5336 actu
2867 5272 3075 5355 primo
3114 5281 3406 5355 respectu
3446 5274 3722 5356 alicujus
3764 5277 3922 5342 effe-
