4334 6242
539 3813 560 3834 ⁶
577 3812 754 3857 nutibus

777 483 786 494 ·
807 461 930 526 536

1497 481 1562 528 IN
1603 481 1825 528 LIBRUM
1863 481 1910 527 11
1951 479 2433 528 SENTENTMRUM.
2477 496 2560 509 ·-·
2598 480 2752 527 DIST.
2792 479 2875 544 13
2918 480 3141 536 QUAEST.
3182 480 3229 526 11

805 651 1008 713 simili
1056 651 1123 714 in
1171 661 1386 715 nostra
1427 652 1763 715 locutione.
1818 652 1927 713 Est
1973 651 2145 713 enim
2196 650 2306 713 ali·
2332 649 2385 714 A
2414 669 2687 733 quorum
2730 653 3020 714 omnium
3064 652 3337 734 ipsemet
3370 650 3765 732 quicumque
3806 668 3917 711 an-

808 749 963 831 quid
1005 749 1071 811 in
1110 750 1368 812 homine
1409 751 1576 832 quod
1615 750 1777 812 alius
1816 749 2008 812 homo
2047 750 2125 812 de
2165 749 2306 832 ipso

807 848 1183 926 naturaliter
1221 848 1549 930 percipere
1579 849 1766 922 valet,
1801 856 1871 910 ut
1905 867 2046 930 quae
2076 847 2303 910 exteri-

807 945 1028 1010 oribus
1085 947 1378 1009 sensibus
1436 947 1806 1028 subjacent3
1857 946 2097 1028 aliquid
2153 963 2306 1008 vero

807 1045 979 1127 quod
1019 1047 1107 1108 ita
1142 1045 1221 1109 ab
1261 1047 1386 1109 alio
1425 1045 1646 1127 nequit
1685 1045 2002 1127 cognosci,
2036 1052 2107 1106 ut
2145 1045 2305 1106 inte-

811 1144 1009 1208 riores
1040 1145 1270 1207 mentis
1303 1153 1667 1226 conceptus.
1694 1144 1948 1226 Species
1979 1162 2128 1225 ergo
2157 1161 2305 1206 con-

811 1250 1010 1325 ceptae
1039 1242 1328 1317 interim,
1358 1242 1709 1306 secundum
1744 1242 1910 1324 quod
1948 1249 2209 1304 manent
2238 1241 2305 1303 in

807 1341 1091 1424 simplici
1153 1342 1570 1423 conceptione
1635 1340 2016 1415 intellectuS‚
2067 1339 2306 1403 habent

808 1440 1117 1502 rationem
1168 1439 1590 1520 intelligibilis
1639 1445 1903 1501 tantum.
1949 1438 2069 1500 Sed
2117 1446 2306 1520 prout

805 1538 887 1600 ab
926 1539 1322 1619 intelligente
1361 1537 1735 1600 ordinantur
1771 1545 1843 1598 ut
1878 1537 2059 1599 alteri
2099 1538 2305 1599 mani-

808 1635 1132 1710 festandae,
1166 1635 1404 1698 habent
1433 1635 1742 1698 rationem
1774 1635 1976 1709 verbi,
2012 1636 2181 1718 quod
2213 1636 2304 1697 di-

811 1735 978 1796 citur
1033 1735 1303 1797 verbum
1370 1734 1598 1796 cordis.
1661 1734 2023 1796 Secundum
2087 1742 2301 1797 autem

811 1833 981 1916 quod
1024 1833 1402 1914 adaptantur
1442 1841 1506 1895 et
1547 1832 2015 1914 quodammodo
2065 1833 2305 1895 coordi-
2340 1832 2388 1895 B
2418 1833 2622 1895 stione
2687 1834 3037 1895 centesima
3102 1833 3375 1914 septima
3436 1849 3450 1893 :

809 1938 1041 1994 nantur
1088 1930 1288 2012 signis
1329 1928 1784 2013 apparentibus
1832 1928 2009 2004 foris,
2047 1929 2102 1992 si
2156 1938 2305 1992 sunt

785 2030 988 2111 signa
1035 2030 1114 2092 ad
1160 2029 1370 2091 visum
1423 2028 1793 2110 spectantia,
1845 2027 2142 2090 dicuntur
2194 2049 2307 2090 nu-

806 2136 942 2207 tus;
965 2127 1017 2190 si
1047 2127 1126 2190 ad
1155 2127 1467 2201 auditum,
1489 2133 1752 2189 vocatur
1784 2125 2038 2207 proprie
2066 2127 2304 2188 vocalis

806 2227 1044 2290 locutio
1079 2243 1092 2288 :
1127 2225 1193 2287 hi
1224 2227 1397 2288 enim
1429 2234 1578 2287 sunt
1607 2225 1734 2286 duo
1763 2243 1987 2287 sensus
2022 2224 2304 2306 discipli-

804 2325 1068 2388 nabiles.
1102 2359 1182 2370 —
1214 2324 1635 2387 Conformiter
1665 2325 1731 2386 in
1769 2324 2011 2404 angelis
2043 2323 2306 2386 interior

803 2423 1036 2489 mentis
1096 2431 1442 2505 conceptus
1506 2422 1707 2485 libero
1765 2422 2305 2504 arbitrio‘subja-

803 2515 990 2596 cenS,
1024 2520 1106 2582 ab
1154 2520 1279 2582 alio
1327 2519 1527 2582 videri
1579 2537 1706 2582 non
1761 2527 1986 2601 potest.
2044 2519 2305 2593 Quando

799 2637 949 2700 ergo
979 2625 1352 2700 conceptam
1394 2617 1673 2700 speciem
1716 2617 1965 2680 ordinat
2006 2625 2077 2678 ut
2109 2617 2306 2678 mani-

799 2715 1154 2778 festandam
1207 2715 1411 2788 alteri,
1467 2715 1701 2777 dicitur
1749 2714 2016 2776 verbum
2071 2714 2298 2777 cordis.

799 2814 1059 2888 Quando
1097 2832 1248 2876 vero
1289 2813 1615 2877 coordinat
1652 2831 1792 2876 eam
1835 2813 2026 2875 alicui
2071 2813 2302 2875 horum

799 2931 941 2994 quae
985 2931 1150 2974 unus
1195 2912 1456 2991 angelus
1501 2911 1564 2973 in
1607 2911 1731 2974 alio
1776 2911 2147 2973 naturaliter
2192 2929 2302 2993 po-

2412 750 2592 831 gelus
2624 759 2719 813 est
2747 751 2907 813 ratio
2946 750 3385 833 cognoscendi.
3419 749 3519 812 Nil
3558 748 3729 810 enim
3772 765 3917 830 pro-

2414 848 2592 910 hibet
2640 851 2824 930 plura
2871 849 3063 912 simul
3115 843 3407 930 intelligi,
3460 866 3731 930 qnorum
3787 865 3918 908 una

2415 955 2511 1010 est
2558 948 2718 1010 ratio
2766 948 3206 1029 cognoscendi.
3258 949 3491 1010 Verum
3543 966 3735 1029 quam
3786 945 3917 1007 cito

2414 1047 2677 1128 angelus
2708 1067 2873 1110 unus
2912 1047 3163 1110 ordinat
3205 1047 3589 1109 locutionem
3623 1065 3804 1107 suam
3834 1045 3917 1106 ad

2416 1145 2709 1219 alterum,
2734 1146 3020 1208 efficitur
3050 1146 3284 1208 locutio
3313 1144 3453 1226 ejus
3482 1144 3561 1206 de
3592 1143 3918 1225 pertinen-

2416 1242 2591 1305 tibus
2620 1244 2700 1304 ad
2731 1243 2937 1318 illum,
2961 1243 3180 1326 sicque
3210 1243 3291 1305 ab
3322 1243 3461 1326 ipso
3488 1241 3913 1322 cognoscitur.

2418 1341 2551 1414 Quo
2582 1342 3182 1424 constat‚qnomodo
3212 1360 3376 1404 unus
3405 1340 3667 1421 angelus
3696 1340 3917 1421 plures

2419 1439 2540 1501 sibi
2588 1439 2918 1522 loquentes
2960 1440 3153 1502 simul
3196 1446 3403 1522 potest
3442 1438 3684 1512 audire,
3718 1457 3917 1500 unus·

2419 1557 2543 1618 que
2586 1537 2853 1600 Sanctus
2896 1538 3110 1619 plures
3154 1538 3366 1620 ipsum
3416 1537 3802 1599 invocantes.
3834 1571 3920 1581 —

2416 1635 2562 1698 Haec
2606 1634 2876 1699 Thomas
2920 1636 2984 1698 in
3030 1636 3298 1718 Scripto.

2496 1734 2800 1797 Praeterea
2844 1734 2910 1797 in
2955 1734 3161 1817 prima
3202 1741 3379 1816 parte
3417 1733 3717 1808 Summae,
3748 1751 3921 1815 quae-

3512 1832 3580 1893 In
3647 1830 3915 1912 angeliS‚

2416 1928 2648 2011 inquit,
2708 1937 2913 1992 exstat
2978 1929 3234 1994 locutio·
3296 1928 3437 2003 Sed,
3501 1936 3567 1991 ut
3635 1928 3919 1991 secundo

2415 2027 2745 2089 Moralium
2802 2027 2891 2089 ait
2950 2026 3310 2108 GregoriuS‚
3366 2026 3635 2106 dignum
3694 2034 3788 2087 est
3846 2033 3921 2086 ut

2418 2143 2597 2188 mens
2637 2133 2851 2188 nostra
2890 2125 3261 2207 qualitatem
3300 2141 3617 2206 corporeae
3656 2123 3921 2186 locutio-

2416 2223 2516 2285 nis
2557 2223 2979 2299 transcendat,
3012 2230 3327 2305 quatenus
3365 2223 3442 2286 ad
3482 2222 3793 2284 sublimes
3830 2229 3923 2284 at-

2416 2340 2540 2403 que
2596 2322 2951 2403 incognitos
3005 2322 3223 2384 modos
3277 2320 3617 2384 locutionis
3672 2320 3919 2384 intimae

2417 2420 2859 2502 suspendatur.
2894 2420 3109 2502 ltaque
3138 2421 3214 2482 ad
3248 2419 3737 2501 intelligendum
3768 2439 3919 2501 qua-

2415 2518 2560 2580 liter
2603 2537 2768 2580 unus
2810 2519 3073 2600 angelus
3114 2518 3297 2580 alteri
3348 2517 3663 2600 loquatur,
3695 2519 3917 2580 adver-

2412 2617 2679 2678 tendum
2722 2617 2891 2697 quod
2933 2617 3223 2679 voluntas
3266 2624 3478 2679 movet
3517 2615 3916 2679 intellectum

2412 2714 2491 2776 ad
2538 2734 2716 2776 suam
2756 2715 3209 2797 operationem.
3256 2715 3662 2795 intelligibile
3702 2722 3914 2778 autem

2414 2820 2509 2874 est
2558 2812 2622 2874 in
2674 2812 3001 2875 intellectu
3050 2813 3434 2894 tripliciter:
3469 2812 3698 2895 prime,
3732 2815 3917 2894 quasi

2413 2910 2843 2985 habitualiter‚
2875 2912 2975 2974 vel
3019 2913 3370 2974 secundum
3412 2912 3812 2987 memoriam,
3844 2921 3919 2975 ut

798 3016 923 3072 test
961 3009 1199 3084 videre,
1237 3009 1392 3071 illud
1432 3009 1804 3070 naturaliter
1848 3007 2298 3090 cognoscibile,
2340 3011 2383 3075 C
2416 3008 2699 3091 loquitur
2739 3010 3173 3091 Augustinus3
3211 3012 3513 3084 secundo,
3547 3018 3619 3073 ut
3659 3011 3919 3073 actuali-

796 3107 877 3169 fit
926 3106 1178 3188 signum
1226 3106 1664 3189 expressivum
1709 3105 2029 3168 interioris
2082 3124 2304 3168 conce-

798 3213 946 3288 ptus
991 3223 1005 3266 :
1047 3213 1111 3268 et
1158 3205 1301 3266 talis
1357 3203 1680 3286 expressio
1729 3211 1990 3266 vocatur
2039 3204 2297 3279 locutio,

798 3322 926 3368 non
977 3304 1236 3387 quidem
1285 3303 1543 3378 vocaliS,
1596 3303 1706 3365 sed
1757 3303 2300 3366 intellectualibus

799 3403 999 3484 signis
1031 3419 1362 3484 expressa3
1395 3402 1727 3482 virtusque
1759 3401 2159 3482 exprimendi
2195 3419 2301 3463 no-

801 3503 1082 3565 minatur
1124 3500 1379 3563 illorum
1427 3500 1660 3581 lingna.

878 3601 1006 3664 Nec
1047 3598 1148 3661 his
1191 3599 1407 3662 obviat
1454 3598 1695 3660 dictum
1742 3596 1982 3671 Basilii,
2016 3597 2079 3660 Si
2130 3598 2300 3660 nuda

800 3706 863 3761 et
895 3698 1128 3760 intecta
1155 3697 1370 3759 anima
1397 3697 1784 3770 viveremuS,
1818 3715 1894 3758 ex
1935 3695 2086 3758 solis
2119 3696 2302 3758 moti-

803 3796 962 3858 bus*
1002 3796 1430 3858 intentionum
1470 3794 1882 3875 cogitationes
1919 3794 2296 3856 alterutrum

803 3894 1231 3977 panderentur
1266 3911 1280 3955 ε
1316 3893 1465 3975 quia
1495 3911 1609 3974 per
1637 3892 1831 3954 verba
1864 3893 1999 3954 haec
2029 3892 2303 3954 intendit

803 3993 1073 4057 Basilius
1132 3992 1212 4054 ab
1269 3993 1482 4054 anima
1543 3998 1828 4074 separata
1886 3991 2299 4071 indigentiam

805 4090 1143 4155 locutionis
1191 4091 1450 4162 vocalis,
1499 4108 1624 4153 non
1677 4089 2146 4164 intellectuali5‚
2194 4109 2299 4152 ne-

2414 3114 2510 3168 ter
2534 3107 3057 3194 0consideratum3
3090 3109 3298 3182 tertio,
3333 3115 3403 3170 ut
3441 3109 3519 3171 ad
3554 3109 3727 3170 aliud
3760 3108 3919 3172 rela-

2412 3213 2569 3266 tum.
2604 3204 2810 3287 Atque
2850 3207 2927 3269 de
2968 3206 3177 3287 primo
3212 3208 3409 3288 gradu
3452 3207 3517 3269 in
3558 3208 3913 3270 secundum

2411 3303 2792 3366 transfertur
2831 3304 3233 3386 intelligibile
3268 3325 3381 3387 per
3413 3306 3759 3368 voluntatis
3800 3307 3917 3368 im-

2411 3403 2684 3484 perium.
2720 3403 2895 3466 Unde
2938 3403 3000 3464 in
3046 3402 3421 3467 definitione
3460 3403 3718 3467 habitus
3760 3405 3917 3468 dici-

2409 3508 2696 3583 t.ur:quo
2726 3502 2869 3582 quis
2900 3521 3099 3582 quum
3130 3502 3403 3565 voluerit
3434 3503 3653 3564 utitur.
3690 3503 3919 3566 Simili-

2412 3606 2506 3660 ter
2536 3599 2613 3661 de
2646 3600 2926 3662 secundo
2966 3599 3344 3662 transfertur
3372 3619 3487 3681 per
3515 3601 3911 3664 voluntatem

2411 3697 2478 3759 in
2528 3697 2786 3759 tertium
2829 3715 2842 3759 :
2882 3697 3033 3778 quia
3078 3716 3190 3778 per
3234 3698 3625 3760 voluntatem
3678 3701 3913 3762 mentis

2411 3803 2757 3877 conceptus
2788 3795 3117 3858 ordinatur
3144 3795 3223 3856 ad
3252 3795 3636 3870 alterum,ad
3666 3797 3912 3879 aliquid

2410 3892 2803 3974 operandum
2850 3891 3467 3955 manifestandumve
3508 3895 3709 3956 alteri.
3743 3896 3908 3958 Dum

2409 4009 2562 4053 vero
2592 4009 2771 4052 mens
2814 3990 3127 4053 convertit
3158 4011 3224 4053 se
3258 3991 3335 4052 ad
3376 3992 3907 4056 considerandum

2408 4095 2554 4149 actu
2605 4089 2772 4170 quod
2823 4088 3000 4150 novit
3046 4088 3290 4163 habitu,
3344 4089 3625 4172 loquitur
3674 4090 3909 4172 aliquis

804 4209 970 4271 gare.
993 4189 1067 4252 Et
1099 4190 1236 4272 pari
1267 4189 1455 4251 modo
1485 4188 1874 4270 exponendae
1903 4194 2051 4249 sunt
2082 4188 2299 4251 multae
2330 4193 2379 4253 D
2410 4186 2532 4250 sibi
2566 4187 2703 4269 ipsi.
2718 4187 3073 4268 Conceptus
3103 4194 3315 4250 autem
3348 4189 3579 4250 mentis
3608 4189 3909 4269 angelicae

803 4289 1208 4352 auctoritates
1265 4307 1406 4370 qnae
1466 4287 1633 4349 idem
1684 4287 1981 4348 videntur
2034 4295 2299 4368 praeten-

803 4388 976 4449 dere.
1037 4422 1118 4430 —
1172 4385 1300 4448 Nec
1357 4385 1674 4466 cogitandi
1732 4392 1879 4446 sunt
1939 4385 2298 4466 incorporei

803 4483 1008 4566 angeli
1051 4484 1230 4565 quasi
1270 4483 1582 4545 situaliter
1622 4482 1701 4545 ab
1747 4482 2022 4544 invicem
2066 4482 2301 4544 distan-

802 4591 919 4657 teS,
952 4589 1015 4645 et
1057 4581 1238 4663 quasi
1283 4600 1398 4662 per
1441 4580 1723 4642 medium
1768 4579 2058 4642 deserens
2109 4580 2298 4643 collo-

803 4688 1090 4764 quentes.
1140 4681 1275 4742 Imo
1333 4679 1501 4761 quod
1555 4678 1622 4741 in
1681 4677 2115 4760 corporalibus
2172 4679 2301 4759 agit

801 4780 984 4852 situS,
1012 4779 1132 4841 hoc
1163 4779 1228 4840 in
1259 4776 1701 4859 spiritualibus
1731 4775 1883 4838 facit
1913 4776 2066 4838 ordo
2099 4793 2112 4838 :
2148 4777 2299 4838 hinc

800 4879 879 4941 ad
934 4878 1118 4940 istam
1177 4875 1562 4939 locutionem
1622 4873 1867 4937 sufficit
1919 4874 2090 4936 solus
2145 4875 2299 4936 ordo

803 4975 1172 5040 intentionis
1207 4975 1284 5036 ad
1326 4973 1860 5036 manifestandum
1900 4973 2052 5054 quid
2092 4973 2294 5035 alteri.

801 5112 879 5122 —
904 5076 1093 5138 Porro
1121 5073 1327 5154 angeli
1358 5073 1560 5135 sancti
1592 5071 2024 5134 indesinenter
2052 5079 2202 5133 sunt
2232 5072 2297 5133 in

801 5173 1032 5238 actuali
1066 5172 1164 5235 sui
1207 5173 1490 5254 ipsorum
1532 5169 2056 5243 consideratione,
2090 5177 2153 5232 et
2184 5189 2298 5252 per

801 5291 1196 5360 consequens
1225 5291 1440 5338 eorum
1477 5292 1612 5357 quae
1641 5272 1719 5334 ad
1752 5269 1922 5357 ipsos
1953 5270 2289 5354 pertinent,

2410 4285 2734 4348 ordinatus
2763 4287 2839 4347 ad
2875 4286 3413 4349 manifestandum
3444 4288 3625 4350 alteri
3656 4307 3772 4370 per
3799 4307 3909 4352 vo·

2410 4384 2715 4447 luntatem
2766 4385 2955 4446 unius
3004 4385 3233 4465 angeli,
3275 4385 3455 4448 alteri
3506 4386 3849 4449 innotescit
3888 4405 3903 4449 :

2408 4482 2628 4563 sicque
2661 4502 2826 4544 unus
2858 4482 3139 4564 loquitur
3168 4483 3579 4564 alteri,quum
3611 4484 3701 4546 nil
3732 4485 3907 4548 aliud

2410 4580 2491 4642 sit
2549 4580 2627 4642 ad
2685 4581 2955 4642 alterum
3015 4581 3212 4662 loqui,
3273 4600 3464 4662 quam
3522 4591 3903 4664 conceptum

2412 4679 2643 4740 mentis
2687 4679 2744 4740 ei
2792 4678 3215 4742 manifestare.

2490 4777 2552 4839 Si
2604 4785 2817 4840 autem
2861 4776 3225 4859 objiciatur,
3259 4779 3428 4861 quod
3477 4779 3743 4862 loquens
3792 4799 3909 4862 per

2407 4876 2663 4957 aliquod
2695 4876 2945 4957 signum
2982 4877 3214 4939 excitat
3254 4876 3643 4952 audientem,
3678 4887 3743 4940 ut
3776 4899 3909 4943 suae

2409 4974 2712 5037 locutioni
2764 4975 3043 5036 attendat
3086 4991 3100 5036 ε
3144 4976 3255 5037 sed
3305 4993 3432 5037 non
3480 4985 3739 5059 apparet
3792 4997 3907 5058 per

2408 5073 2561 5156 quid
2604 5073 2866 5153 angelus
2916 5093 3083 5134 unus
3132 5073 3223 5135 sic
3273 5074 3506 5136 excitet
3546 5075 3765 5136 alium.
3802 5076 3905 5138 Di-

2408 5171 2893 5252 cendum‚quod
2924 5178 3234 5252 quantum
3266 5172 3341 5234 ad
3373 5173 3627 5253 angelos
3660 5171 3900 5248 beatoS,

2408 5271 2516 5356 qui
2560 5269 2949 5334 incessanter
2982 5289 3049 5335 se
3089 5270 3364 5334 invicem
3402 5271 3621 5334 vident
3657 5271 3721 5334 in
3754 5271 3903 5335 Ver·

4002 1847 4090 1886 nrt.
