4334 6242
539 651 648 707 Aug.
660 650 715 693 de
728 650 807 694 Go-

540 713 633 756 neti
648 715 702 756 td
717 713 805 757 lm.

540 776 615 820 lib.
630 779 806 827 x1‚n.22.

830 433 951 499 282
1778 454 1955 500 mmm
1994 455 2036 500 11
2080 453 2562 500 sum-nuruum.
2607 472 2688 482 —
2727 454 2880 500 msr.
2927 455 2988 500 iv

833 630 903 694 in
956 633 1218 713 meliuS,
1258 630 1467 696 nimia
1512 633 1940 713 praesumptio
1989 635 2109 696 est.
2162 633 2510 706 Quomodo
2565 633 2735 696 enim
2790 633 2963 696 beati
3015 648 3157 694 esse
3203 630 3502 712 possunt,
3545 628 3790 710 quibus
3837 625 3940 689 est

834 751 1083 812 mcerta
1128 768 1249 813 sua
1293 750 1690 813 beatitudo?

835 965 906 1028 C.
939 968 1325 1030 Summam
1356 969 1637 1043 cocctqtt
1666 969 2224 1041 praeelectorum,
2251 968 2700 1039 confirmans
2729 981 2982 1029 omnes
3011 971 3313 1043 angelos
3344 967 3517 1029 ante
3547 966 3944 1037 confirma-

966 1083 1241 1144 tionem
1271 1087 1385 1144 vel
1424 1087 1713 1156 lapsum
1750 1098 1899 1146 non
1932 1082 2162 1155 fuisse
2203 1084 2478 1156 beatOS,
2503 1085 2653 1144 nisi
2683 1098 2824 1155 per
2857 1083 3382 1145 beatitudinem
3413 1085 3576 1156 quis
3613 1080 3944 1153 accipiat

967 1202 1182 1262 illum
1218 1201 1499 1263 statum
1538 1202 1975 1264 innocentiae
2014 1203 2092 1262 in
2131 1215 2269 1274 quo
2305 1199 2614 1272 fuer-unt
2651 1200 2824 1262 ante
2861 1214 3144 1262 casum.

960 1391 1062 1452 Ex
1104 1388 1437 1470 praedictis
1475 1389 1919 1470 consequitur,
1954 1389 2132 1470 quod
2175 1387 2388 1468 angeli
2431 1387 2546 1467 qui
2585 1388 2992 1466 corruerunt,
3035 1403 3376 1466 nunquam
3423 1385 3596 1448 beati
3645 1385 3938 1464 fuerunt,

829 1507 959 1570 nisi
1015 1505 1489 1568 beatitudinem
1540 1504 1781 1586 aliquis
1837 1504 2115 1586 accipiat
2172 1503 2360 1565 illum
2417 1503 2664 1566 statum
2721 1502 3112 1566 innocentiae
3161 1502 3231 1566 in
3280 1519 3411 1582 quo
3465 1501 3731 1565 fuerunt
3787 1503 3944 1565 ante

832 1623 1195 1703 peccatum.
1230 1622 1336 1684 Illi
1374 1640 1529 1685 vero
1568 1622 1683 1702 qui
1724 1622 2172 1702 perstiterunt,
2205 1621 2320 1682 aut
2359 1636 2548 1682 suam
2586 1618 3058 1682 beatitudinem
3099 1619 3390 1682 fut-uram
3429 1619 3568 1681 Deo
3607 1615 3943 1681 revelante

835 1738 1285 1818 praescierunt,
1322 1740 1387 1801 et
1422 1738 1515 1800 ita
1561 1738 1701 1818 spei
1741 1736 2130 1800 certitudine
2168 1736 2390 1816 aliquo
2440 1736 2636 1798 modo
2684 1735 2858 1798 beati
2906 1734 3206 1815 fuerunt;
3249 1733 3352 1796 vel
3396 1734 3626 1796 incerti
3672 1734 3944 1797 exstite-

836 1856 991 1917 runt
1032 1871 1169 1917 suae
1207 1853 1655 1932 beatitudiniS,
1692 1855 1756 1917 et
1794 1855 1885 1915 ita
1931 1853 2119 1916 aliter
2166 1852 2339 1916 beati
2385 1869 2517 1914 non
2559 1853 2824 1915 fuerunt
2861 1868 3060 1932 quam
3102 1851 3340 1932 reliqui
3379 1850 3493 1931 qui
3535 1850 3935 1914 ceciderunt.

838 1969 1001 2032 Mihi
1050 1971 1293 2048 autem,
1335 1970 1513 2050 quod
1557 1970 1886 2051 posterius
1932 1970 2184 2032 dictum
2232 1969 2352 2049 est,
2395 1967 2801 2049 probabilius
2848 1967 3128 2030 videtur.

836 2186 917 2248 D.
962 2187 1353 2258 Responsio
1404 2190 1501 2248 ad
1550 2188 1624 2248 id
1660 2190 1851 2260 quod
1895 2185 2394 2260 quaerebatur,
2437 2199 2539 2247 an
2587 2186 2836 2260 anyeli
2880 2185 3119 2246 essent
3164 2185 3406 2246 creati
3445 2183 3762 2256 perfecti
3809 2183 3942 2246 aut

971 2301 1388 2375 imperfecti
1398 2321 1428 2377 ,·
1465 2302 1537 2362 et
1568 2301 1842 2362 dicitur
1872 2305 2062 2376 qnod
2090 2300 2407 2374 perfecti
2438 2300 2745 2372 fuerunt
2779 2305 3177 2363 secundum
3213 2303 3524 2375 aliquid,
3557 2300 3628 2360 et
3659 2300 3941 2372 imper-

968 2419 1144 2491 fccti
1178 2423 1577 2482 secundum
1616 2421 1920 2493 aliquid.

974 2607 1076 2670 Ad
1131 2607 1255 2670 hoc
1304 2607 1525 2670 autem
1575 2605 1752 2688 quod
1790 2604 2227 2686 quaerebatur,
2269 2607 2490 2668 utrum
2539 2605 2810 2686 perfecti
2853 2604 2958 2667 vel
3009 2604 3376 2685 imperfecti
3422 2603 3667 2668 fuerint
3715 2604 3942 2678 creati,

844 2724 972 2786 dici
1020 2724 1236 2804 potest
1272 2724 1429 2804 quia
1474 2722 1761 2802 quodam
1808 2721 2006 2783 modo
2044 2720 2313 2802 perfecti
2362 2720 2651 2800 fuerunt,
2688 2721 2754 2784 et
2794 2721 3080 2801 quodam
3120 2719 3249 2782 alio
3295 2720 3494 2783 modo
3549 2719 3943 2800 imperfecti.

848 2840 997 2903 Non
1045 2839 1223 2903 enim
1270 2856 1402 2900 uno
1452 2838 1647 2930 modo
1696 2837 1944 2918 aliquid
1991 2837 2232 2899 dicitur
2276 2836 2664 2918 perfectum,
2706 2837 2821 2900 sed
2867 2836 3189 2917 pluribus,

969 3055 1045 3118 Ε.
1086 3057 1281 3122 Quod
1318 3057 1555 3118 tribu-5·
1590 3058 1829 3118 modis
1865 3055 2140 3116 dicitur
2168 3053 2580 3126 perfectum
2611 3069 2635 3107 .·
2666 3055 3064 3113 secundum
3089 3051 3398 3124 tempm,
3433 3053 3830 3113 secundum

1634 3173 2021 3245 naturam,
2055 3172 2127 3232 et
2161 3169 2695 3232 universaliter
2722 3167 3155 3242 perfectum.

564 3363 830 3420 uagos-‚m-
989 3350 1248 3414 Dicitur
1274 3367 1559 3430 namque
1587 3348 1950 3430 perfectum
1982 3347 2194 3410 tribus
2227 3346 2464 3408 modis.
2493 3346 2610 3408 Est
2641 3345 2816 3408 enim
2855 3344 3216 3426 perfectum
3255 3345 3617 3408 secundum
3655 3347 3946 3428 tempuS,

562 3443 631 3472 mn
658 3430 779 3473 Seni..

562 3495 827 3544 nminem
857 3469 923 3530 et
976 3467 1077 3530 est
1130 3466 1493 3547 perfectum
1554 3465 1912 3528 secundum
1971 3465 2297 3540 naturam,
2346 3463 2413 3524 et
2464 3462 2564 3525 est
2618 3460 3073 3524 universaliter
3126 3459 3512 3540 perfectum.
3569 3461 3952 3525 Secundum

562 3555 617 3597 de
638 3555 825 3597 Sacram.

562 3617 635 3659 lib.
651 3631 678 3666 ι,
690 3630 826 3672 p.v,e.

566 3683 631 3724 16.

856 3586 1119 3665 tempus
1168 3583 1531 3664 perfectum
1579 3583 1699 3660 est,
1751 3580 1927 3662 quod
1978 3580 2174 3642 habet
2224 3578 2547 3659 quidquid
2596 3580 2860 3657 tempus
2909 3575 3208 3657 requirit,
3249 3578 3315 3640 et
3361 3578 3666 3640 convenit
3711 3596 3952 3641 secun-

838 3701 1017 3763 ·dum
1056 3700 1318 3781 tempus
1366 3697 1590 3760 haberi
1638 3718 1651 3759 :
1696 3698 1760 3760 et
1796 3697 1920 3759 hoc
1966 3697 2163 3758 modo
2216 3695 2431 3776 angeli
2479 3695 2662 3757 erant
2709 3692 2982 3774 perfecti
3031 3693 3180 3756 ante
3232 3693 3798 3758 confirmationem
3845 3695 3950 3758 vel

856 3817 1136 3898 lapsum.
1172 3815 1544 3880 Secundum
1594 3814 1894 3876 naturam
1946 3811 2311 3893 perfectum
2357 3812 2478 3889 est,
2516 3810 2692 3890 quod
2743 3809 2940 3872 habet
2985 3808 3309 3890 quidquid
3355 3809 3650 3872 debitum
3699 3813 3800 3874 est
3845 3812 3953 3875 vel

854 3934 1119 4014 expedit
1166 3934 1416 3994 naturae
1454 3948 1592 3995 suae
1630 3930 1714 3992 ad
1750 3929 2290 4009 glorificationem
2338 3947 2351 3987 :
2395 3929 2460 3990 et
2501 3928 2626 3988 hoc
2669 3926 2864 3988 modo
2903 3925 3175 4006 perfecti
3227 3925 3492 3989 fuerunt
3532 3929 3745 4009 angeli
3799 3933 3956 4010 post

853 4050 1443 4128 confirmationem,
1476 4049 1541 4111 et
1571 4048 1763 4110 erunt
1798 4046 2006 4110 sancti
2044 4045 2195 4126 post
2231 4043 2797 4107 resurrectionem.
2833 4041 3304 4104 Universaliter
3334 4044 3399 4105 et
3433 4060 3694 4107 summe
3732 4045 3954 4125 perfe-

855 4169 1035 4230 ctum
1083 4167 1204 4244 est,
1247 4165 1353 4228 cui
1400 4165 1568 4226 nihil
1609 4179 1901 4243 unquam
1951 4161 2156 4240 deest,
2201 4161 2266 4223 et
2301 4177 2340 4222 a
2381 4176 2514 4240 quo
2561 4158 2868 4220 universa
2913 4158 3311 4238 proveniunt
3357 4158 3528 4221 bona
3569 4178 3583 4218 ε
3627 4161 3806 4240 quod
3851 4163 3956 4224 est

853 4283 1061 4348 solius
1098 4283 1244 4346 Dei.
1288 4283 1511 4344 Prima
1558 4297 1710 4361 ergo
1758 4278 2070 4360 perfectio
2120 4280 2218 4341 est
2265 4277 2516 4338 naturae
2565 4274 2869 4351 conditae,
2911 4273 3196 4336 secunda
3243 4275 3494 4338 naturae
3541 4275 3950 4355 glorificatae,

856 4401 1047 4464 tertia
1095 4400 1345 4462 naturae.
1390 4399 1715 4462 increatae.

1185 4614 1260 4676 F.
1307 4616 1671 4678 Proedicta
1723 4615 2046 4678 breviter
2090 4611 2356 4688 canan,
2401 4614 2678 4673 addens
2721 4611 2978 4684 quales
3021 4606 3326 4678 fuerunt
3372 4611 3622 4683 anyeli

1812 4733 1889 4793 in
1935 4731 2413 4793 conversione
2460 4729 2530 4789 et
2577 4728 2988 4789 aversione.

989 4915 1231 4990 Quales
1284 4913 1549 4977 fuerunt
1587 4913 1799 4993 angeli
1848 4912 1917 4974 in
1968 4911 2318 4989 creatione,
2362 4909 2698 4971 ostensum
2747 4907 2847 4969 est
2889 4922 2903 4963 ε
2949 4901 3423 4980 Βοηί,εοί1ἰοθῒ,
3470 4903 3536 4963 et
3581 4918 3716 4964 non
3767 4901 3951 4980 mali,

849 5035 1039 5117 justi,
1074 5034 1142 5096 id
1179 5033 1279 5096 est
1317 5031 1718 5108 innocentes,
1753 5030 1817 5091 et
1852 5027 2121 5109 perfecti
2161 5026 2450 5107 quodam
2488 5023 2709 5100 mod0,
2743 5022 2871 5084 alio
2910 5037 3066 5082 vero
3106 5018 3303 5080 modo
3341 5017 3735 5098 imperfecti.
3768 5017 3954 5081 Beati

854 5170 1008 5215 vero
1042 5167 1171 5213 non
1211 5149 1476 5211 fuerunt
1516 5163 1722 5227 usque
1750 5147 1833 5208 ad
1862 5144 2451 5221 confirmationem,
2479 5141 2604 5202 nisi
2638 5137 2974 5202 beatitudo
3012 5135 3392 5216 accipiatur,
3426 5135 3501 5196 ut
3530 5133 3669 5214 jam
3703 5134 3955 5198 dictum

862 5269 983 5348 est,
1025 5266 1135 5331 ille
1180 5266 1392 5329 status
1434 5263 1821 5328 innocentiae
1872 5264 1937 5325 et
1984 5260 2297 5324 bonitatis
2344 5259 2412 5320 in
2460 5273 2591 5338 quo
2635 5254 2879 5318 conditi
2935 5253 3109 5315 sunt.
