4334 6242
736 508 824 554 AN
862 508 1108 554 Hormus
1149 506 1230 553 AB
1270 506 1523 553 AETERNO
1566 505 1641 551 ΕΤ
1682 504 1819 551 SINE
1860 503 2011 551 oum
2050 503 2396 551 'murnum
2439 506 2624 553 mmo
2666 506 2758 551 SIT
2799 504 3066 552 cunnus
3375 483 3454 550 75

356 678 663 749 absolute,
717 679 1017 761 praecedit
1064 677 1556 760 generationem.
1610 714 1690 722 —
1736 678 1850 739 lte·
1881 677 1932 741 A
1964 696 2089 759 que
2144 684 2242 739 est
2289 676 2679 760 principium
2737 684 2800 739 et
2852 676 3026 756 origo
3085 674 3455 737 substantiae

358 797 521 851 rum,
557 776 885 839 hominem
932 786 1213 838 creatum
1258 794 1516 838 necesse
1558 782 1653 836 est
1700 792 1853 855 prae-

356 876 580 937 cedere
612 875 941 937 hominem
971 895 1008 937 a
1036 894 1103 937 se
1133 875 1417 957 genitum
1437 881 1531 935 :et
1560 873 1654 935 sic
1688 872 1853 934 inter

356 982 637 1035 creatum
686 981 750 1035 et
796 992 1267 1055 quemcumque
1316 972 1513 1034 alium
1561 970 1845 1053 genitum

354 1090 480 1134 non
520 1071 799 1134 fuissent
839 1072 1129 1135 homines
1168 1071 1409 1134 infiniti
1441 1066 1563 1132 'nec
1602 1069 1851 1132 duratio

356 1169 627 1245 infinita,
642 1190 843 1252 quum
875 1171 983 1232 ille
1014 1178 1261 1233 creatus
1290 1188 1415 1231 non
1448 1168 1676 1231 fuisset
1709 1176 1851 1229 tem·

356 1288 505 1351 pore
540 1269 799 1331 infinito
826 1279 972 1332 ante
1000 1269 1287 1351 genitum
1316 1288 1353 1330 a
1382 1288 1471 1341 se,
1504 1275 1565 1330 et
1597 1275 1849 1348 tempus

352 1368 431 1431 ab
476 1368 587 1431 illo
630 1368 846 1450 genito
891 1386 1091 1450 usque
1140 1387 1312 1429 nunc
1353 1375 1521 1429 esset
1562 1366 1844 1429 finitum.

430 1466 625 1529 Motui
676 1484 826 1546 ergo
874 1474 937 1528 et
985 1465 1363 1528 successivis
1412 1471 1721 1546 repugnat
1768 1464 1849 1525 ab

352 1575 586 1629 aeterno
622 1565 845 1638 fuisse,
878 1584 1075 1647 quum
1120 1571 1343 1626 natura
1390 1571 1596 1625 motus
1640 1563 1848 1645 requi-

352 1672 445 1727 rat
490 1664 783 1727 ordinem
834 1662 1133 1744 partium,
1177 1662 1244 1724 in
1286 1661 1522 1744 quibus
1570 1661 1847 1743 acceptis

352 1781 609 1825 necesse
641 1770 735 1825 est
767 1762 915 1823 dare
947 1760 1219 1842 primam
1252 1769 1314 1823 61
1343 1759 1656 1834 ultimam,
1682 1759 1847 1821 sieut

1962 775 2429 848 universorum,
2474 776 2536 837 id
2575 782 2672 836 est
2716 794 2795 836 ex
2838 774 2979 854 ejus
3023 772 3344 835 voluntate
3394 780 3458 834 et

1963 881 2291 955 potestate,
2317 873 2494 935 nulla
2526 872 2898 936 necessitate
2927 879 3167 935 naturae
3195 870 3460 951 conjun-

1961 980 2061 1034 cta
2093 990 2107 1034 :
2143 973 2444 1054 quoniam
2489 970 2776 1033 absolute
2821 971 3158 1052 loquendo,
3193 986 3318 1032 000
3361 977 3458 1031 651

1960 1090 2219 1133 0666556
2259 1072 2460 1133 Deum
2491 1069 2654 1132 velle
2692 1069 2932 1151 aliquid
2975 1068 3098 1131 nisi
3137 1088 3204 1131 sc
3244 1067 3458 1151 ipsum

1959 1178 2021 1232 et
2062 1188 2137 1231 ea
2181 1188 2322 1251 quae
2364 1177 2512 1231 sunt
2557 1169 2720 1231 intra
2770 1166 3003 1248 ipsum,
3045 1185 3173 1229 non
3215 1166 3457 1249 aliquid

1959 1276 2135 1330 extra
2177 1288 2264 1329 se.

2038 1366 2403 1448 Philosophi
2443 1382 2592 1445 ergo
2631 1364 2950 1439 dixerunt,
2995 1364 3302 1427 mundum
3350 1364 3459 1426 ha-

1960 1465 2110 1527 bere
2152 1484 2292 1527 esse
2337 1483 2524 1526 suum
2564 1483 2601 1526 a
2639 1464 2768 1527 Deo
2811 1464 3000 1527 modo
3033 1464 3309 1546 quodam
3350 1462 3456 1523 vix

1960 1562 2374 1645 intelligibili,
2409 1562 2496 1625 ita
2536 1563 2707 1645 quod
2753 1580 2878 1625 non
2921 1561 3146 1623 habuit
3185 1560 3458 1624 duratio-

1958 1664 2059 1725 nis
2092 1662 2372 1735 initium‚
2406 1680 2522 1724 nec
2555 1660 2779 1723 habuit
2805 1660 2950 1723 fieri
2983 1660 3082 1723 sui
3113 1660 3262 1723 tacti
3292 1679 3453 1734 csse,

1958 1760 2496 1844 quemadmodum
2539 1760 2788 1822 decimo
2817 1760 2896 1822 de
2927 1759 3192 1823 Civitatze
3221 1758 3332 1823 Dei
3373 1758 3458 1821 lo-

354 1861 690 1943 probatum
734 1866 848 1922 est.
882 1894 961 1904 —
995 1859 1138 1922 Haec
1180 1859 1535 1932 DuranduS‚
1571 1857 1679 1940 qui
1723 1857 1847 1919 alia
1884 1856 1930 1918 B
1960 1859 2178 1942 quitur
2219 1858 2610 1940 Augustinus
2654 1875 2667 1919 :
2711 1858 2773 1921 Si
2827 1876 2936 1939 pes
2983 1878 3059 1921 ex
3109 1857 3458 1921 aeternitate

353 1960 535 2042 plura
582 1959 663 2021 de
720 1958 837 2020 hac
898 1956 1035 2040 ipsa
1092 1957 1315 2020 scribit
1374 1958 1654 2028 materia,
1704 1976 1846 2038 quae

352 2058 561 2120 forsan
607 2064 949 2139 tangentur
990 2056 1173 2119 infra.

428 2258 505 2319 At
548 2274 701 2319 vero
752 2255 1058 2317 Henricus
1105 2255 1185 2317 de
1229 2254 1545 2327 Gandavo‚
1586 2254 1697 2335 qui
1742 2271 1847 2316 vo-

348 2362 529 2417 catur
574 2353 805 2416 Doctor
856 2352 1158 2426 solennis,
1212 2350 1587 2426 Quodlibeto
1640 2351 1848 2433 primo

348 2471 543 2535 super
592 2453 709 2513 hac
764 2452 1028 2513 materia
1087 2458 1298 2513 movet
1346 2450 1501 2511 duas
1555 2449 1848 2530 quaestio-

348 2570 461 2613 nes
495 2570 510 2614 :
546 2558 763 2612 utrum
804 2557 1094 2612 creatura
1132 2548 1338 2631 potuit
1378 2567 1516 2611 esse
1556 2547 1636 2609 ab
1675 2556 1849 2611 aeter-

346 2667 467 2727 no;
510 2658 725 2711 utrum
776 2656 1087 2729 repugnet
1134 2656 1437 2710 crea'turae
1484 2646 1564 2709 ab
1614 2655 1848 2709 aeterno

346 2747 567 2809 fuisse.
592 2748 741 2820 Qua!
772 2765 971 2827 quum
1004 2764 1229 2827 parum
1261 2752 1369 2806 aut
1400 2745 1490 2806 nil
1521 2743 1844 2817 disserant,

345 2865 473 2907 una
518 2843 933 2927 responsione
981 2843 1360 2906 determinat
1403 2860 1417 2905 :
1461 2842 1690 2925 Opinio
1728 2842 1850 2923 (in-

346 2944 605 3024 quiens)
634 2950 769 3005 erat
813 2942 1363 3024 philosophorum,
1397 2941 1564 3023 quod
1609 2948 1848 3002 creatu-

1959 1978 2213 2041 semper
2257 1958 2481 2020 fuisset
2521 1956 2584 2019 in
2630 1957 2915 2038 pulvere,
2947 1976 3201 2039 semper
3242 1957 3458 2020 subes-

1958 2066 2055 2119 set
2084 2057 2425 2137 vestigium
2463 2076 2476 2119 :
2512 2056 2679 2138 quod
2711 2063 2924 2117 tamen
2959 2075 2996 2117 a
3030 2056 3312 2119 calcante
3351 2075 3458 2118 06-

1962 2173 2065 2217 mo
2094 2154 2447 2236 ambigeret
2477 2154 2736 2216 factum.
2771 2154 2992 2227 Nem0‚
3029 2154 3311 2236 inquam,
3345 2155 3458 2216 du·

1960 2253 2190 2315 11110161
2219 2272 2255 2314 0
2286 2253 2566 2314 60160016
2597 2252 2836 2314 sactum
2871 2270 3032 2325 esse,
3056 2270 3186 2315 non
3217 2252 3282 2313 in
3315 2252 3456 2334 ipso

1958 2351 2125 2425 fieri,
2185 2351 2295 2413 sed
2353 2352 2417 2412 in
2478 2350 2612 2413 solo
2671 2350 2836 2411 facto
2892 2368 3049 2413 esse.
3102 2349 3452 2431 Vestigium

1957 2451 2129 2512 enim
2178 2450 2242 2511 in
2289 2449 2550 2531 pulvere
2595 2466 2720 2515 non
2764 2448 2842 2509 fit
2879 2447 3003 2509 nisi
3046 2448 3454 2529 depressione

1959 2548 2238 2630 partium
2281 2547 2565 2629 pulveris
2598 2564 2612 2608 ε
2646 2565 2787 2628 quae
2829 2545 3188 2608 necessario
3228 2545 3308 2607 fit
3345 2546 3457 2608 ali-

1958 2665 2086 2729 quo
2132 2655 2308 2709 motu
2352 2653 2462 2708 aut
2507 2645 2877 2719 mutat-ione,
2918 2653 3063 2707 ante
3106 2664 3297 2727 quam
3341 2664 3454 2727 pes

1959 2764 2086 2808 non
2120 2746 2241 2808 suit
2273 2746 2338 2807 in
2371 2744 2657 2826 pulvere,
2689 2754 2752 2807 et
2781 2752 2926 2806 ante
2963 2744 3137 2806 illam
3171 2762 3298 2807 non
3331 2744 3456 2806 suit

1958 2844 2319 2926 vestigium.
2354 2843 2512 2905 Ilinc
2552 2843 2760 2924 aptior
2793 2850 2958 2905 esset
2986 2842 3338 2905 similit-udo
3376 2844 3454 2905 de

1958 2942 2089 3004 sole
2122 2942 2390 3024 ejusque
2423 2942 2746 3023 radi0,qui
2775 2941 3046 3004 naturali
3077 2941 3453 3005 necessitate

346 3063 415 3105 ra
449 3041 658 3124 potuit
687 3060 827 3105 esse
864 3040 945 3103 ab
977 3048 1233 3113 aeterno,
1266 3047 1329 3101 et
1358 3040 1525 3122 quod
1568 3039 1686 3101 hoc
1719 3056 1843 3101 non
1884 3042 1927 3105 C
1960 3039 2105 3102 fluit
2144 3060 2182 3102 a
2226 3040 2357 3103 sole
2391 3060 2405 3103 :
2439 3048 2502 3102 et
2546 3041 2638 3102 sic
2689 3058 2826 3102 esse
2876 3048 3180 3103 creaturae
3223 3059 3260 3101 a
3301 3040 3450 3113 De0,

348 3148 657 3224 repugnat
688 3141 829 3222 ejus
860 3140 1253 3213 naturae,imo
1281 3138 1450 3221 quod
1484 3156 1607 3201 non
1640 3138 1846 3220 potuit

347 3258 472 3303 non
514 3258 653 3302 esse
684 3238 765 3300 ab
793 3246 1047 3310 aeterno,
1070 3237 1371 3319 quoniam
1414 3237 1618 3318 priina
1658 3254 1847 3297 causa

346 3358 459 3421 per
487 3358 671 3401 suam
704 3338 1045 3399 essentiam
1077 3355 1266 3398 causa
1294 3342 1389 3397 est
1420 3354 1654 3396 rerum.
1675 3335 1846 3397 Unde

344 3446 523 3500 sexto
559 3435 1003 3518 Metaphysicae
1042 3454 1171 3496 suae
1210 3433 1435 3495 asserit
1471 3433 1793 3495 Avicenna
1827 3449 1840 3493 :

344 3536 519 3607 Quod
569 3533 815 3615 aliquid
864 3534 949 3595 sit
997 3552 1186 3594 60050
1233 3531 1580 3594 exsistendi
1629 3551 1843 3594 causa-

342 3640 503 3703 tum,
528 3651 730 3713 quum
764 3631 941 3712 prius
973 3648 1097 3692 non
1134 3630 1349 3703 suerit,
1383 3629 1503 3692 hoc
1535 3630 1845 3711 contingit

344 3730 495 3813 quia
540 3747 668 3792 non
713 3738 811 3791 est
850 3748 1040 3791 causa
1077 3729 1217 3810 ejus
1260 3748 1373 3810 per
1416 3748 1595 3790 suam
1636 3747 1844 3790 essen-

344 3830 523 3903 tiam,
556 3829 669 3891 sed
700 3847 817 3909 per
845 3826 1125 3909 aliquam
1158 3827 1641 3889 determinatam
1674 3845 1842 3890 com—

120 3944 323 3995 ·openno-
346 3928 739 4009 parationem
764 3930 788 3953 *
826 3944 1017 4006 quam
1061 3924 1251 3987 habet
1293 3925 1369 3985 ad
1416 3924 1573 3986 illud
1610 3942 1623 3986 :
1658 3925 1843 4005 cujus

118 4069 131 4086 ·
142 4071 323 4121 ψει-0116-

344 4023 892 4107 comparationis*
940 4042 1129 4085 causa
1186 4030 1283 4085 est
1329 4030 1559 4085 motus.
1613 4023 1843 4105 Sicque

344 4124 665 4195 dixerunt,
701 4122 869 4205 quod
912 4122 1109 4183 Deum
1146 4140 1283 4183 esse
1314 4140 1571 4183 causam
1606 4130 1845 4184 creatu-

1958 3158 2084 3201 non
2144 3148 2310 3202 esset
2359 3139 2482 3201 nisi
2543 3139 2938 3201 conservatio
2990 3158 3104 3201 sua
3152 3138 3454 3201 continua

1957 3246 2146 3320 atque
2195 3245 2503 3319 perpetua
2553 3238 2615 3298 in
2667 3255 2784 3299 suo
2827 3237 2992 3299 facto
3033 3256 3172 3299 esse
3210 3237 3451 3320 absque

1955 3337 2131 3400 omni
2174 3335 2317 3398 fieri
2357 3337 2788 3418 praecedente3
2821 3337 2921 3399 vel
2953 3336 3122 3418 quod
3153 3354 3290 3399 esse
3321 3355 3451 3399 cre-

1943 3445 2151 3507 ‚aturae
2192 3453 2318 3497 non
2361 3442 2526 3497 esset
2567 3434 2690 3496 nisi
2732 3435 2797 3496 in
2838 3435 3141 3497 continuo
3178 3435 3346 3509 fieri,
3380 3445 3450 3498 ut

1954 3533 2335 3597 aeternaliter
2382 3532 2573 3595 simul
2622 3541 2835 3595 essent
2881 3533 3024 3595 sieri
3072 3535 3214 3614 ejus
3254 3543 3319 3597 et
3358 3536 3448 3598 fa·

1956 3641 2130 3694 ctum
2162 3632 2877 3713 esse,quemadmodum
2905 3632 3087 3713 juxta
3117 3634 3445 3714 quosdam,

1954 3730 2169 3793 radius
2214 3731 2364 3792 solis
2407 3748 2534 3792 non
2575 3730 2763 3792 habet
2801 3750 2940 3794 esse
2984 3730 3106 3793 nisi
3149 3731 3212 3793 in
3255 3732 3450 3795 conti-

1954 3848 2083 3892 nuo
2124 3828 2291 3890 fieri.

2035 3926 2320 4008 Denique
2361 3927 2722 3989 communis
2759 3926 3048 3988 oninium
3080 3934 3208 3988 tam
3249 3927 3450 4008 philo-

1953 4027 2300 4107 sophorum
2328 4044 2518 4107 quam
2550 4023 2843 4087 fidelium
2873 4024 2996 4086 suit
3025 4025 3257 4107 opinio,
3277 4027 3446 4108 quod

1956 4131 2242 4186 creatura
2286 4124 2349 4185 in
2394 4130 2702 4205 quantum
2745 4130 3053 4198 creatura,
3089 4141 3215 4193 non
3256 4123 3448 4186 habet

344 4242 447 4297 rae,
484 4240 613 4285 non
654 4222 739 4283 sit
772 4240 849 4283 ex
882 4219 1223 4283 voluntatis
1264 4219 1700 4300 dispositione,
1734 4220 1842 4281 sed
1875 4222 1924 4283 D
1954 4240 2092 4284 esse
2124 4222 2246 4283 nisi
2290 4221 2735 4303 participatum
2769 4239 2782 4283 :
2819 4220 2960 4283 ideo
2992 4239 3116 4284 non
3147 4241 3185 4283 a
3213 4241 3303 4296 se,
3335 4223 3447 4284 sed

344 4322 723 4384 necessitate
754 4327 1015 4393 naturae,
1051 4326 1239 4401 prout
1269 4319 1477 4399 primo
1508 4318 1845 4381 Hexaeme-

344 4438 458 4483 ron
508 4420 599 4481 ait
646 4417 1019 4481 Ambrosius
1074 4436 1089 4480 ε
1140 4416 1429 4498 Plerique
1478 4416 1841 4499 philosophi

346 4518 659 4580 mundum
724 4517 852 4579 Deo
908 4524 1292 4579 coaeternum
1350 4535 1490 4579 esse
1548 4516 1846 4577 volebant

342 4624 649 4697 tanquam
695 4613 1140 4675 umbraculum
1184 4613 1417 4675 divinae
1456 4613 1729 4675 virtutis.
1763 4648 1843 4657 —

341 4714 535 4777 Porro
574 4714 737 4775 fides
776 4711 1087 4774 catholica
1123 4719 1316 4785 tenet,
1351 4712 1519 4793 quod
1561 4712 1725 4774 Deus
1772 4711 1843 4773 li-

342 4810 543 4873 berali
573 4830 649 4873 ac
680 4809 881 4871 libera
908 4808 1231 4871 voluntate
1265 4809 1574 4871 mundum
1607 4810 1844 4871 creavit

340 4918 535 4990 atque
566 4914 919 4977 conservat,
954 4906 1041 4968 ita
1071 4906 1239 4988 quod
1281 4907 1488 4988 potuit
1518 4924 1644 4969 non
1676 4926 1843 4969 crea—

342 5026 435 5080 re,
466 5014 533 5069 et
562 5014 774 5089 posset
806 5023 932 5068 non
964 5022 1359 5077 conservare,
1393 5004 1559 5065 sicut
1587 5005 1675 5066 ait
1704 5006 1845 5067 Am·

196 5146 241 5163 ..
284 5151 296 5163 .
342 5103 598 5167 brosius
641 5122 657 5165 z
697 5103 963 5167 Pulchre
1011 5101 1102 5163 ait
1148 5102 1411 5184 Moyses,
1456 5102 1627 5163 Fecit
1676 5104 1841 5167 Deus

339 5201 579 5266 coelum
608 5209 671 5263 et
704 5209 953 5263 terram.
990 5200 1118 5263 Nec
1153 5200 1335 5272 dixit,
1371 5200 1635 5263 Causam
1670 5201 1843 5263 dedit

340 5300 586 5363 mundo
624 5308 693 5361 ut
730 5306 930 5377 esset3
966 5299 1099 5373 sed,
1134 5297 1322 5360 Fecit.
1359 5298 1447 5359 Ex
1492 5298 1631 5381 ipso
1670 5318 1842 5363 nam-

1954 4321 2033 4382 ab
2064 4320 2208 4381 alio.
2244 4320 2478 4381 Verum
2510 4319 2678 4381 circa
2705 4338 2844 4382 esse
2881 4328 3183 4384 creaturae
3211 4321 3446 4402 duplex

1956 4426 2215 4501 putatur
2245 4418 2443 4480 fuisse
2476 4417 3002 4500 philosophorum
3032 4418 3270 4501 opinio.
3291 4420 3446 4497 Una,

1955 4518 2123 4599 quod
2185 4524 2472 4579 creatura
2530 4516 2617 4578 ita
2675 4517 2937 4580 haberet
2982 4536 3121 4580 esse
3169 4518 3250 4581 ab
3297 4520 3444 4595 alio,

1954 4615 2123 4696 quod
2163 4635 2241 4677 ex
2280 4633 2348 4677 se
2387 4622 2449 4677 et
2487 4633 2562 4676 ex
2602 4635 2717 4677 sua
2753 4624 2978 4678 natura
3021 4634 3148 4679 non
3187 4617 3449 4680 haberet

1954 4731 2080 4775 non
2138 4731 2299 4786 esse,
2363 4732 2568 4794 neque
2627 4713 2978 4776 secundum
3041 4732 3178 4776 rem
3239 4733 3446 4796 neque

1954 4812 2306 4873 secundum
2359 4809 2774 4883 intellectum,
2825 4810 2992 4872 sicut
3041 4811 3321 4873 creditur
3366 4813 3446 4875 de

1954 4909 2370 4991 productione
2403 4908 2542 4969 Filii
2583 4908 2717 4982 Dei,
2751 4908 3010 4989 dempto
3039 4910 3207 4989 quod
3249 4909 3444 4971 Filius

1952 5007 2143 5069 habet
2189 5025 2328 5068 esse
2377 5006 2444 5068 in
2493 5006 2711 5068 eadem
2767 5014 2992 5068 natura
3038 5025 3186 5068 cum
3242 5007 3441 5081 Patre,

1953 5112 2241 5167 creatura
2289 5104 2354 5165 in
2403 5105 2613 5166 aliena
2655 5121 2669 5165 ε
2711 5105 2880 5186 quod
2924 5105 3187 5167 omnino
3229 5105 3445 5168 absur-

1952 5204 2105 5265 dum
2136 5211 2254 5277 est,
2288 5203 2590 5283 quoniam
2627 5202 2800 5264 nulla
2839 5202 3192 5265 substantia
3221 5222 3298 5265 ex
3330 5224 3444 5266 sua

1952 5309 2178 5363 natura
2215 5300 2422 5362 aliena
2454 5309 2548 5363 est
2577 5320 2614 5361 a
2644 5317 2770 5362 non
2809 5318 2969 5374 esse,
3003 5300 3127 5363 nisi
3163 5299 3272 5362 illa
3299 5321 3442 5383 quae
