4334 6242
42 4236 61 4865 -——--—--*-
40 4121 42 4148 ⁴*
39 4089 40 4096 ⁴
39 4045 40 4061 ⁴

596 513 823 570 QUAEST.
858 516 919 561 vi
962 515 977 560 :
1020 514 1103 562 AN
1145 515 1421 562 ANGELUS
1462 513 1820 561 conTioNE
1862 512 2167 560 NATURALI
2210 513 2390 561 Novn·
2433 514 2694 560 mviNAM
2735 514 3094 572 ESSENTIAM,
3135 513 3262 560 ETC.
3361 491 3482 560 265

359 701 515 747 esse
558 685 947 748 exsistentiae
986 685 1281 766 propriae,
1313 692 1590 746 attamen
1631 683 1687 745 ei
1728 702 1881 765 prae-
1914 681 1965 746 A
1994 683 2198 746 multo
2227 684 2545 766 potentior
2569 691 2684 758 est,
2705 683 2888 766 plura
2918 685 3110 746 simul
3139 684 3485 766 apprehen·

360 785 587 846 sentia
616 793 767 846 sunt
798 784 1149 846 secundum
1182 801 1319 846 esse
1352 784 1519 865 quod
1552 782 1785 844 habent
1820 782 1883 843 in

361 881 511 944 suis
546 883 779 944 causis.
813 917 894 926 --
924 882 987 943 Si
1018 899 1170 944 vero
1197 881 1556 962 objiciatur,
1581 880 1883 961 quoniam

362 979 547 1040 sicut
587 981 799 1042 unitas
846 988 1054 1042 motus
1098 979 1365 1061 requirit
1408 979 1717 1040 unitatem
1763 985 1885 1040 ter-

363 1077 565 1151 mini,
610 1079 705 1140 sic
745 1077 953 1140 unitas
998 1078 1383 1160 operationis
1428 1079 1735 1140 unitatem
1775 1077 1884 1138 ob-

360 1174 529 1254 jecti
570 1194 585 1238 z
628 1195 780 1256 ergo
820 1195 947 1239 uno
985 1184 1129 1239 actu
1168 1185 1231 1238 et
1270 1177 1461 1238 simul
1510 1194 1634 1238 non
1680 1182 1885 1257 potest

364 1274 650 1354 angelus
681 1275 1035 1356 intelligere
1068 1275 1268 1357 plura.
1309 1274 1681 1346 Dicendum,
1716 1273 1884 1353 quod

365 1391 585 1452 quum
648 1372 1001 1454 intelligere
1058 1373 1171 1434 fiat
1232 1373 1296 1434 in
1356 1372 1539 1434 nobis
1594 1391 1707 1454 per
1765 1371 1885 1432 hoc

368 1471 553 1550 quod
607 1470 1011 1551 intelligibile
1056 1470 1133 1532 fit
1178 1470 1529 1532 intellectui
1582 1487 1881 1552 praesenS,

368 1567 810 1630 consimiliter
839 1587 1093 1650 quoque
1124 1569 1190 1630 in
1222 1568 1468 1649 angelo,
1502 1586 1693 1649 quam
1729 1586 1885 1648 prae-

370 1665 659 1728 sentiam
708 1666 859 1728 facit
907 1685 1033 1728 non
1080 1667 1260 1740 situs,
1296 1667 1404 1728 sed
1450 1666 1640 1744 ord03
1672 1665 1885 1727 omnia

370 1763 491 1825 illa
536 1764 777 1826 habent
821 1763 1129 1826 rationem
1180 1765 1369 1826 unius
1420 1763 1655 1844 objecti
1704 1763 1882 1824 intel-

1994 781 2141 844 dere
2175 791 2401 863 potest,
2433 792 2622 865 atque
2653 783 2730 845 ad
2772 783 2984 865 plures
3013 801 3080 844 se
3119 789 3486 845 convertere

1995 881 2240 961 species
2274 882 2460 944 modo
2499 881 2778 963 praefato.
2812 917 2893 926 —
2920 881 3370 943 Verumtamen
3410 879 3488 942 de

1994 981 2238 1060 angelis
2267 981 2501 1042 sanctis
2531 980 2650 1041 sub
2680 998 2901 1042 eorum
2933 979 3040 1062 pia
3069 979 3490 1060 supportatio-

1996 1099 2075 1142 ne
2106 1087 2165 1140 et
2200 1079 2587 1140 correctione
2618 1079 2832 1141 omnia
2861 1078 3312 1159 di00,quorum
3341 1077 3495 1139 emi-

1995 1177 2213 1239 nentia
2251 1185 2314 1238 et
2353 1176 2660 1258 perfectio
2699 1195 2812 1258 pro
2855 1176 3129 1238 maxima
3167 1183 3346 1257 parte
3376 1191 3490 1237 nos

1997 1275 2164 1336 latet.
2200 1275 2406 1347 Quum
2445 1274 2618 1335 enim
2657 1293 2693 1335 a
2731 1281 2901 1335 certa
2939 1281 3002 1334 et
3040 1274 3228 1355 plena
3267 1272 3494 1335 notitia

1996 1372 2238 1454 proprii
2271 1371 2629 1434 intellectus
2659 1379 2721 1433 et
2751 1389 2970 1434 eorum
3003 1391 3144 1453 quae
3182 1371 3240 1432 ei
3272 1371 3492 1432 insunt

1995 1477 2057 1531 et
2122 1476 2515 1552 competunt,
2578 1479 2702 1531 tam
2763 1469 3173 1531 vehementer
3226 1467 3489 1530 deficia-

1997 1585 2188 1628 mus:
2225 1574 2459 1648 quanto
2510 1568 2710 1646 magis
2756 1586 2791 1628 a
2841 1566 3199 1646 cognitione
3245 1565 3492 1646 angelo-

1996 1683 2138 1726 rum
2197 1674 2582 1738 sanctorum,
2642 1664 2753 1746 qui
2814 1663 3284 1746 praeclarissimi
3345 1671 3493 1725 sunt

1997 1763 2452 1845 omnipotentis
2492 1763 2601 1824 Dei
2642 1761 2933 1835 effectus,
2961 1762 3038 1822 ad
3079 1779 3350 1843 quorum
3393 1780 3493 1824 co-

372 1861 675 1941 ligibilis,
728 1881 981 1944 unoque
1027 1870 1171 1924 actu
1220 1863 1301 1925 ab
1349 1862 1573 1942 angelo
1620 1869 1884 1942 possunt
1922 1861 1968 1922 B
1997 1862 2346 1942 gnitionein
2397 1881 2464 1923 se
2512 1861 2704 1923 habet
2757 1861 3114 1922 intellectus
3174 1859 3490 1920 humanus

372 1960 682 2040 intelligi,
736 1980 875 2042 quai
923 1961 981 2021 ei
1033 1961 1153 2022 sub
1214 1979 1340 2023 uno
1394 1960 1602 2022 valent
1662 1959 1882 2022 ordine

373 2057 776 2139 praesentari.
812 2057 1038 2120 Omnia
1068 2067 1280 2120 autem
1316 2078 1457 2140 quae
1490 2058 1751 2139 angelus
1782 2076 1887 2119 na-

374 2155 679 2217 turaliter
718 2157 942 2229 noscit,
978 2164 1439 2238 praesentantur
1468 2156 1526 2217 ei
1566 2155 1686 2218 sub
1722 2155 1887 2218 ordi-

376 2273 461 2314 ne
496 2271 651 2328 un0,
684 2263 874 2335 atque
916 2254 980 2316 in
1011 2255 1233 2316 ordine
1262 2255 1342 2316 ad
1380 2273 1601 2327 unum,
1638 2262 1790 2336 puta
1821 2253 1885 2315 in

374 2353 611 2414 ordine
642 2353 721 2414 ad
754 2352 1055 2415 virtutem
1096 2353 1441 2426 coelestem,
1477 2371 1667 2434 quam
1701 2352 1887 2433 plene

376 2451 587 2524 novit,
622 2458 682 2512 et
725 2451 828 2512 cui
866 2469 1088 2513 omnes
1131 2470 1335 2513 causae
1376 2450 1707 2512 inferiores
1740 2469 1887 2512 cuin

376 2548 519 2610 suis
567 2547 911 2610 effectibus
954 2548 1387 2628 subjiciuntur
1430 2548 1495 2610 in
1543 2549 1757 2630 aliquo
1773 2566 1789 2626 ;
1826 2556 1889 2611 et

378 2646 605 2707 omnia
636 2646 783 2707 talia
812 2646 1047 2707 habent
1071 2647 1378 2708 rationem
1413 2646 1601 2706 unius
1630 2645 1886 2726 objecti,

376 2753 661 2825 actuque
707 2762 834 2806 uno
876 2751 1119 2825 queunt
1164 2743 1453 2824 intelligi.
1489 2744 1637 2816 Quae
1674 2753 1887 2806 autem

376 2841 613 2921 angelo
642 2842 1023 2915 revelantur,
1057 2841 1176 2903 sub
1211 2841 1336 2902 alio
1370 2840 1591 2903 ordine
1629 2842 1882 2915 cadunt,

376 2938 599 3001 etalio
629 2947 774 3000 actu
807 2939 1513 3018 intelligunt.ur.—Haec
1533 2939 1881 3001 Durandus.

1996 1960 2536 2042 quemadmodum
2579 1960 2655 2021 ad
2703 1959 3003 2020 intuitum
3053 1958 3205 2020 solis
3245 1963 3490 2019 noctuae

1995 2058 2264 2121 oculus?

2421 2299 2896 2374 QUAESTIO
2962 2300 3070 2362 VI

2121 2546 2279 2608 Exto
2323 2545 2763 2627 principaliter
2811 2544 3134 2626 quaeritur,
3184 2546 3314 2611 An
3361 2560 3493 2612 an-

2137 2645 2368 2722 gelus
2397 2645 2848 2722 cognitione
2879 2645 3228 2710 naturali
3265 2648 3496 2710 novit

1998 2743 2358 2808 divinam
2398 2744 2825 2809 essentiam
2856 2744 2941 2807 in
2980 2757 3063 2808 se
3095 2745 3291 2824 ipsa,
3322 2743 3492 2809 abs-

1997 2853 2148 3003 qiiie
2181 2841 2397 3002 pmni
2427 2840 2692 2905 medio
2721 2842 2803 2905 et
2831 2840 3217 2906 ereaturae
3247 2841 3494 2907 admi-

1995 2953 2049 3003 n
2084 2952 2185 3003 cu
2220 2952 2284 3004 o.

460 3037 636 3098 lnter
694 3037 807 3098 has
864 3037 1020 3098 duas
1083 3036 1417 3118 opiniones
1473 3037 1725 3098 videtur
1784 3038 1887 3098 via
1924 3041 1967 3103 C
2078 3036 2341 3097 Videtur
2370 3033 2538 3117 quod
2569 3035 2999 3117 sic‚qu0niam
3032 3036 3197 3098 Deus
3229 3055 3496 3119 praesen-

378 3134 597 3194 media
644 3133 955 3213 eligenda,
1001 3139 1217 3214 utpote
1265 3134 1435 3214 quod
1484 3133 1744 3212 angelus
1795 3134 1882 3195 uti

379 3239 595 3312 potest
644 3231 859 3312 specie
907 3251 1053 3303 una,
1097 3249 1223 3293 non
1271 3231 1417 3303 alia,
1462 3233 1885 3294 convertendo

380 3347 451 3390 se
494 3327 695 3390 libere
735 3347 928 3409 super
967 3347 1157 3390 unam
1200 3329 1399 3410 magis
1438 3348 1629 3411 quam
1666 3331 1743 3391 ad
1774 3330 1885 3392 ali-

380 3445 512 3488 am.
570 3425 701 3488 Nec
764 3427 830 3488 in
894 3426 1192 3488 omnibus
1255 3445 1477 3490 verum
1539 3436 1656 3502 est,
1718 3428 1886 3509 quod

382 3531 615 3604 agente
660 3532 725 3586 et
778 3543 963 3605 passo
1014 3526 1469 3607 approximatis
1519 3546 1631 3588 seu
1683 3527 1886 3607 appli-

384 3622 567 3696 catis,
601 3623 961 3684 necessario
997 3623 1115 3685 fiat
1143 3624 1345 3702 actio;
1376 3625 1487 3686 sed
1522 3625 1583 3686 in
1616 3625 1715 3686 his
1747 3644 1887 3706 quae

382 3720 761 3782 naturaliter
791 3721 1067 3782 invicem
1098 3729 1309 3801 agunt.
1344 3722 1706 3784 intellectus
1739 3741 1889 3804 quo-

385 3837 512 3899 que
544 3818 885 3900 participat
917 3819 1294 3882 libertatem.
1330 3820 1503 3882 Unde
1534 3821 1885 3883 secundum

384 3915 817 3996 Augustinum
864 3936 1057 3998 super
1095 3918 1421 3992 Joannem,
1458 3937 1645 3980 nemo
1688 3919 1889 3980 credit

386 4013 511 4075 nisi
547 4013 787 4076 volens,
823 4015 1107 4096 Denique
1138 4015 1303 4076 sicut
1336 4016 1694 4078 intelle-ctus
1735 4016 1887 4078 libe-

388 4129 457 4172 re
507 4111 712 4171 utitur
758 4109 980 4171 habitu
1042 4112 1378 4185 scientiali,
1434 4113 1519 4174 ita
1566 4121 1628 4175 et
1676 4114 1888 4194 specie

1998 3134 2285 3196 tissimus
2317 3133 2440 3194 fuit
2476 3134 2776 3213 angelicae
2816 3132 3035 3194 menti.
3070 3169 3151 3179 —
3180 3135 3490 3207 SecundO,

1998 3251 2188 3295 omne
2220 3231 2646 3312 cognoscibile
2683 3251 2795 3312 per
2825 3251 2913 3305 se,
2946 3239 3053 3293 aut.
3094 3233 3496 3312 cognoscitur

1999 3349 2112 3412 per
2143 3329 2239 3390 sui
2273 3329 2637 3403 essentiam,
2671 3337 2780 3390 aut
2810 3349 2922 3411 per
2952 3329 3232 3411 speciem
3265 3347 3279 3390 :
3314 3329 3366 3390 si
3398 3349 3494 3391 er-

1997 3446 2076 3508 go
2105 3427 2368 3508 angelus
2408 3428 2609 3488 Deum
2649 3427 3019 3489 naturaliter
3058 3427 3254 3500 novit,
3290 3434 3359 3488 ut
3392 3427 3496 3490 ha-

1999 3526 2187 3587 betur
2235 3527 2300 3587 in
2349 3525 2577 3598 littera,
2620 3533 2728 3586 aut
2776 3525 3071 3606 cognovit
3120 3525 3329 3606 ipsum
3381 3545 3496 3607 per

1999 3623 2303 3706 speciem,
2335 3630 2445 3683 aut
2476 3622 2540 3683 in
2571 3641 2684 3684 sua
2712 3623 3004 3685 essentia.
3039 3624 3174 3685 Non
3206 3642 3321 3706 per
3349 3643 3493 3705 spe-

2000 3723 2188 3794 ciem,
2229 3741 2430 3803 quum
2481 3721 2724 3802 species
2774 3721 3062 3783 videatur
3109 3739 3248 3784 esse
3298 3721 3492 3802 majo-

2000 3821 2086 3882 ris
2117 3819 2567 3901 simplicitatis,
2601 3819 3042 3881 abstractionis
3071 3828 3136 3881 et
3174 3819 3489 3900 puritatiS‚

1998 3937 2192 4000 quam
2254 3918 2317 3979 id
2376 3917 2560 3997 eujus
2618 3924 2711 3978 est
2769 3917 3045 3998 species3
3095 3918 3223 3980 Deo
3279 3926 3492 3980 autem

2000 4016 2160 4077 nihil
2213 4024 2309 4077 est
2357 4015 2579 4096 purius
2629 4034 2836 4096 neque
2883 4014 3242 4096 simplicius
3285 4032 3298 4076 τ
3343 4033 3493 4096 ergo

2003 4114 2297 4192 cognovit
2327 4131 2474 4174 eum
2508 4112 2573 4172 in
2604 4132 2718 4173 sua
2745 4112 3038 4174 essentia.
3066 4147 3147 4156 —
3176 4113 3404 4186 Tertio,
3439 4113 3494 4174 si

390 4208 807 4288 intelligibili,
860 4211 1153 4289 quamvis
1213 4211 1469 4291 quidam
1530 4211 1713 4272 aliter
1759 4211 1892 4292 opi·
1922 4221 1970 4281 D
2001 4212 2264 4292 angelus
2303 4211 2596 4290 cognovit
2630 4210 2853 4284 Deum,
2885 4217 2994 4272 aut
3032 4228 3181 4290 crgo
3221 4229 3335 4292 per
3370 4230 3495 4272 me-

392 4313 645 4367 ncntur.
680 4308 747 4367 In
793 4307 1042 4381 ceteriS,
1078 4315 1146 4369 ut
1191 4308 1255 4368 in
1298 4309 1612 4371 solutione
1656 4309 1891 4372 instan-

394 4404 515 4476 tiae,
555 4404 814 4465 defendi
865 4412 1071 4485 potest
1119 4405 1395 4468 Durandi
1445 4406 1662 4487 opinio
1706 4425 1719 4468 :
1762 4407 1891 4470 imo

392 4503 445 4564 si
493 4502 856 4565 intellectus
901 4521 1023 4566 non
1071 4512 1280 4585 posset
1324 4505 1515 4566 simul
1559 4505 1889 4569 informari

396 4599 689 4681 pluribus
738 4600 1096 4681 speciebuS,
1134 4602 1455 4664 videretur
1503 4603 1708 4665 redire
1756 4605 1889 4684 opi-

394 4698 499 4760 nio
526 4698 890 4773 Avicennae,
914 4701 1083 4780 quod
1115 4701 1359 4764 scilicet
1389 4703 1619 4765 actuali
1654 4703 1893 4764 intelle-

392 4799 601 4859 ctione
645 4805 953 4870 cessante,
988 4799 1233 4880 species
1277 4800 1711 4882 intelligibiles
1762 4819 1889 4864 non

394 4903 723 4956 manerent
766 4896 1099 4958 actualiter
1140 4917 1251 4960 seu
1304 4899 1554 4960 realiter
1599 4899 1661 4960 in
1707 4899 1889 4961 intel-

394 4995 579 5056 lectu.
617 4994 901 5075 Denique
948 4995 1119 5058 visus
1167 4997 1439 5060 exterior
1485 4997 1677 5059 simul
1719 4999 1891 5061 videt

392 5091 633 5154 colores
678 5091 983 5164 diverSOS,
1020 5101 1203 5173 prout
1248 5095 1366 5156 sub
1414 5096 1628 5177 aliquo
1670 5097 1890 5159 ordine

395 5189 553 5250 situs
596 5190 655 5251 ei
704 5198 1281 5270 repraesentantur:
1315 5212 1465 5274 ergo
1509 5195 1683 5257 visus
1733 5196 1890 5257 inte-

400 5287 545 5360 rior,
578 5286 825 5348 scilicet
855 5287 1234 5362 intellectuS,
1269 5291 1378 5372 qui
1411 5293 1552 5354 visu
1594 5294 1889 5357 exteriori

2003 4311 2204 4382 dium,
2237 4317 2346 4370 aut
2376 4309 2511 4370 sine
2548 4308 2775 4392 medio.
2811 4309 2874 4370 Si
2909 4308 3046 4369 sine
3083 4308 3313 4382 medio,
3346 4327 3496 4389 ergo

2004 4407 2165 4469 vidit
2213 4408 2412 4468 Deum
2463 4406 2527 4467 in
2579 4425 2645 4467 se
2695 4405 2852 4486 ips0.
2906 4406 2969 4468 Si
3026 4425 3140 4488 per
3187 4407 3492 4480 medium,

2004 4507 2123 4569 hoc
2155 4513 2251 4566 est
2282 4512 2497 4567 contra
2518 4504 2958 4583 Augustinum,
2979 4505 3293 4567 dicentem
3324 4505 3493 4587 quod

2006 4605 2169 4666 inter
2218 4605 2419 4666 Deum
2469 4611 2528 4664 et
2577 4602 2873 4682 angelum
2923 4603 3172 4664 nullum
3221 4611 3316 4666 est
3367 4623 3493 4666 me-

2003 4705 2181 4765 dium
2227 4720 2240 4764 ε
2287 4703 2415 4764 imo
2457 4709 2521 4762 et
2562 4708 2780 4762 contra
2821 4701 3150 4776 rationem,
3192 4703 3494 4783 quoniam

2005 4802 2288 4863 medium
2345 4801 2501 4862 illud
2555 4807 2664 4860 aut
2710 4807 2842 4861 erat
2890 4799 3088 4879 magis
3142 4802 3493 4881 proportio-

2005 4901 2145 4963 nale
2197 4901 2322 4962 Deo
2370 4918 2562 4981 quam
2613 4897 2896 4977 angelus,
2948 4905 3058 4958 aut
3107 4898 3318 4960 minus
3372 4915 3386 4960 ε
3439 4900 3492 4961 3ἰ

2005 5000 2226 5080 magiS,
2273 5017 2420 5078 crgo
2469 5004 2758 5060 creatura
2807 4997 3020 5077 aliqua
3071 5005 3165 5059 est
3207 4998 3496 5078 superior

2003 5098 2270 5178 ange103
2317 5098 2368 5158 si
2421 5095 2655 5168 minuS,
2703 5112 2853 5175 ergo
2903 5095 3112 5176 potius
3164 5095 3496 5175 impedivit

2005 5195 2431 5276 cognitionem
2475 5194 2584 5256 Dei
2631 5213 2821 5275 quam
2863 5193 3048 5272 juvit.

2084 5294 2153 5354 ln
2195 5290 2583 5353 contrarium
2625 5297 2742 5362 est,
2776 5289 2942 5371 quod
2984 5291 3181 5352 Deum
3225 5290 3391 5353 clare
3427 5290 3491 5354 in
