4334 6242
984 470 1068 517 AN
1110 469 1331 518 Annam
1374 469 1763 518 cooxoscANT
1805 469 1920 516 ran
1960 469 2202 516 specu-:s
2247 469 2678 528 umvansam&
2719 469 2844 518 mc.
3339 451 3460 518 259

342 649 705 722 utrumque
751 640 1256 722 inseparabiliter
1298 640 1375 701 ad
1418 647 1630 702 actum
1678 639 1935 701 intel-A
2049 639 2338 701 Secundo
2382 641 2474 701 sic
2518 640 2725 720 arguit
2769 640 2990 702 Scotus
3034 658 3047 702 z
3092 640 3154 701 Si
3199 641 3460 721 angelus

344 738 591 818 ligendi
642 740 983 800 concurrit.
1010 774 1092 783 —
1128 738 1261 800 lmo
1304 739 1653 800 secundum
1698 738 1856 799 l-Ien-

341 835 557 898 ricum
626 836 811 917 sequi
874 835 1148 909 videtur,
1216 836 1385 917 quod
1449 844 1679 898 cuncta
1742 854 1855 897 co-

1968 755 2094 801 non
2128 747 2334 820 potest
2365 738 2717 818 intelligere
2747 739 3086 800 essentiam
3127 759 3306 800 suam
3339 740 3462 801 nisi

1970 844 2038 897 ut
2070 836 2311 898 relucet
2340 836 2405 897 in
2445 836 2668 898 habitu
2712 837 2842 910 illo,
2874 845 2983 898 aut
3015 838 3134 899 hoc
3163 846 3280 910 est,
3314 839 3466 919 quia

340 943 735 1014 gnoscerent
792 934 1005 1009 simul,
1068 953 1267 1015 quum
1332 933 1503 995 dicat
1562 933 1853 996 habitum
1967 934 2287 1014 obJectum
2336 952 2462 996 non
2502 943 2598 996 est
2637 934 3036 1015 intelligibile
3080 935 3204 998 nisi
3249 936 3331 998 sit
3374 955 3466 998 re-

342 1032 757 1094 scientialem
806 1031 1067 1094 unicum
1116 1051 1254 1094 esse
1305 1032 1373 1094 in
1421 1031 1709 1114 quolibet
1748 1050 1856 1093 an-

342 1130 491 1210 gelo
557 1148 573 1192 :
642 1130 813 1212 quod
883 1130 1035 1192 item
1102 1137 1433 1211 reputatur
1494 1147 1851 1192 erroneum.

344 1229 663 1301 Quamvis
709 1229 883 1290 enim
936 1227 1117 1310 plura
1166 1235 1548 1308 cognoscant
1598 1247 1711 1310 per
1756 1228 1860 1289 ha-

344 1326 563 1388 bitum
614 1346 839 1398 unum,
872 1346 1059 1409 quam
1109 1327 1470 1389 intellectus
1514 1327 1854 1400 humanuS,

346 1442 481 1487 non
532 1433 752 1487 tamen
798 1424 1155 1489 Creatorem
1201 1433 1263 1486 et
1309 1432 1534 1486 creata.
1570 1424 1861 1486 Immate-

1970 1031 2190 1094 lucens
2240 1032 2304 1093 in
2353 1032 2597 1107 habitu,
2642 1041 2752 1095 aut
2798 1034 2950 1116 quia
2995 1052 3124 1096 non
3173 1041 3268 1097 est
3313 1034 3466 1097 huic

1970 1130 2320 1193 intellectui
2351 1131 2534 1212 (puta
2563 1131 2877 1212 angelico)
2908 1131 3310 1212 intelligibile
3338 1131 3464 1194 nisi

1972 1236 2040 1289 ut
2072 1228 2156 1289 ita
2189 1228 2628 1304 relucenS,aut
2657 1229 2808 1310 quia
2838 1247 2962 1292 non
2995 1238 3092 1292 est
3121 1230 3467 1311 proportio·

1970 1324 2270 1387 nabiliter
2313 1345 2588 1408 praesens
2639 1327 2705 1388 in
2753 1327 2994 1390 ratione
3033 1327 3465 1409 intelligibilis

1972 1423 2095 1486 nisi
2140 1423 2223 1485 sit
2265 1443 2541 1506 praesens
2591 1443 2704 1506 per
2748 1424 3282 1488 informationem.
3327 1427 3466 1488 Non

348 1522 539 1584 rialia
599 1541 857 1604 quoque
906 1530 968 1584 et
1017 1522 1389 1595 materialia,
1442 1521 1751 1584 naturalia
1800 1528 1861 1582 et
1973 1520 2183 1602 primo
2216 1522 2400 1583 modo
2435 1541 2449 1584 :
2485 1523 2634 1603 quia
2664 1523 2756 1584 sic
2787 1524 2953 1584 Deus
2989 1540 3114 1585 non
3151 1531 3363 1605 posset
3394 1523 3466 1585 il-

347 1620 891 1702 supernaturalia‚
924 1620 1365 1683 substantialia
1407 1628 1471 1681 et
1512 1619 1865 1681 accidenta-
1975 1620 2097 1682 lam
2144 1638 2522 1701 cognoscere
2566 1621 2685 1682 nisi
2732 1641 2843 1702 per
2887 1621 3200 1694 habitum,
3233 1623 3334 1684 vel
3379 1623 3468 1685 ni-

352 1718 461 1790 lia,
512 1721 695 1796 [non]
752 1719 940 1780 unico
993 1719 1212 1780 habitu
1268 1719 1581 1780 scicntiali
1640 1735 1863 1798 cogno-
1976 1719 2027 1780 si
2079 1719 2141 1780 in
2187 1719 2429 1792 habitu,
2473 1719 2623 1800 quia
2666 1736 2792 1780 non
2844 1727 3050 1800 potest
3089 1737 3467 1800 cognoscere

350 1824 568 1878 scunt.
622 1817 747 1878 Nec
792 1817 1006 1878 omnia
1062 1817 1179 1878 ista
1231 1824 1355 1878 tam
1407 1817 1727 1888 distincta,
1769 1816 1861 1877 di-
1899 1817 1945 1880 B
1976 1817 2221 1898 aliquid
2265 1817 2384 1878 nisi
2431 1817 2510 1878 sit
2555 1817 2975 1897 intelligibile.
3019 1819 3146 1880 Nec
3190 1820 3470 1881 secundo

352 1931 545 1979 versa
584 1923 651 1977 et
690 1916 883 1987 varia,
918 1916 982 1976 in
1021 1916 1245 1977 eodem
1286 1915 1507 1977 habitu
1548 1914 1863 1976 scientiali

352 2014 775 2095 resplendent
814 2020 941 2075 tam
980 2015 1145 2076 clare
1190 2021 1259 2075 ut
1300 2032 1411 2094 per
1449 2031 1597 2075 eum
1641 2013 1863 2074 distin-

352 2121 457 2174 cte
492 2111 936 2192 intelligantur
969 2131 983 2175 ε
1021 2112 1162 2173 ideo
1201 2112 1455 2193 proprie
1498 2111 1864 2190 intelligibi-

354 2212 447 2272 les
486 2211 739 2292 species
776 2210 1206 2292 requiruntur,
1242 2218 1304 2271 et
1338 2209 1591 2270 habitus
1626 2209 1860 2290 plureS.

352 2345 435 2354 —
479 2311 573 2372 De
625 2309 743 2370 hac
790 2300 1139 2389 quaestion'e
1192 2308 1477 2370 invenies
1532 2306 1863 2388 prael'atum

352 2409 690 2469 doctorem
735 2406 1110 2479 Quodlibeto
1155 2407 1377 2487 quinto
1421 2404 1804 2485 loquentem.

435 2506 523 2566 At
572 2522 727 2565 vero
775 2505 999 2566 Scotus
1058 2521 1312 2586 quoque
1361 2503 1465 2563 hic
1523 2501 1745 2562 recitat
1792 2519 1864 2561 ac

354 2601 688 2684 improbat
718 2601 1087 2682 opinionem
1120 2601 1397 2673 Henrici‚
1432 2601 1523 2662 sic
1553 2617 1822 2680 arguens
1848 2615 1861 2659 ε

352 2699 829 2762 inconveniens
869 2707 966 2760 est
1004 2699 1172 2779 quod
1218 2699 1576 2760 intellectus
1619 2705 1865 2758 creatus

353 2795 715 2878 perfectuS,
765 2814 843 2856 ex
898 2801 1025 2856 toto
1085 2813 1417 2856 causarum
1480 2793 1863 2854 naturalium

350 2895 585 2956 ordine
637 2912 765 2955 non
824 2892 1023 2974 possit
1072 2892 1139 2953 in
1196 2900 1407 2953 actum
1471 2889 1865 2970 intelligendi

1978 1915 2214 1976 modo:
2254 1915 2553 1996 quoniam
2607 1915 2756 1976 huic
2807 1915 3180 1990 intellectui,
3227 1917 3469 1978 scilicet

1976 2012 2284 2092 angelicO,
2330 2019 2426 2073 est
2483 2012 2884 2092 intelligibile
2939 2012 3120 2087 illud,
3173 2005 3478 2076 videlicet

1976 2111 2250 2171 essentia
2307 2110 2536 2190 angeli,
2590 2129 2838 2172 summe
2899 2111 3464 2192 proportionatum.

1975 2208 2130 2269 Nam
2177 2224 2364 2268 omne
2408 2207 2809 2288 intelligibile
2853 2216 2948 2269 est
2990 2208 3180 2269 alicui
3228 2207 3468 2271 intelle--

1976 2307 2107 2369 ctui
2174 2307 2750 2388 proportionatum,
2811 2325 2930 2368 nec
2990 2315 3087 2368 est
3144 2307 3470 2388 objectum

1978 2405 2179 2484 magis
2221 2404 2619 2485 adaequatum
2663 2411 2725 2465 et
2767 2405 3316 2486 proportionatum
3358 2406 3468 2467 ali-

1977 2503 2081 2564 cui
2128 2501 2481 2563 intellectui
2525 2521 2716 2583 quam
2761 2521 2894 2564 suo.
2939 2503 3065 2564 Nec
3111 2503 3295 2564 tertio
3340 2521 3470 2565 mo-

1977 2600 2095 2662 do:
2128 2600 2428 2681 quoniam
2461 2617 2586 2662 non
2618 2600 2965 2680 requiritur
2993 2600 3329 2680 praesentia
3361 2619 3471 2680 per

1979 2697 2516 2770 informationem,
2563 2697 2640 2758 ad
2700 2698 2820 2758 hoc
2877 2697 3046 2779 quod
3106 2697 3471 2778 intelligibi-

1982 2797 2036 2858 le
2096 2795 2354 2876 aliquod
2415 2796 2498 2856 sit
2555 2794 2906 2857 intellectui
2968 2815 3266 2876 praesenS,
3319 2796 3472 2858 alio-

1978 2894 2087 2975 qui
2111 2894 2276 2955 Deus
2308 2911 2434 2954 non
2467 2902 2872 2973 cognosceret
2901 2895 3241 2955 essentiam
3273 2913 3469 2957 suam.

354 2991 774 3071 intelligibile
821 2990 879 3052 ei
928 2991 1499 3071 proportionatum,
1548 2988 1699 3069 quia
1746 2988 1865 3049 hoc
1904 2988 1947 3050 C
1979 2992 2137 3054 Hinc
2172 2990 2418 3053 sufficit
2448 2991 2616 3073 quod
2649 2991 2730 3052 sit
2764 3010 3040 3072 praesens
3077 2991 3198 3053 sub
3233 2993 3472 3055 ratione

356 3097 575 3172 potest
626 3087 1061 3171 imperfectior
1118 3087 1501 3160 intellectuS,
1554 3094 1708 3168 puta
1756 3086 1869 3147 hu-

357 3207 617 3262 manus,
652 3187 761 3268 qui
810 3205 956 3248 cum
998 3185 1547 3267 phantasmatibus
1586 3193 1650 3246 et
1690 3182 1868 3246 intel-

358 3288 535 3348 lectu
573 3293 802 3365 agente
842 3293 1049 3364 potest
1087 3283 1259 3345 exire
1301 3283 1365 3344 in
1406 3290 1618 3344 actum
1654 3301 1861 3342 suum.

358 3385 486 3448 Sed
526 3383 649 3445 hoc
680 3382 993 3463 sequitur,
1026 3381 1078 3443 si
1110 3381 1373 3461 angelus
1411 3398 1538 3442 non
1570 3379 1869 3459 intelligit

356 3483 489 3545 nisi
523 3500 641 3565 per
670 3479 959 3542 habitum
993 3479 1185 3541 istum
1224 3499 1237 3542 :
1270 3479 1571 3559 quoniam
1614 3476 1868 3538 habitus

359 3582 485 3644 iste
514 3600 553 3642 a
582 3579 722 3641 solo
751 3579 881 3641 Deo
908 3586 1025 3652 est,
1058 3585 1121 3640 et
1150 3577 1241 3640 sic
1272 3593 1494 3639 omnes
1529 3594 1733 3638 causae
1763 3595 1869 3638 na-

358 3678 603 3742 turales
631 3694 761 3739 non
786 3682 1052 3758 possunt
1076 3674 1363 3737 habitum
1391 3673 1562 3736 hunc
1588 3693 1864 3736 causare.

444 3777 687 3839 Verum
727 3774 860 3837 haec
902 3773 1061 3837 ratio
1096 3773 1263 3836 Scoti
1299 3773 1549 3835 videtur
1588 3771 1865 3835 infirma.

362 3874 671 3952 Quamvis
716 3873 889 3936 enim
930 3871 1037 3934 hic
1079 3870 1335 3933 habitus
1379 3871 1724 3934 scientialis
1768 3891 1875 3934 an-

362 3975 493 4056 geli
529 3993 569 4036 a
608 3972 746 4034 solo
786 3971 869 4033 sit
910 3970 1037 4032 Deo
1080 3989 1192 4052 per
1224 3970 1754 4043 concreationem‚
1788 3977 1875 4032 ta-

368 4091 516 4136 men
574 4087 779 4154 quum
838 4066 1210 4131 naturaliter
1259 4075 1575 4149 competat
1623 4067 1867 4148 angelO,

1979 3107 2103 3169 qua
2143 3089 2504 3150 intellectus
2547 3094 2752 3168 potest
2783 3089 2860 3149 ad
2898 3107 3034 3149 eam
3074 3088 3277 3149 redire
3313 3089 3472 3150 redi-

1978 3187 2151 3249 tione
2195 3187 2527 3268 completa.
2577 3186 2685 3246 Est
2729 3204 2878 3266 ergo
2927 3185 3472 3266 proportionatum

1982 3285 2331 3346 intellectui
2378 3284 2538 3365 ejus,
2579 3290 3026 3364 praesentatum
3070 3283 3277 3344 cidem
3322 3303 3475 3364 prae-

1981 3388 2267 3461 terquam
2301 3400 2415 3462 per
2445 3381 2733 3443 habitum
2761 3399 2774 3442 ε
2800 3388 2862 3442 et
2894 3381 2981 3443 ita
3009 3388 3105 3444 est
3133 3381 3258 3442 alio
3290 3381 3475 3443 modo

1981 3478 2384 3560 intelligibile
2435 3499 2625 3561 quam
2681 3498 2795 3561 per
2844 3479 3131 3542 habitum
3183 3478 3474 3542 scientia-

1982 3579 2127 3641 lem.
2161 3613 2243 3623 —
2272 3577 2465 3641 Multa
2500 3577 2860 3641 consimilia
2891 3578 2968 3640 ad
3003 3578 3172 3641 idem
3212 3576 3478 3660 proban-

1981 3677 2134 3740 dum
2181 3676 2403 3740 Scotus
2446 3675 2708 3738 inducit.

2060 3777 2328 3857 Insuper
2359 3781 2719 3856 praetactam
2751 3793 2927 3836 suam
2961 3774 3366 3856 positionem,
3386 3774 3475 3837 vi-

1981 3873 2209 3936 delicet
2242 3872 2409 3954 quod
2439 3872 2700 3951 angelus
2733 3872 3027 3953 intelligit
3057 3891 3122 3934 se
3156 3889 3269 3954 per
3291 3891 3473 3936 suam

1981 3971 2345 4045 essentiam,
2401 3969 2625 4052 probat
2681 3970 2774 4032 sic
2826 3987 2840 4032 τ
2892 3971 3225 4052 Objectum
3283 3970 3475 4033 habet

1983 4069 2414 4132 causalitatem
2467 4068 2746 4149 aliquam
2801 4061 3148 4150 partialem'
3179 4075 3474 4151 respectu

366 4167 915 4254 quemadmodum
977 4165 1148 4228 calor
1212 4165 1365 4246 igni,
1426 4165 1591 4228 inter
1652 4183 1873 4228 causas
1903 4172 1953 4234 D
1984 4167 2456 4241 inte-flectionis,
2488 4173 2549 4228 et
2579 4166 2720 4239 hoc,
2756 4163 2820 4227 in
2851 4171 3160 4246 quantum
3198 4175 3292 4230 est
3327 4175 3474 4230 actu

368 4269 695 4334 naturales
734 4274 831 4330 est
861 4264 1325 4346 computandus
1365 4271 1655 4346 respectu
1695 4270 1873 4326 actus

370 4365 794 4448 intelligendi.
848 4363 1083 4426 Eadem
1143 4381 1395 4444 quoque
1454 4363 1611 4426 ratio
1658 4370 1876 4425 contra

372 4467 758 4550 positionem
809 4462 977 4526 Scoti
1037 4469 1250 4543 posset
1298 4459 1547 4523 adduci.
1602 4462 1741 4543 Ipse
1789 4468 1877 4522 et·

370 4567 545 4628 enim
594 4563 707 4636 ait,
762 4560 929 4643 quod
978 4559 1239 4640 angelus
1300 4559 1597 4639 intelligit
1646 4577 1711 4621 se
1761 4579 1874 4641 per

372 4662 718 4726 essentiam
760 4678 964 4730 suam,
998 4658 1084 4718 ita
1123 4656 1290 4737 quod
1331 4675 1445 4718 sua
1480 4657 1757 4718 essentia
1794 4657 1875 4718 si-

375 4759 445 4823 bi
482 4762 567 4822 sit
599 4758 759 4820 ratio
800 4752 1221 4836 cognoscendi
1262 4773 1329 4815 se
1360 4754 1496 4815 sine
1535 4753 1749 4835 aliquo
1786 4773 1876 4816 re-

376 4863 802 4942 praesentante
831 4861 1043 4916 actum
1080 4851 1474 4932 intelligendi
1511 4851 1879 4913 naturaliter

380 4953 799 5038 praecedente.
844 4953 1100 5016 Certum
1147 4957 1244 5012 est
1290 4957 1527 5023 autem,
1573 4949 1740 5029 quod
1786 4967 1881 5010 es-

382 5055 587 5117 sentia
632 5050 841 5132 angeli
890 5069 927 5110 a
974 5049 1109 5110 solo
1157 5047 1239 5108 sit
1286 5049 1414 5109 Deo
1464 5066 1576 5128 per
1624 5047 1882 5108 creatio-

383 5171 553 5226 nem,
588 5147 1130 5231 quemadmodum
1162 5144 1428 5206 scientia
1458 5145 1565 5208 illa
1595 5145 1880 5207 habitua-

384 5250 463 5314 lis
502 5268 621 5312 seu
664 5245 921 5308 habitus
962 5241 1329 5305 scientialis.

1986 4263 2418 4345 intelligibile3
2442 4271 2505 4326 et
2534 4263 2891 4326 intellectus
2922 4259 3111 4325 habet
3141 4281 3316 4326 suam
3345 4283 3476 4328 cau·

1986 4363 2299 4425 salitatem
2347 4369 2640 4444 respectu
2688 4360 2977 4441 ejusdem
3023 4370 3224 4436 actuS,
3258 4380 3476 4425 secun-

1986 4459 2137 4524 dum
2183 4479 2373 4542 quam
2420 4461 2739 4522 concurrit
2782 4477 2928 4521 cum
2971 4455 3224 4541 objecto
3269 4461 3346 4523 ad
3393 4470 3479 4524 ta-

1987 4560 2111 4623 lem
2154 4559 2470 4621 actionem
2517 4557 2794 4640 perfecte
2839 4558 3306 4639 producendam
3344 4578 3358 4622 ε
3393 4561 3480 4622 ita

1988 4659 2154 4740 quod
2207 4655 2334 4718 duo
2381 4653 2536 4730 haec,
2585 4653 2837 4737 quando
2887 4665 3034 4718 sunt
3084 4657 3280 4729 unita,
3332 4664 3480 4718 sunt

1988 4776 2114 4818 una
2158 4757 2402 4836 integra
2444 4772 2633 4816 causa
2675 4760 2964 4834 respectu
3005 4753 3476 4817 intellectioniS.

1990 4855 2065 4915 Et
2094 4870 2170 4914 ex
2213 4853 2332 4914 hoc
2371 4871 2565 4933 arguo
2597 4853 2688 4913 sic
2723 4867 2736 4912 τ
2769 4850 2985 4913 Omnis
3025 4869 3214 4912 causa
3253 4853 3480 4933 partia-

1990 4951 2067 5012 lis
2108 4969 2249 5031 quae
2291 4959 2386 5011 est
2430 4951 2495 5010 in
2535 4958 2676 5011 actu
2720 4949 3000 5030 perfecto
3038 4949 3161 5010 sibi
3201 4951 3478 5032 propri0,

1990 5048 2343 5110 secundum
2375 5048 2541 5128 quod
2572 5047 2717 5108 'talis
2748 5066 2954 5118 causa,
2991 5055 3197 5128 potest
3225 5067 3483 5112 causare

1992 5146 2359 5208 causalitate
2399 5144 2521 5206 sibi
2565 5145 3093 5225 correspondente
3137 5144 3480 5226 effectum3

1992 5252 2056 5306 et
2080 5244 2333 5327 quando
2363 5242 2541 5304 unita
2569 5249 2664 5304 est
2691 5241 2871 5303 alteri
2903 5260 3104 5305 causae
3135 5244 3384 5328 partiali
3417 5246 3483 5310 in
