4334 6242
169 1871 242 1910 ut.

271 1869 306 1910 i.

751 498 838 547 m
879 499 944 549 m
984 497 1302 548 Ancnums
1345 495 1674 546 srmlrmus
1717 495 1854 546 sim·
1892 493 2041 546 raas
2084 488 2475 546 manahem&
2516 493 2591 545 ar
2632 493 2891 546 cummis
2930 495 3139 544 Novam

3378 469 3492 542 481

396 671 520 745 tite,
551 671 801 753 judices
835 690 1090 754 quoque
1123 671 1335 754 palatii
1373 688 1388 732 τ
1422 679 1484 733 et
1513 670 1612 732 his
1651 669 1894 732 similes
1922 668 1974 732 A
2005 670 2229 752 primae
2261 670 2559 733 convenit
2585 669 2976 732 hierarchiae.
3012 667 3323 740 Secund0,
3353 683 3497 748 pro-

395 776 543 830 sunt
591 769 800 850 angeli
850 769 1223 832 hierarchias
1271 768 1583 830 secundae.
1617 767 1741 830 Alii
1793 768 1896 829 de-

395 873 698 948 putantur
742 887 814 931 ac
860 867 1301 951 praeficiuntur
1338 867 1414 928 ad
1460 865 1742 947 regimen
1781 865 1894 927 ali-

393 965 578 1046 cujus
609 968 808 1048 partis
848 967 1049 1046 regni,
1084 973 1154 1027 ut
1192 964 1517 1048 praepositi
1548 972 1609 1026 et
1649 964 1889 1037 ballivi,

392 1072 457 1125 et
503 1062 877 1145 hujusmodi
929 1065 1208 1127 minores
1262 1063 1573 1126 officiales
1622 1080 1636 1124 :
1689 1069 1751 1124 et
1791 1061 1892 1123 his

391 1161 634 1225 similes
683 1169 833 1225 sunt
880 1161 1091 1244 angeli
1137 1162 1337 1225 tertiae
1385 1160 1775 1223 hierarchias.
1813 1195 1894 1205 —

391 1259 536 1323 Haec
579 1257 850 1323 Thomas
894 1261 962 1322 in
1004 1261 1270 1342 Scripto.
1320 1259 1514 1339 Cujus
1564 1259 1893 1341 responsio

391 1357 698 1421 coincidit
756 1377 905 1421 cum
958 1358 1370 1441 responsione
1423 1357 1718 1431 Udalrici,
1761 1355 1892 1419 imo

390 1463 660 1538 utraque
699 1475 844 1519 cum
895 1457 1308 1538 responsione
1352 1455 1634 1537 magistri
1669 1473 1891 1518 eorum

387 1552 656 1617 Alberti.

471 1653 759 1736 Denique
806 1654 871 1716 in
917 1653 1125 1737 prima
1168 1661 1345 1735 parte
1386 1653 1686 1728 Summae,
1728 1672 1895 1734 quoe-

390 1751 600 1814 stione
645 1753 994 1815 centesima
1039 1760 1282 1826 octava,
1319 1752 1568 1835 plenius
1617 1751 1889 1814 scribit:

389 1848 762 1913 Hier-archia
805 1851 1161 1933 (inquiens)
1209 1859 1304 1913 est
1352 1869 1530 1913 sacer
1574 1849 1894 1933 principa·
1929 1855 1977 1918 B
2006 1853 2104 1935 pis
2143 1852 2619 1934 gubernatione.
2653 1851 2791 1914 Non
2833 1859 3046 1914 autem
3089 1858 3257 1913 esset
3296 1851 3509 1914 multi·
3610 1889 3621 1904 ·

389 1954 509 2010 tus.
529 1947 599 2010 In
629 1948 994 2031 principatu
1022 1957 1235 2011 autem
1266 1957 1416 2010 sunt
1445 1949 1582 2022 duo,
1598 1949 1896 2012 videlicet

388 2047 694 2128 princeps
742 2056 804 2110 et
847 2037 1193 2110 niultitudo
1235 2047 1523 2110 ordinata
1565 2047 1687 2110 sub
1731 2048 1888 2130 ipso.

387 2145 727 2228 Quumque
785 2147 951 2209 Deus
1008 2147 1090 2209 sit
1147 2147 1448 2228 princeps
1501 2164 1628 2212 non
1685 2147 1892 2209 solum

387 2243 682 2307 omnium
730 2245 1124 2326 angelorum,
1157 2245 1267 2307 sed
1315 2245 1508 2307 etiam
1558 2244 1892 2308 hominum

387 2343 712 2425 totiusque
743 2351 1084 2422 creaturae3
1118 2343 1266 2404 hinc
1309 2360 1435 2406 non
1469 2344 1674 2406 solum
1711 2361 1894 2424 ange-

387 2439 600 2503 lorum
645 2442 1113 2515 universorum,
1147 2442 1257 2504 sed
1291 2442 1484 2504 totius
1517 2460 1769 2524 quoque
1801 2461 1894 2503 ra·

385 2538 645 2602 tionalis
677 2547 1001 2614 creatum,
1035 2559 1176 2622 quae
1205 2557 1528 2602 sacrorum
1574 2541 1890 2622 particeps

386 2655 529 2699 esse
576 2637 766 2712 valet,
809 2657 934 2700 una
979 2645 1075 2701 est
1117 2637 1496 2712 hierarchia,
1538 2638 1888 2700 secundum

384 2735 816 2816 Augustinum
877 2735 1256 2800 duodecimo
1313 2737 1390 2799 de
1437 2737 1705 2800 Civitate
1753 2737 1888 2812 Dei,

388 2835 502 2896 ubi
563 2835 720 2898 duas
779 2835 961 2917 ponit
1018 2836 1306 2899 civitates
1363 2853 1476 2897 seu
1534 2836 1887 2909 societateS,

387 2952 585 2995 unam
631 2934 1000 3015 angelorum
1047 2934 1509 3017 hominumque
1553 2933 1887 3009 bonorum,

385 3031 580 3093 aliam
625 3031 1063 3114 reproborum.

471 3130 536 3193 Si
568 3148 721 3193 vero
751 3131 1190 3216 consideretur
1219 3131 1616 3214 principatus
1646 3151 1724 3194 ex
1754 3151 1892 3214 par-

385 3235 452 3290 te
493 3228 930 3291 multitudinis
965 3229 1268 3292 ordinatae
1302 3229 1422 3290 sub
1459 3231 1763 3312 principe,
1798 3230 1890 3292 sic

389 3346 558 3389 unus
597 3327 996 3409 principatus
1033 3334 1294 3389 vocatur
1328 3328 1679 3390 secundum
1720 3329 1890 3410 quod

389 3425 734 3487 multitudo
760 3442 888 3487 uno
911 3425 1258 3506 eodemque
1284 3425 1472 3487 modo
1495 3433 1702 3506 potest
1725 3426 1893 3508 prin-

390 3523 556 3605 cipis
587 3521 1117 3604 gubernationem
1149 3523 1493 3605 suscipere.
1519 3523 1596 3585 Et
1633 3543 1774 3606 quae
1805 3524 1892 3587 ita

387 3628 718 3703 nequeunt
743 3619 824 3682 ab
854 3638 981 3683 uno
1009 3620 1299 3703 principe
1326 3620 1682 3702 gubernari,
1697 3622 1773 3683 ad
1806 3621 1893 3684 di-

391 3737 614 3782 versos
649 3718 971 3800 pertinent
1005 3719 1399 3800 principatus
1434 3737 1448 3781 :
1484 3721 1893 3802 quemadmo-

394 3819 551 3879 dum
587 3816 708 3878 sub
744 3835 872 3880 uno
908 3835 1054 3898 rege
1089 3817 1355 3880 diversa>
1394 3825 1543 3880 sunt
1577 3818 1885 3893 civitateS,

392 3937 536 4000 quae
562 3917 831 3979 diversis
857 3922 1162 3997 reguntur
1186 3916 1436 3996 legibus
1465 3936 1538 3979 ac
1563 3917 1885 3980 ministris

469 4014 877 4078 Manifestum
933 4021 1030 4076 est
1078 4022 1291 4076 autem
1341 4015 1510 4096 quod
1567 4017 1776 4097 angeli
1828 4025 1890 4078 et

389 4112 685 4177 homines
716 4111 984 4174 diversis
1017 4111 1222 4174 modis
1252 4111 1499 4174 divinas
1532 4113 1891 4176 illuminati-

2003 776 2074 830 ut
2115 769 2487 850 hujusmodi
2531 769 2805 832 rationes
2844 767 3205 850 dependent
3242 765 3322 827 ab
3362 764 3500 827 uni-

2001 867 2356 930 versalibus
2414 869 2621 930 causis
2676 867 2904 929 creatis
2954 874 3019 929 et
3068 864 3497 946 multiplican-

2001 974 2106 1028 tur
2169 984 2183 1028 :
2244 973 2310 1028 et
2374 967 2477 1028 hic
2546 967 2771 1030 modus
2840 966 3135 1028 secundae
3201 963 3501 1026 convenit

2000 1064 2391 1128 hierarchiae.
2426 1064 2656 1138 Tertio,
2699 1063 3051 1127 secundum
3097 1062 3268 1145 quod
3315 1061 3500 1124 ratio-

2001 1181 2114 1225 nes
2175 1162 2300 1226 illae
2356 1163 2761 1245 applicantur
2816 1160 3247 1242 singularibus
3306 1160 3497 1223 rebus

2001 1269 2192 1343 prout
2238 1280 2275 1322 a
2324 1261 2600 1344 propriis
2649 1261 2856 1324 causis
2904 1259 3265 1343 dependent
3318 1276 3331 1321 :
3383 1259 3495 1342 qui

2001 1365 2096 1421 est
2137 1359 2511 1422 hierarchiae
2553 1352 2795 1422 infimae
2838 1359 3083 1420 modus.

2079 1457 2384 1520 Praeterea
2432 1457 2497 1520 in
2547 1475 2928 1556 unaquaque
2972 1455 3327 1518 hierarchia
3374 1473 3497 1520 coe·
3574 1475 3720 1517 um.

2003 1555 2145 1617 lesti
2191 1561 2317 1617 tres
2365 1555 2619 1618 ordines
2671 1556 3095 1618 continentur.
3143 1555 3276 1617 Una
3320 1555 3495 1618 enim

2001 1653 2359 1717 hierarchia
2387 1662 2483 1717 est
2514 1674 2679 1716 unus
2711 1653 3128 1736 principatus,
3153 1653 3219 1715 id
3248 1661 3343 1716 est
3372 1672 3501 1717 una

2005 1753 2347 1816 multitudo
2388 1753 2676 1816 ordinata
2712 1771 2841 1815 uno
2881 1753 3070 1815 modo
3110 1751 3229 1814 sub
3265 1752 3504 1835 princi·

2006 1952 2159 2014 tudo
2200 1951 2507 2025 ordinata,
2541 1951 2651 2014 sed
2694 1949 2979 2024 confusa,
3013 1949 3065 2012 si
3114 1950 3178 2011 in
3227 1949 3509 2013 multitu-

2005 2051 2152 2113 dine
2183 2050 2439 2113 ordines
2468 2049 2705 2113 diversi
2737 2067 2863 2112 non
2894 2057 3126 2112 essent.
3156 2049 3315 2110 Hinc
3349 2049 3509 2112 ratio

2004 2148 2376 2211 hierarchiae
2435 2148 2870 2211 diversitatem
2930 2147 3230 2210 ordinum
3291 2145 3504 2228 exigit.

2005 2247 2152 2320 Quae
2190 2247 2523 2309 diversitas
2564 2246 2982 2329 perpenditur
3020 2245 3376 2308 secundum
3416 2245 3509 2308 di·

2003 2365 2187 2408 versa
2214 2345 2433 2408 officia
2472 2364 2544 2408 ac
2576 2345 2781 2407 varios
2820 2352 2999 2406 actus
3035 2361 3049 2406 :
3086 2344 3249 2406 sicut
3284 2343 3349 2405 in
3381 2362 3509 2406 una

2003 2445 2257 2506 civitate
2305 2444 2468 2506 alius
2518 2451 2614 2506 est
2660 2444 2816 2505 ordo
2859 2442 3310 2524 judicantium,
3342 2442 3506 2505 alius

2003 2542 2448 2625 pugnantium,
2498 2541 2661 2604 alius
2721 2541 3143 2604 laborantium
3196 2540 3262 2603 in
3314 2541 3500 2622 agris.

2001 2641 2337 2723 Quumque
2368 2641 2556 2703 multi
2587 2640 2715 2702 sint
2751 2639 3005 2702 ordines
3048 2638 3323 2701 civitatis
3363 2639 3505 2701 uni-

2001 2759 2100 2812 uS,
2133 2756 2354 2801 omnes
2401 2746 2615 2800 tamen
2666 2738 3057 2800 reducuntur
3102 2737 3181 2799 ad
3230 2743 3378 2811 treS,
3412 2756 3506 2800 se-

2003 2837 2285 2900 cundum
2316 2838 2485 2920 quod
2518 2836 2818 2919 quaelibet
2850 2835 3192 2898 multitudo
3222 2835 3507 2918 perfecta

2002 2935 2193 2998 habet
2251 2935 2644 3018 principium
2694 2942 2758 2997 et
2813 2934 3097 2997 medium
3157 2953 3229 2996 ac
3278 2934 3499 2996 finem.

1926 3031 1969 3095 C
2003 3033 2234 3115 Sicque
2265 3035 2332 3096 in
2375 3031 2741 3096 civitatibus
2773 3032 3003 3115 triplex
3036 3039 3131 3094 est
3170 3033 3507 3096 hominum

2001 3133 2176 3205 ordo,
2211 3132 2513 3194 videlicet
2546 3149 2560 3193 ε
2597 3149 3064 3214 supremorum,
3104 3139 3175 3192 ut
3214 3138 3362 3193 sunt
3400 3149 3508 3213 op-

2002 3230 2295 3310 timates3
2326 3238 2390 3293 et
2437 3229 2834 3303 infimorum,
2871 3237 2939 3290 ut
2989 3237 3085 3291 est
3134 3228 3400 3310 vulgus;
3431 3247 3505 3291 ac

2001 3329 2377 3400 mediorum,
2398 3327 2507 3409 qui
2537 3333 2633 3389 est
2664 3325 2939 3409 populus
2968 3326 3379 3390 honorabilis
3401 3327 3506 3390 Sic

2000 3434 2064 3489 et
2101 3425 2164 3488 in
2208 3425 2493 3507 qualibet
2531 3424 2887 3486 hierarchia
2924 3424 3210 3504 angelica
3248 3424 3503 3488 ordines

1998 3523 2484 3604 distinguuntur
2512 3521 2864 3584 secundum
2897 3522 3178 3584 diversos
3208 3528 3385 3584 actus
3415 3529 3505 3583 at-

1999 3639 2124 3703 que
2173 3620 2441 3700 officia3
2491 3627 2555 3682 et
2604 3620 2814 3682 omnis
2863 3619 2984 3681 ista
3034 3619 3367 3682 diversitas
3420 3621 3500 3682 ad

1999 3719 2119 3781 tria
2149 3718 2494 3791 reducitur,
2530 3726 2683 3800 puta
2711 3717 2789 3779 ad
2819 3735 3144 3779 summum
3190 3717 3499 3780 medium·

1999 3837 2124 3901 que
2159 3825 2223 3880 et
2266 3816 2587 3879 infimum.
2626 3817 2785 3879 Hinc
2828 3817 2893 3879 in
2938 3815 3222 3900 qualibet
3264 3817 3498 3880 hierar-

1999 3916 2142 3979 chia
2189 3917 2248 3979 S.
2282 3914 2621 3997 Dionysius
2665 3915 2846 3997 ponit
2888 3922 3014 3977 tres
3055 3915 3329 3979 ordines.

2077 4017 2383 4079 Praeterea
2431 4015 2482 4077 si
2544 4013 2907 4095 objiciatur,
2959 4015 3109 4096 quia
3168 4014 3233 4076 in
3291 4015 3495 4078 eccle-

2000 4115 2252 4178 siastica
2302 4112 2659 4175 hierarchia
2713 4113 3192 4194 distinguuntur
3244 4113 3497 4176 ordines

389 4230 547 4276 ones
578 4209 1141 4293 recipiuntzangeli
1175 4210 1414 4293 quippe
1447 4211 1512 4273 in
1545 4211 1894 4275 intellectu·
1921 4216 1970 4279 D
2000 4232 2196 4296 penes
2227 4212 2341 4275 hos
2376 4218 2554 4274 act-us
2586 4210 2698 4294 qui
2738 4218 2907 4286 sunt,
2942 4229 3233 4292 purgare,
3268 4211 3501 4274 illumi-

389 4310 474 4373 ali
509 4308 808 4391 puritate,
826 4308 1118 4371 homines
1147 4327 1296 4371 vero
1329 4308 1447 4371 sub
1479 4310 1892 4374 sensibilibus

389 4407 621 4472 formis
663 4425 769 4470 eas
818 4406 1154 4489 recipiunt.
1190 4407 1433 4470 Idcirco
1481 4407 1894 4489 distinguitur

391 4505 755 4570 hierarchia
783 4503 1069 4586 angelica
1095 4504 1176 4566 ab
1207 4505 1503 4567 humana.
1528 4541 1608 4552 —-
1631 4507 1894 4570 Eodem-

393 4623 523 4688 que
564 4604 752 4666 modo
792 4603 856 4664 in
899 4602 1138 4682 angelis
1189 4602 1560 4666 hierarchiae
1609 4612 1734 4666 tres
1769 4605 1895 4668 dis-

391 4703 1103 4785 tinguuntur-,quoniam
1131 4703 1336 4782 angeli
1370 4703 1728 4786 superiores
1760 4706 1896 4768 uni-

394 4801 804 4866 versaliorem
855 4801 1091 4864 habent
1134 4801 1418 4864 veritatis
1469 4803 1894 4884 cognitionem

398 4921 591 4983 quam
637 4899 988 4962 inferiores.
1021 4899 1218 4981 Cujus
1250 4900 1628 4981 cognitionis
1664 4903 1896 4984 triplex

400 5007 495 5062 est
533 5000 765 5081 gradu..
797 4998 862 5061 in
901 4998 1162 5080 angelis
1197 4999 1491 5063 Rationes
1529 5001 1764 5064 etenim
1805 5021 1899 5064 re-

402 5118 546 5161 rum
577 5099 657 5160 de
687 5099 924 5180 quibus
953 5099 1160 5180 angeli
1196 5099 1661 5177 illuminantur,
1696 5101 1898 5184 tripli—

2002 4331 2174 4385 nare‚
2208 4309 2519 4394 perficere
2554 4327 2567 4371 ε
2603 4319 2748 4371 na'm
2781 4309 2935 4371 ordo
2966 4307 3375 4371 diaconorum
3406 4316 3502 4372 est

2002 4410 2398 4492 purgativus,
2428 4409 2827 4471 sacerdotum
2858 4406 3345 4482 illuminativuS,
3368 4407 3503 4490 epi-

2004 4527 2344 4592 scoporum
2383 4506 2795 4590 perfectivuS,
2828 4515 2899 4568 ut
2934 4506 3157 4588 quinto
3198 4505 3505 4569 Ecclesia·

2003 4608 2180 4671 sticae
2232 4606 2603 4668 hierarchiae
2654 4604 2964 4686 gloriosus
3014 4603 3353 4687 Dionysius
3400 4605 3506 4667 do-

2006 4712 2123 4770 cet.
2160 4703 2280 4769 Sed
2310 4704 2583 4787 quilibet
2612 4703 2873 4784 angelus
2904 4711 3151 4785 purgat,
3184 4703 3507 4765 illuminat

2005 4813 2068 4867 et
2111 4803 2363 4886 perficit
2400 4819 2415 4865 ε
2448 4820 2577 4865 non
2628 4819 2777 4882 ergo
2824 4807 2919 4863 est
2968 4800 3292 4864 distinctio
3338 4801 3503 4864 ordi-

2008 4922 2162 4965 num
2195 4903 2259 4964 in
2290 4901 2551 4982 angelis.
2585 4934 2666 4946 —
2696 4899 3067 4973 Dicendum,
3101 4900 3271 4980 quod
3307 4899 3499 4962 etiam

2008 5001 2271 5064 inferior
2299 4999 2563 5080 angelus
2602 4997 2890 5080 superior
2925 5003 3021 5059 est
3056 5013 3357 5079 supremo
3392 4998 3500 5061 ho-

2008 5100 2179 5162 mine
2226 5097 2674 5161 ecclesiasticas
2720 5095 3112 5171 hierarchiae,
3145 5097 3497 5160 secundum

3541 3932 3601 3977 Dc
3614 3931 3787 3979 Celent.

3520 3997 3630 4041 hier.
3645 4011 3684 4042 c.
3700 4011 3761 4042 vr.

405 5198 563 5260 citer
591 5197 1089 5260 considerantur.
1118 5198 1348 5274 Primo,
1373 5207 1442 5260 ut
1471 5219 1506 5262 a
1532 5201 1660 5263 Deo
1689 5201 1898 5282 primo
2008 5197 2165 5261 illud
2197 5195 2470 5259 Matthaei
2504 5213 2518 5256 :
2552 5194 2669 5269 Qui
2699 5194 2908 5256 minor
2933 5200 3029 5256 est
3060 5193 3125 5255 in
3154 5212 3349 5276 regno
3378 5214 3501 5260 coe-
3538 5221 3789 5278 mmmm,

405 5293 752 5359 universali
805 5293 1125 5377 principio
1181 5295 1396 5358 fluunt
1443 5312 1456 5359 :
1510 5296 1620 5379 qui
1671 5299 1898 5363 modus
2008 5298 2237 5372 lorum,
2270 5295 2475 5377 major
2504 5300 2601 5357 est
2635 5292 2764 5368 illo,
2800 5292 2862 5355 id
2901 5299 2999 5355 est
3024 5293 3261 5357 Joanne
3293 5293 3501 5379 Bapti—
3528 5289 3595 5334 ¹¹·

655 5427 719 5479 T.
757 5427 836 5480 21.
3187 5427 3246 5478 31
