4334 6242
873 498 1027 546 msr.
1069 499 1179 546 vm
1222 497 1463 561 SUUA3
1504 497 1728 556 QUAEST.
1763 497 1784 542 1
1817 496 1832 543 :
1875 496 1962 544 AN
2001 495 2228 545 ANGELI
2266 497 2555 546 nanum*
2594 497 2892 556 courum,
2924 496 3053 544 mc.

3390 477 3504 544 441

1829 758 1832 762 Ι
1935 669 1986 733 Α
2020 669 2283 732 16616116
2330 670 2687 732 6665661116
2734 669 3005 733 videtur.
3047 669 3237 732 Porro
3281 667 3362 730 ab
3410 667 3509 730 his

983 755 1340 819 SUMMA

672 910 1279 970 DISTINCTIONIS
1342 911 1650 969 OCTAVAE

483 1160 538 1223 N
579 1163 700 1226 hac
743 1162 1153 1226 distinctione
1201 1172 1500 1229 tractatur
1536 1164 1616 1226 de
1657 1162 1932 1244 angelos

501 1283 646 1326 rum
676 1261 992 1325 bonorum
1022 1269 1086 1325 et
1119 1262 1430 1326 malorum
1459 1271 1684 1324 natura
1713 1280 1908 1343 quan-

409 1371 546 1426 tum
598 1363 678 1425 ad
727 1360 1234 1444 corporeitatem,
1265 1380 1344 1423 an
1389 1360 1635 1423 scilicet
1678 1359 1744 1422 in
1794 1378 1907 1421 sua

411 1470 638 1524 natura
667 1462 798 1524 sint
825 1460 1221 1542 corporales3
1251 1459 1503 1534 deinde,
1537 1458 1810 1540 qualiter
1839 1458 1906 1520 in

411 1560 788 1642 corporibus
827 1559 960 1621 suis
991 1565 1342 1641 appareant
1360 1575 1377 1638 ;
1416 1576 1498 1620 an
1541 1557 1732 1620 etiam
1777 1575 1909 1620 cor-

409 1677 566 1742 pora
615 1657 931 1720 introeant
977 1656 1401 1720 obsessorum.
1436 1655 1514 1718 Et
1561 1655 1727 1718 inter
1774 1655 1908 1718 haec

412 1757 616 1831 docet,
651 1755 818 1838 quod
851 1755 1044 1817 etiam
1083 1753 1603 1836 simplicissimus
1637 1755 1802 1816 Deus
1843 1753 1907 1816 in

2017 766 2203 849 longe
2260 769 2471 843 distat,
2527 769 2695 850 quod
2750 768 2931 850 juxta
2988 765 3337 850 praehabita
3393 785 3511 829 nec

2015 865 2367 947 spiritualis
2400 867 2663 930 materia
2693 867 2760 930 in
2799 867 3038 951 angelis
3070 873 3177 932 aut
3213 865 3511 930 daemoni·

2015 962 2135 1026 bus
2178 971 2275 1027 est
2316 966 2625 1048 ponenda.

2095 1163 2314 1246 ltaque
2354 1164 2522 1226 circa
2560 1165 2693 1228 haec
2724 1165 2946 1228 scribit
2974 1164 3269 1228 Albertus
3302 1181 3317 1227 ε
3351 1163 3509 1238 Quia
3537 1177 3786 1294 :bsx-“xa

3536 1307 3701 1347 tract-ix
3740 1315 3808 1346 ro·

2015 1360 2195 1436 tima,
2220 1361 2786 1425 determinavimus
2817 1369 3125 1444 quantum
3156 1361 3505 1443 potuimuS,
3536 1317 3739 1410 nmium?

2016 1260 2082 1323 in
2114 1261 2324 1343 primo
2355 1262 2541 1338 libro,
2576 1262 2983 1334 distinctione
3019 1261 3340 1325 tricesima
3370 1279 3509 1342 sep-

2021 1459 2294 1542 qualiter
2327 1461 2537 1542 angeli
2574 1469 2908 1524 assumunt
2946 1477 3231 1541 corpora,
3262 1467 3325 1521 et
3358 1478 3509 1541 qua-

2018 1559 2166 1621 liter
2214 1566 2551 1622 moventur
2598 1560 2665 1621 in
2709 1558 2888 1640 ipsiS,
2921 1564 3113 1622 restat
3154 1557 3259 1620 hic
3304 1556 3511 1639 inqui·

2019 1658 2289 1720 rendum
2318 1658 2395 1721 de
2426 1657 2589 1732 aliis,
2622 1665 2741 1720 etc.
2765 1694 2846 1705 —-
2872 1657 3046 1720 Istud
3080 1657 3420 1739 praemitto,
3443 1661 3513 1716 ut

2019 1774 2094 1820 ea
2141 1775 2284 1838 quae
2342 1756 2507 1819 infra
2554 1775 2631 1818 ex
2681 1756 2970 1819 Udalrico
3028 1755 3389 1818 scribentur
3436 1755 3516 1817 de

412 1853 850 1937 corporalibus
918 1853 1144 1917 formis
1206 1853 1528 1915 interdum
1589 1853 1906 1936 apparuit,
1947 1854 1993 1917 B
2019 1855 2320 1937 opinione
2349 1854 2614 1926 Alberti,
2638 1853 2872 1917 clarius
2904 1854 3355 1935 intelligantur.
3375 1853 3517 1916 Por-

409 1954 521 2036 qui
553 1961 768 2015 tamen
803 1953 868 2014 in
908 1972 1023 2015 sua
1059 1953 1336 2014 essentia
1363 1952 1713 2015 viatoribus
1751 1971 1912 2014 nun-

411 2070 604 2135 quam
644 2051 962 2134 apparuit,
995 2051 1073 2113 de
1115 2050 1249 2133 lege
1289 2050 1514 2113 saltem
1559 2050 1904 2113 communi.

721 2375 1196 2451 QUAESTIO
1265 2375 1595 2440 PRIMA
1647 2457 1660 2486 ι

559 2641 623 2703 Ic
673 2640 979 2723 quaeritur
1021 2638 1254 2722 primo,
1284 2641 1415 2707 An
1455 2639 1725 2720 ang-eli
1770 2641 1908 2707 ha-

585 2739 826 2807 beant
888 2753 1223 2820 corpora
1285 2738 1771 2805 naturaliter
1829 2741 1911 2805 et

408 2834 1059 2919 inseparabiliter
1100 2835 1257 2902 sibi
1298 2835 1550 2903 unita.

483 2936 722 2998 Verum
763 2934 898 2998 haec
939 2933 1206 3015 quaestio
1241 2934 1374 3015 jam
1417 2952 1608 3016 supra
1637 2934 1790 2996 satis
1821 2935 1911 2996 vi-

2021 1972 2090 2017 ro
2121 1953 2188 2016 in
2219 1960 2517 2035 praetacta
2554 1952 2963 2016 distinctione
3000 1952 3234 2016 fatetur
3262 1958 3325 2014 et
3366 1951 3519 2014 scri-

2019 2052 2115 2114 bit
2169 2052 2489 2126 AlbertuS,
2553 2052 2721 2133 quod
2781 2051 2988 2133 angeli
3050 2068 3313 2133 corpora
3370 2068 3518 2113 vere

2017 2157 2373 2224 assumunt,
2420 2157 2483 2212 et
2533 2151 2598 2212 in
2650 2149 2807 2232 ipsis
2858 2155 3217 2224 moventur,
3268 2157 3332 2211 et
3382 2166 3521 2230 per-

2018 2255 2178 2328 gunt
2220 2247 2298 2309 de
2338 2246 2477 2310 1666
2515 2246 2593 2308 ad
2636 2247 2869 2321 locum,
2902 2245 3373 2328 visibiliterque
3410 2264 3518 2327 ap-

2022 2354 2244 2428 parent
2274 2364 2347 2407 66
2379 2345 2727 2426 loquuntur
2756 2344 3142 2408 hominibus.
3160 2344 3335 2418 Quod
3367 2342 3520 2408 item

2020 2444 2085 2506 in
2144 2443 2310 2506 libro
2368 2444 2444 2506 de
2503 2444 2579 2505 lv
2629 2443 3011 2526 Coaequaevis
3068 2449 3353 2516 testatur,
3406 2441 3517 2504 ubi

2017 2550 2234 2624 aperte
2290 2540 2691 2616 determinat,
2753 2542 2923 2623 quod
2979 2560 3127 2604 vere
3186 2547 3521 2602 assumunt

2017 2657 2305 2721 corpora,
2338 2648 2401 2701 et
2442 2640 2507 2702 in
2546 2639 2639 2702 eis
2678 2657 2826 2702 vere
2855 2639 2935 2701 ab
2972 2647 3148 2702 extra
3186 2646 3517 2721 apparent,

2019 2739 2106 2801 ita
2153 2739 2322 2821 quod
2371 2738 2577 2819 angeli
2622 2739 2823 2800 sancti
2869 2746 3205 2818 assumunt
3250 2738 3523 2801 aetherea

2019 2855 2307 2919 corpora,
2342 2836 2405 2899 id
2444 2844 2541 2898 est
2579 2836 2658 2899 de
2697 2835 2941 2918 puriori
2979 2835 3143 2898 aeris
3183 2844 3383 2917 parte,
3414 2854 3523 2898 an-

2018 2935 2142 3016 geli
2188 2952 2339 2997 vero
2388 2935 2539 2996 mali
2588 2935 2667 2997 de
2714 2943 2892 3016 parte
2939 2934 3104 2997 aeris
3150 2932 3449 3015 grossiori
3500 2951 3513 2994 :

407 3032 664 3095 deretur
719 3032 1036 3113 expedita,
1087 3031 1198 3093 ubi
1253 3033 1332 3094 de
1389 3031 1800 3114 simplicitate
1846 3041 1911 3095 et
1946 3035 1990 3099 C
2022 3053 2162 3116 quae
2204 3051 2468 3114 corpora
2511 3032 2666 3096 dicit
2710 3032 3064 3116 inspissari,
3099 3041 3161 3095 et
3204 3032 3369 3095 facta
3407 3050 3517 3114 ap-

407 3129 945 3193 immaterialitate
975 3137 1216 3193 6616161
1257 3130 1558 3211 angelicae
1588 3137 1650 3192 et
1681 3130 1912 3193 intelli-

405 3230 766 3311 gentiarum
811 3227 1173 3292 introducta
1219 3235 1368 3292 sunt
1415 3229 1616 3291 multa
1663 3236 1790 3291 tam
1843 3230 1909 3291 in

151 3341 383 3455 5233}xe
408 3327 528 3390 isto
589 3325 754 3390 libro
803 3345 994 3408 quam
1046 3326 1112 3388 in
1161 3327 1392 3410 primo,
1444 3327 1568 3390 nisi
1619 3328 1909 3410 quaedam

153 3471 254 3510 ιεί.
281 3469 380 3519 XIX.

149 3531 381 3580 amictis.
406 3523 711 3586 Absolute
750 3523 924 3584 enim
965 3522 1304 3605 loquendo,
1337 3523 1590 3586 videtur
1618 3524 1912 3605 Augusti-

407 3425 603 3488 verba
626 3425 964 3506 Augustini
996 3424 1448 3488 difficultatem
1477 3425 1580 3488 hic
1610 3426 1905 3489 facerent.

407 3641 549 3695 1165,
583 3620 882 3684 5611111615
914 3620 1022 3684 1116
1055 3623 1304 3696 Doctor,
1339 3623 1574 3685 sentire
1607 3623 1773 3709 quod
1803 3642 1909 3686 611-

403 3720 527 3800 geli
560 3719 834 3782 habeant
865 3737 1129 3802 corpora
1160 3721 1526 3784 naturaliter
1554 3717 1677 3783 sibi
1707 3722 1904 3797 unita,

403 3818 585 3900 juxta
643 3818 903 3880 modum
955 3818 1065 3900 qui
1117 3819 1182 3880 in
1235 3827 1412 3881 textu
1460 3819 1844 3901 exprimitur
1889 3839 1902 3883 :

405 3917 574 3999 quod
605 3935 797 3998 super
826 3916 1118 3980 Genesim
1147 3926 1209 3980 et
1240 3917 1304 3979 in
1335 3917 1500 3981 libro
1531 3918 1609 3980 de
1640 3918 1906 3982 Civitate

405 4014 515 4078 Dei
558 4033 632 4077 ac
672 4014 828 4077 alibi
867 4033 1036 4097 saepe
1075 4015 1326 4078 videtur
1374 4016 1628 4078 sentire.
1662 4016 1904 4099 Nempe

406 4111 469 4174 in
501 4112 604 4175 his
635 4132 777 4194 quae
806 4112 883 4174 ad
915 4113 1269 4175 naturalem
1309 4121 1598 4195 spectant
1632 4114 1904 4196 philoso-

2020 3131 2356 3213 paritione,
2409 3131 2639 3194 resolvi
2700 3131 2765 3193 in
2828 3131 3272 3214 praejacentem
3324 3138 3516 3193 mate-

2021 3230 2311 3292 riam.Ad
2342 3249 2485 3312 quae
2516 3229 2984 3312 comprobanda
3016 3228 3246 3291 multas
3279 3229 3520 3291 inducit

2019 3327 2427 3391 auctoritates
2478 3329 2579 3391 SS.
2626 3327 2846 3391 Isidori
2897 3335 2959 3390 et
3008 3327 3343 3406 Bernardi3
3379 3344 3521 3409 pro-

2021 3426 2255 3508 batque
2296 3426 2385 3487 ibi
2428 3425 2687 3499 diffuse,
2720 3426 2888 3507 quod
2930 3443 3056 3488 non
3096 3424 3394 3488 convenit
3428 3425 3519 3488 eis

2021 3525 2256 3586 habere
2298 3542 2564 3606 corpora
2607 3523 2977 3586 naturaliter
3018 3523 3143 3586 sibi
3187 3524 3384 3586 unita.

2097 3622 2333 3684 Verum
2372 3622 2473 3685 his
2518 3620 2774 3684 obviare
2816 3621 3114 3684 videntur
3157 3639 3271 3704 pro
3314 3631 3514 3704 parte,

2018 3739 2160 3802 quae
2209 3718 2430 3783 scribit
2478 3719 2807 3783 Udalricus
2856 3719 2921 3782 in
2967 3720 3229 3782 Summa
3276 3740 3411 3795 sua,
3445 3720 3518 3783 li-

2018 3818 2133 3882 bro
2184 3827 2410 3901 quarto
2453 3837 2467 3882 :
2510 3819 2804 3901 AngeIOS,
2856 3817 3087 3900 inquit,
3138 3826 3267 3881 tam
3318 3816 3517 3881 bonos

2017 3938 2211 4001 quam
2254 3918 2477 3992 1116165,
2519 3935 2825 3999 apparere
2864 3917 3257 3990 hominibuS,
3300 3916 3516 3978 nullus

2015 4017 2264 4097 ignorat
2307 4016 2416 4098 qui
2458 4015 2655 4077 fidem
2696 4013 2957 4076 adhibet
3000 4033 3194 4078 sacrae
3232 4014 3513 4096 Scriptu-

2014 4135 2117 4178 rae.
2138 4115 2357 4177 Modus
2388 4121 2599 4175 autem
2629 4113 3048 4194 apparitionis
3079 4113 3359 4175 incertus
3390 4121 3508 4187 est,

405 4211 644 4292 phiam‚
695 4210 1048 4273 Platonicos
1097 4212 1416 4293 praecipue
1467 4221 1562 4275 est
1621 4221 1898 4288 56611165,
1933 4217 1981 4279 D
2011 4213 2163 4295 quia
2202 4212 2488 4275 occultus
2527 4217 2620 4272 est
2661 4209 2863 4273 nobis.
2898 4209 3141 4291 Nempe
3174 4218 3241 4271 ut
3276 4209 3510 4272 dicitur

404 4327 562 4390 quos
603 4316 666 4370 et
707 4308 772 4370 in
815 4307 982 4370 libro
1023 4308 1099 4371 de
1129 4308 1395 4372 Civitate
1434 4311 1544 4373 Dei
1577 4311 1719 4373 aliis
1749 4331 1900 4373 cun-

403 4405 521 4468 ctis
567 4406 839 4488 praefert.
874 4406 944 4468 In
987 4406 1337 4488 quaestione
1376 4427 1528 4472 vero
1571 4427 1696 4490 qua
1735 4429 1901 4492 quae-

403 4504 498 4578 rit,
513 4523 596 4566 an
623 4503 903 4585 aliquam
930 4505 1309 4585 grossiorem
1341 4505 1606 4569 induant
1635 4507 1900 4571 formam

402 4602 534 4665 sive
581 4603 910 4664 materiam
955 4602 1107 4664 dum
1151 4613 1458 4686 apparent
1508 4607 1899 4682 hominibuS,

404 4700 840 4783 prae-supponit
885 4719 992 4764 eos
1031 4701 1265 4764 habere
1306 4721 1570 4786 corpora
1609 4704 1731 4766 sibi
1768 4705 1906 4767 uni-

404 4807 485 4874 ta,
519 4807 646 4861 tam
690 4798 908 4862 tenuia
945 4805 1136 4881 atque
1175 4799 1456 4876 subtilia,
1495 4809 1565 4864 ut
1606 4802 1904 4866 humanis

405 4905 722 4979 nequeant
749 4896 954 4960 oculis
987 4898 1252 4980 percipi.
1278 4900 1490 4983 Aliqui
1527 4910 1739 4965 tamen
1771 4910 1904 4965 1611-

403 5003 538 5057 tum
589 4995 835 5057 Patrem
888 5005 1214 5071 excusant,
1268 4998 1548 5062 dicentes
1608 5001 1775 5083 quod
1839 5002 1904 5064 in

403 5093 636 5156 talibus
666 5092 990 5175 opinative
1020 5113 1096 5157 66
1135 5097 1462 5160 recitative
1506 5098 1754 5162 locutus
1785 5109 1900 5163 est.

403 5193 520 5256 Sed
553 5201 616 5256 et
647 5191 1044 5256 illuminatus
1074 5203 1254 5277 pater
1283 5197 1636 5260 Bernardus
1676 5199 1740 5261 in
1771 5218 1902 5262 ser-

404 5290 700 5355 monibus
740 5309 934 5375 super
972 5292 1248 5369 Cantica,
1280 5294 1634 5377 Augustino
1676 5295 1740 5359 in
1783 5296 1902 5360 ista

2014 4311 2079 4374 in
2111 4311 2277 4374 libro
2306 4311 2385 4373 de
2413 4311 2540 4373 Deo
2569 4308 2864 4382 86616115,
2895 4310 3214 4372 daemones
3252 4327 3506 4392 compo·
3559 4323 3779 4379 Apuleius.

2014 4409 2116 4474 siti
2152 4417 2299 4472 sunt
2330 4429 2407 4472 ex
2450 4408 2866 4471 intellectuali
2894 4415 2958 4470 et
2988 4407 3299 4490 corporali
3331 4416 3509 4470 natu·

2015 4529 2103 4583 ra,
2153 4507 2458 4570 habentes
2516 4525 2779 4589 corpora
2828 4507 2904 4569 de
2952 4525 3095 4570 6616
3146 4507 3507 4588 56111111611;

2014 4613 2288 4688 suntque
2317 4613 2575 4668 ornatus
2614 4613 2671 4668 et
2705 4605 3091 4669 habitatores
3129 4607 3294 4669 aeris
3324 4626 3513 4689 supe-

2015 4704 2223 4779 116115,
2258 4704 2424 4767 51661
2452 4723 2599 4766 aves
2628 4702 2791 4766 aeris
2824 4704 3143 4768 inferioris
3168 4723 3181 4767 :
3206 4705 3509 4786 quoniam

2014 4803 2231 4866 omnia
2269 4803 2582 4866 elementa
2622 4802 2859 4865 habent
2898 4803 3198 4865 animalia
3229 4804 3508 4886 propria,

2015 4903 2206 4966 etiam
2240 4902 2427 4985 ignis,
2463 4910 2528 4965 ut
2570 4902 2805 4965 dicitur
2836 4901 2945 4964 ibi.
2981 4903 3057 4965 Et
3101 4903 3373 4985 imponit
3400 4921 3509 4964 au-

2016 5009 2150 5064 ctor
2184 5002 2289 5064 1116
2319 5001 2439 5064 1166
2471 5001 2711 5064 dictum
2744 5000 3361 5082 Aristoteli.Propter
3389 5002 3509 5064 hoc

2015 5100 2336 5163 daemones
2402 5108 2551 5162 sunt
2611 5099 2899 5163 visibiles
2967 5099 3203 5183 quibus
3260 5101 3505 5174 volunt,

2015 5217 2216 5280 quum
2261 5197 2569 5261 divinitus
2613 5197 2892 5280 speciem
2938 5198 3036 5260 sui
3080 5198 3405 5280 offerunt3
3446 5209 3509 5263 et

2016 5304 2162 5359 sunt
2215 5295 2570 5364 invisibiles
2627 5296 2862 5388 quibus
2908 5297 3151 5382 volunt,
3204 5299 3507 5388 quoniam
