4334 6242
1090 493 1178 539 AN
1217 492 1410 538 OMNIA
1451 493 1924 540 PROFLUXERUNT
1961 493 2004 538 A
2045 491 2163 540 DEO
2205 492 2321 540 mn
2362 494 2747 541 GREATIONEH
3382 473 3464 540 55

369 679 492 741 (183
520 669 638 723 331.
675 663 998 737 Praeterea,
1032 663 1084 726 si
1117 663 1364 727 dicatur
1393 683 1506 726 ens
1543 683 1668 726 non
1706 684 1862 746 prae-
1893 664 1943 726 A
1975 671 2178 726 totum
2236 664 2541 728 effectum
2600 667 2949 749 producere
3008 666 3145 728 sine
3202 665 3465 728 alterius

367 758 563 821 dicari
614 762 694 822 de
744 762 992 824 cunctis
1051 763 1343 835 univoce,
1395 764 1599 826 nihilo
1651 764 1862 825 minus

365 858 762 938 praeinducta
794 860 1119 923 conclusio
1155 861 1444 942 sequitur
1478 882 1492 926 ε
1527 881 1653 925 808
1688 862 1861 924 38118

366 957 440 1018 (13
487 957 710 1020 1881113
755 960 1078 1040 aequivoce
1123 959 1378 1034 dicitur,
1412 962 1519 1022 sed
1567 981 1681 1042 per
1722 981 1864 1023 ana-

367 1055 636 1136 logiam3
679 1057 900 1140 sicque
949 1077 1208 1121 necesse
1259 1067 1353 1121 est
1396 1059 1541 1121 fieri
1591 1061 1863 1122 reducti-

365 1171 551 1216 onem
601 1155 682 1216 ad
733 1175 952 1218 unum.
994 1193 1075 1202 —
1122 1158 1411 1239 Insuper,
1453 1159 1622 1240 quod
1670 1157 1860 1220 alicui

366 1254 664 1314 convenit
693 1273 772 1316 ex
802 1274 916 1316 sua
947 1263 1192 1330 natura,
1215 1273 1338 1317 non
1372 1275 1448 1318 ex
1481 1257 1695 1338 aliqua
1727 1275 1866 1318 cau-

365 1369 594 1422 sa‚non
630 1360 837 1433 potest
869 1353 932 1414 in
965 1372 1040 1416 eo
1069 1373 1210 1416 esse
1241 1354 1626 1416 minoratum
1657 1373 1865 1436 neque

365 1449 694 1512 deficiens.
741 1451 806 1512 Si
851 1451 1022 1513 enim
1074 1459 1314 1515 naturae
1361 1453 1601 1535 aliquid
1651 1472 1864 1515 essen-

365 1548 512 1611 tiale
551 1548 962 1611 subtrahatur
999 1550 1132 1613 sive
1161 1550 1449 1626 addatur,
1484 1571 1610 1614 non
1655 1560 1865 1614 manet

367 1647 502 1728 ipsa
531 1655 778 1719 natura,
812 1647 977 1710 31081
1007 1649 1073 1710 18
1105 1649 1390 1712 88183113
1420 1659 1610 1733 patet.
1649 1652 1864 1733 ltaque

365 1745 418 1807 si
449 1752 674 1806 natura
712 1745 956 1827 integra
998 1756 1430 1828 permanente,
1463 1749 1704 1830 aliquid
1746 1750 1863 1811 mi-

1974 762 2324 842 indigentia
2372 782 2594 826 causae.
2649 799 2729 810 -
2776 765 2965 827 Ρο110
3015 764 3179 845 quod
3231 763 3467 826 dicitur

1972 863 2052 920 de
2083 863 2317 930 nihilo,
2353 861 2690 942 tripliciter
2722 869 2927 944 pote-st
2956 863 3207 944 exponi.
3232 861 3464 934 Prim0,

1975 966 2044 1019 ut
2072 959 2360 1040 designet
2397 979 2651 1023 causam
2694 960 3109 1033 materialem,
3139 960 3307 1021 sicut
3336 959 3468 1021 cul-

1973 1057 2162 1119 tellus
2194 1057 2399 1119 factus
2430 1057 2631 1121 fertur
2661 1060 2738 1121 de
2769 1059 2971 1136 ferr03
3005 1059 3305 1132 secundo,
3329 1076 3471 1120 cau-

1975 1175 2106 1218 sam
2149 1155 2565 1229 efficientem,
2601 1157 3139 1238 quemadmodum
3178 1173 3339 1237 opus
3374 1162 3470 1218 est

1975 1256 2053 1317 de
2095 1254 2343 1316 artifice
2379 1274 2393 1318 :
2428 1263 2491 1317 et
2533 1256 2632 1317 his
2680 1255 2883 1318 modis
2928 1255 3006 1318 de
3056 1255 3256 1317 nihilo
3305 1254 3467 1316 nihil

1975 1352 2116 1415 fieri
2152 1360 2377 1434 potest.
2403 1354 2634 1427 Tertio,
2670 1360 2737 1415 ut
2768 1354 2936 1415 dicat
2966 1353 3272 1416 rationem
3306 1352 3469 1415 ordi-

1975 1451 2075 1514 nis
2117 1459 2365 1513 tanturn
2402 1469 2415 1512 ε
2450 1459 2507 1513 31
2555 1452 2675 1515 hoc
2716 1451 3075 1533 dupliciter.
3120 1451 3351 1526 Primo,
3399 1458 3469 1512 ut

1975 1548 2142 1611 dicat
2183 1549 2472 1611 ordinem
2519 1557 2758 1612 naturae
2801 1551 3147 1623 dumtaxat,
3180 1549 3347 1612 sicut
3388 1549 3465 1610 de

1976 1646 2234 1709 informi
2284 1647 2545 1709 materia
2592 1646 2669 1709 fit
2712 1647 2998 1711 formata.
3042 1648 3353 1720 Secund0,
3399 1655 3469 1708 ut

1976 1745 2144 1807 dicat
2176 1745 2369 1807 etiam
2399 1746 2688 1808 ordinem
2722 1746 3096 1818 (1818110813,
3129 1754 3200 1808 81
3229 1748 3306 1808 (13
3339 1763 3467 1809 188-

367 1851 658 1906 80181818
704 1845 1064 1907 inveniatur
1111 1846 1174 1908 in
1219 1865 1314 1922 ea,
1349 1847 1412 1908 id
1459 1865 1582 1910 non
1629 1849 1861 1929 depen-
1901 1845 1948 1907 B
1976 1862 2056 1904 ne
2101 1843 2177 1905 fit
2222 1843 2537 1906 meridies.
2582 1845 2791 1907 Primo
2834 1846 3023 1907 modo
3064 1845 3287 1907 dicunt
3328 1843 3467 1927 phi·

366 1943 469 2004 det
507 1941 892 2023 simpliciter
930 1963 1006 2007 ex
1053 1945 1163 2008 illa
1207 1953 1451 2018 natura,
1485 1946 1595 2007 sed
1633 1965 1710 2008 ex
1755 1946 1864 2008 ali-

367 2059 490 2121 qua
551 2040 676 2101 alia
741 2059 950 2111 causa,
1017 2061 1133 2122 per
1195 2043 1380 2124 cujus
1443 2045 1862 2106 remotionem

369 2139 738 2201 minoratur.
784 2139 958 2213 Quod
1008 2140 1203 2221 igitur
1248 2143 1358 2204 uni
1407 2143 1704 2205 convenit
1749 2144 1862 2205 mi-

365 2257 484 2298 nus
529 2257 724 2318 quam
769 2238 976 2312 alteri,
1015 2257 1141 2301 non
1191 2241 1489 2302 convenit
1526 2242 1584 2330 31
1628 2261 1706 2304 ex
1751 2262 1864 2304 sua

367 2344 590 2398 natura
634 2343 906 2411 tantum,
941 2338 1049 2399 sed
1091 2357 1170 2400 ex
1207 2339 1420 2420 aliqua
1460 2359 1666 2403 causa.
1703 2341 1864 2403 lllud

368 2453 514 2514 ergo
553 2441 650 2497 est
690 2453 882 2496 causa
920 2435 1210 2498 omnium
1253 2436 1316 2498 in
1356 2437 1571 2518 aliquo
1610 2457 1860 2519 genere,

369 2534 469 2595 081
503 2533 780 2594 maxime
813 2534 1117 2615 competit
1153 2534 1327 2596 illius
1370 2536 1732 2616 praedicatio
1761 2556 1864 2617 ge-

370 2631 538 2693 neris
564 2649 579 2692 :
603 2631 772 2694 sicut
805 2632 972 2712 quod
1007 2632 1282 2694 maxime
1312 2634 1590 2696 calidum
1622 2642 1737 2708 est,
1771 2643 1867 2697 est

369 2747 558 2790 causa
587 2728 818 2790 caloris
854 2729 917 2790 in
948 2729 1110 2790 aliis.
1135 2730 1262 2792 Deo
1291 2739 1502 2792 autem
1537 2732 1865 2812 potissime

369 2845 439 2887 ac
490 2825 960 2907 perfectissime
1020 2828 1324 2909 competit
1371 2847 1510 2891 esse
1559 2847 1573 2890 :
1628 2829 1868 2891 idcirco

370 2933 463 2985 est
509 2923 656 2986 aliis
704 2923 1008 2988 omnibus
1057 2945 1246 2988 causa
1292 2927 1563 2988 essendi.
1603 2963 1682 2972 —
1723 2928 1867 2989 Am-

1978 1942 2223 2024 losophi
2272 1943 2582 2005 mundum
2627 1952 2931 2016 creatum,
2960 1943 3253 2026 quamvis
3296 1951 3470 2006 aeter·

1975 2059 2130 2101 num
2178 2057 2191 2102 τ
2237 2040 2539 2121 quoniam
2590 2047 2789 2102 totum
2843 2060 3031 2103 suum
3079 2059 3216 2102 esse
3261 2059 3298 2102 a
3343 2040 3470 2102 Deo

1975 2139 2237 2200 sortitus
2266 2145 2380 2200 est.
2406 2139 2696 2200 Secundo
2730 2139 2914 2200 modo
2943 2139 3165 2200 dicunt
3195 2137 3469 2218 theologi

1979 2238 2287 2299 mundum
2329 2256 2366 2299 a
2403 2235 2532 2298 Deo
2572 2244 2873 2298 creatum.
2908 2273 2988 2282 --
3017 2237 3330 2318 Amplius,
3364 2254 3471 2298 no-

1976 2335 2166 2398 bilior
2194 2343 2383 2417 atque
2424 2336 2741 2416 potentior
2770 2343 2865 2397 est
2896 2355 3085 2397 causa
3126 2334 3247 2396 sibi
3290 2334 3471 2396 suffi-

1975 2435 2150 2496 ciens
2181 2435 2257 2495 ad
2290 2441 2491 2496 totum
2524 2433 2827 2496 effectum
2859 2434 3467 2514 causandum‚quam

1973 2551 2102 2594 non
2152 2531 2485 2594 sufficiens
2533 2533 2611 2594 ad
2661 2532 2798 2594 hoc.
2854 2531 3053 2595 Causa
3109 2531 3315 2612 prima
3363 2548 3470 2613 po-

1976 2630 2333 2692 tentissima
2360 2649 2433 2692 ac
2467 2629 2866 2693 nobilissima
2904 2637 2998 2691 est
3034 2649 3047 2692 ε
3084 2636 3286 2692 totum
3321 2646 3471 2711 ergo

1979 2729 2291 2810 producit.
2326 2730 2469 2791 Haec
2512 2730 2747 2792 Petrus.
2774 2765 2855 2774 —
2883 2729 3055 2790 Idem
3099 2727 3467 2790 Richardus.

2057 2827 2496 2889 Bonaventura
2543 2827 2799 2890 demum
2852 2827 2957 2889 hic
3009 2827 3336 2909 loquitur:
3372 2826 3475 2889 Se·

1979 2927 2260 2987 cundum
2298 2925 2620 3006 theologos
2654 2934 2843 3006 atque
2874 2925 3308 3008 philosophOS,
3341 2943 3473 2987 om-

372 3023 563 3104 111183,
598 3023 954 3085 secundum
985 3025 1274 3087 ordinem
1306 3024 1656 3086 effectuum
1690 3043 1870 3106 opor·
1902 3025 1946 3087 C
1979 3041 2092 3084 nes
2143 3041 2243 3084 res
2294 3023 2629 3085 mundanae
2678 3023 3037 3085 habuerunt
3079 3022 3469 3103 principium

369 3127 458 3182 tet
487 3120 781 3183 ordinem
817 3140 956 3183 esse
992 3140 1326 3184 causarum
1363 3140 1375 3184 ε
1412 3122 1564 3203 (1818
1595 3123 1867 3185 effectus

371 3219 502 3280 suis
563 3218 1022 3300 proportionati
1084 3227 1232 3282 sunt
1280 3221 1506 3282 088313.
1561 3221 1866 3294 Quemad-

375 3318 634 3379 modum
669 3317 864 3397 igitur
893 3318 1161 3381 effect-us
1201 3319 1442 3401 proprii
1476 3320 1870 3381 reducuntur

373 3416 436 3477 in
467 3415 760 3498 proprias
793 3434 1024 3488 causas,
1046 3416 1132 3478 ita
1162 3417 1326 3496 quod
1359 3415 1700 3478 effectibus
1730 3435 1870 3498 pro-

373 3513 530 3595 priis
561 3521 656 3574 est
687 3531 1049 3584 commune,
1083 3519 1327 3594 oportet
1359 3514 1578 3576 reduci
1621 3514 1686 3576 in
1729 3533 1869 3576 cau-

373 3630 504 3673 sam
548 3627 976 3673 communem.
1013 3610 1345 3692 Quumque
1381 3630 1520 3674 esse
1553 3612 1869 3674 universis

372 3708 715 3772 effectibus
747 3708 830 3770 sit
859 3726 1218 3784 commune,
1252 3717 1500 3792 oportet
1533 3711 1745 3792 ipsum
1779 3731 1870 3773 re-

373 3807 518 3869 duci
567 3807 632 3869 in
685 3807 967 3888 aliquam
1027 3825 1280 3869 causam
1341 3828 1484 3890 quae
1541 3809 1623 3870 sit
1679 3828 1872 3890 supra

373 3924 594 3968 omnes
647 3924 886 3967 causas,
939 3906 1147 3967 Prima
1198 3915 1413 3968 autem
1467 3926 1656 3969 causa
1704 3908 1870 3968 Deus

373 4013 484 4066 est.
532 4039 612 4050 -
655 4005 917 4078 1181383,
964 4005 1132 4084 quod
1176 4024 1291 4086 per
1331 4005 1671 4066 essentiam
1716 4006 1869 4067 dici-

373 4111 494 4176 tur,
529 4122 721 4166 08838
757 4108 848 4164 331
880 4102 1166 4164 01881818
1209 4123 1350 4184 (1813
1385 4123 1500 4184 per
1538 4103 1873 4185 participa-

376 4201 612 4264 tionem
663 4199 966 4262 dicuntur
1013 4217 1026 4261 ε

373 4319 482 4361 383
527 4319 644 4381 per
687 4299 1048 4360 essentiam.
1095 4298 1236 4361 Haec
1283 4297 1390 4360 ibi.
1435 4298 1550 4361 Ubi
1597 4307 1659 4360 et
1703 4299 1869 4361 istud

376 4397 820 4480 multipliciter
868 4396 1336 4478 comprobatur.
1381 4397 1616 4458 Verum
1667 4397 1871 4459 brevi-

375 4497 482 4558 tati
527 4496 814 4568 studenS‚
858 4494 1180 4558 abbrevio.

452 4593 806 4658 concordat
851 4594 1070 4655 Petrus
1115 4610 1128 4654 :
1173 4592 1427 4674 Triplex
1465 4593 1741 4673 (dicens)
1778 4600 1873 4654 est

379 4693 600 4754 modus
669 4691 1105 4773 productionis
1167 4691 1440 4772 alicujus
1498 4710 1575 4752 ex
1632 4690 1868 4772 aliquo,

376 4790 641 4863 scilicet,
675 4796 786 4852 aut
825 4789 904 4850 de
945 4807 1060 4850 sua
1101 4796 1347 4861 natura,
1381 4796 1487 4850 881
1527 4789 1604 4849 (13
1643 4788 1870 4860 811388,

377 4897 482 4950 aut
510 4888 588 4950 de
620 4885 816 4948 nulla.
851 4885 1100 4948 Primus
1130 4894 1225 4948 est
1255 4886 1612 4966 generatim
1655 4905 1876 4948 secun—

379 4987 514 5060 dus,
551 4985 781 5063 facti03
814 4984 1064 5059 1311183,
1097 4985 1349 5046 creatio.
1386 4986 1720 5065 Quumque
1750 5002 1876 5046 om-

381 5084 474 5146 nis
524 5090 706 5146 actus
765 5081 1002 5144 nobilis
1064 5082 1424 5145 includatur
1473 5083 1536 5144 in
1589 5082 1877 5163 omnipo-

383 5181 596 5255 tentia,
631 5187 884 5265 oportet
925 5181 1038 5243 1103
1075 5188 1202 5243 1133
1240 5189 1417 5243 80183
1456 5179 1875 5263 omnipotenti

388 5280 510 5343 Deo
552 5279 938 5343 adscribere.
974 5279 1460 5361 Omnipotentiae
1503 5278 1742 5360 quippe
1785 5287 1881 5342 est

1980 3121 2451 3202 productivum,
2487 3128 2621 3182 tum
2665 3128 2926 3203 propter
2964 3139 3175 3182 rerum
3215 3120 3474 3182 varieta-

1979 3227 2131 3290 tem,
2186 3226 2320 3280 tum
2380 3226 2636 3300 propter
2682 3237 2901 3280 381818
2956 3217 3466 3292 mutabilitatem,

1982 3325 2115 3378 tum
2149 3324 2409 3398 propter
2442 3336 2652 3378 rerum
2689 3317 3000 3390 ordinem,
3039 3323 3171 3378 tum
3212 3324 3471 3398 propter

1979 3433 2198 3477 earum
2233 3414 2800 3496 imperfectionem.
2830 3414 3165 3476 Multitudo
3194 3432 3469 3495 namque

1980 3521 2191 3576 ortum
2238 3513 2424 3574 habet
2464 3512 2542 3574 ab
2586 3513 2846 3586 unitate,
2879 3521 2942 3574 et
2982 3520 3191 3574 motus
3226 3531 3299 3574 80
3338 3531 3473 3573 188-

1981 3611 2175 3674 tabile
2203 3611 2282 3673 ab
2316 3611 2736 3689 immutabili3
2769 3612 2923 3674 ordo
2954 3629 3207 3692 quoque
3236 3611 3315 3673 ad
3346 3610 3472 3692 pri-

1984 3729 2184 3784 mum,
2207 3717 2269 3770 et
2300 3708 2745 3792 imperfectum
2782 3709 2859 3770 ad
2893 3707 3270 3790 perfectum,
3292 3708 3475 3791 origi·

1984 3807 2209 3870 naliter
2238 3827 2311 3869 ac
2342 3807 2629 3869 ultimate
2662 3806 3469 3888 reducuntur.—Denique,

1983 3906 2152 3988 quod
2194 3923 2320 3967 non
2360 3913 2455 3967 est
2484 3904 2564 3966 ab
2594 3906 2740 3979 8110,
2774 3913 2869 3966 331
2900 3925 2936 3965 8
2966 3923 3032 3966 33
3063 3905 3223 3986 ipso,
3258 3912 3318 3966 et
3350 3906 3472 3967 tale

1983 4021 2110 4066 non
2155 4003 2395 4084 indiget
2436 4003 2561 4064 alio
2599 4011 2669 4064 ut
2712 4003 2811 4064 sit..
2858 4002 2978 4064 Sed
3015 4019 3204 4064 omne
3250 4002 3473 4064 intrin-

1983 4120 2199 4164 secum
2243 4101 2633 4183 principium
2675 4101 2764 4162 rei
2811 4100 3049 4181 indiget
3080 4099 3207 4161 alio
3234 4099 3312 4161 ad
3353 4100 3474 4162 hoc

1081 4200 1251 4262 solus
1299 4208 1512 4262 autem
1562 4202 1728 4263 Deus
1777 4210 1871 4263 est
1901 4199 1952 4262 D
1982 4201 2150 4282 quod
2193 4201 2295 4273 sit,
2331 4198 2630 4280 quoniam
2674 4197 2877 4260 forma
2914 4205 3055 4278 eget
3096 4197 3380 4271 materia,
3412 4205 3477 4260 et

1983 4305 2240 4361 econtra
2293 4315 2307 4359 :
2361 4305 2703 4378 utrumque
2761 4313 2911 4377 ergo
2958 4315 2994 4357 a
3048 4296 3174 4358 Deo
3231 4303 3345 4358 est.
3396 4329 3478 4342 —-

1983 4399 2243 4470 RursuS,
2277 4396 2570 4459 efficiens
2610 4402 2672 4456 et
2705 4394 2879 4468 finis»,
2912 4402 3060 4456 sunt
3100 4413 3306 4457 causae
3346 4413 3478 4457 cor-

1985 4495 2284 4568 relativae,
2318 4501 2387 4554 ut.
2424 4493 2704 4556 secundo
2741 4491 3180 4575 Metaphysicae
3217 4492 3471 4555 dicitur.

1986 4593 2145 4673 Ergo
2206 4592 2370 4672 quod
2432 4609 2558 4653 non
2610 4597 2709 4653 est.
2754 4590 2835 4652 ab
2884 4590 3028 4662 alio,
3080 4608 3205 4652 non
3256 4598 3352 4652 est
3397 4592 3475 4652 ad

1983 4690 2177 4752 aliud.
2212 4689 2332 4752 Sed
2363 4689 2578 4751 omnia
2615 4695 2763 4750 sunt
2793 4688 2870 4750 ad
2910 4687 3082 4749 aliud
3123 4688 3473 4749 secundum

1985 4807 2175 4850 omne
2223 4787 2390 4868 quod
2440 4795 2589 4848 sunt
2630 4805 2644 4849 :
2688 4786 2837 4868 quia
2885 4784 3237 4847 secundum
3287 4803 3475 4846 omne

1985 4888 2156 4969 quod
2191 4893 2359 4959 sunt,
2391 4892 2700 4966 appetunt
2733 4884 2994 4956 bonum,
3028 4889 3090 4946 et
3118 4890 3317 4944 status
3347 4901 3475 4946 non

1985 4992 2082 5046 est
2112 4983 2237 5045 nisi
2268 4982 2333 5044 in
2364 5000 2615 5044 summo
2646 4981 2829 5043 bono.
2862 4981 2939 5042 Et
2968 4979 3136 5061 quod
3169 4979 3329 5043 ratio
3358 4980 3479 5043 ista

1988 5081 2248 5143 exsistat
2298 5080 2543 5153 idonea,
2576 5078 2668 5141 sic
2718 5078 3024 5158 probatur
3065 5097 3079 5140 :
3124 5076 3367 5140 Bonum
3416 5085 3481 5140 et

1989 5199 2104 5242 ens
2147 5185 2621 5240 convertuntur.
2668 5175 2829 5256 Ergo
2876 5176 3043 5256 quod
3090 5194 3157 5236 se
3202 5175 3341 5256 ipso
3382 5182 3479 5237 est

1991 5297 2126 5352 383,
2172 5295 2238 5338 33
2281 5276 2420 5357 ipso
2462 5281 2557 5337 est
2597 5273 2835 5336 bonum
2880 5291 3012 5335 ens.
3053 5273 3227 5346 Quod
3265 5280 3479 5335 autem
