4334 6242
137 2199 280 2242 Hebr.
295 2213 326 2252 ι,
345 2203 410 2242 ¹4.

155 2982 390 3025 Manlau

138 3050 180 3080 δὴ·

161 5294 311 5338 Hebr.

143 5359 157 5398 1
170 5362 208 5401 t.

509 537 730 594 QUAEST.
767 537 790 584 1
825 538 838 582 :
875 539 1076 586 mmm
1108 539 1308 586 OMNES
1341 537 1624 585 ANGBLtct
1664 538 1932 586 sPthTth
1967 538 2337 586 utNts‘rRENT
2370 539 2481 585 SEU
2518 539 2581 586 IN
2606 538 3009 586 lesTnmUn
3041 539 3389 586 m‘rTANTUR
3429 517 3551 584 519

758 837 1237 912 QUAESTIO
1303 837 1636 902 PRIMA

566 1103 701 1165 Irca
746 1103 910 1164 hanc
953 1101 1187 1164 diversi
1234 1102 1436 1164 varias
1484 1109 1739 1164 movent
1778 1120 1944 1182 qum-

596 1202 854 1274 stioneS‚
900 1200 1198 1262 videlicet
1252 1217 1266 1261 τ
1315 1219 1396 1262 an
1459 1217 1678 1261 omues
1733 1200 1940 1278 angeli

441 1300 645 1362 sancti
686 1299 1050 1362 ministrent
1083 1317 1195 1360 seu
1235 1299 1314 1360 ad
1343 1298 1656 1360 exteriora
1694 1298 1945 1360 mittan-

441 1407 566 1473 tur,
617 1417 698 1460 an
757 1415 980 1460 omnes
1035 1396 1394 1474 adsistant;
1444 1404 1508 1457 et
1565 1415 1806 1470 rursus,
1861 1415 1943 1458 an

443 1497 636 1559 iidem
700 1496 1064 1558 ministrent
1117 1503 1180 1556 et
1236 1494 1583 1573 adsistant3
1637 1496 1938 1576 itemque,

441 1595 552 1677 qui
613 1594 1000 1668 ministrent,
1049 1601 1112 1654 et
1166 1593 1278 1674 qui
1336 1593 1660 1654 adsistant.
1713 1593 1944 1655 Verum

441 1712 644 1775 quum
688 1692 824 1754 istae
867 1691 1390 1772 condependeant
1429 1690 1830 1771 quaestioneS,
1862 1691 1942 1753 de

440 1791 741 1854 omnibus
772 1791 938 1854 facio
981 1809 1173 1853 unam
1211 1791 1375 1853 hanc
1410 1808 1424 1851 :
1459 1791 1748 1858 'Utrum
1779 1806 1937 1858 om-

1969 708 2020 772 A
2051 709 2160 772 bat
2187 710 2526 793 Apostolus
2564 711 3004 774 excellentiam
3044 711 3186 775 Filii
3215 711 3327 774 Dei
3359 729 3553 793 super

2051 809 2309 888 angelos
2348 809 2699 884 universos,
2735 811 2905 892 quod
2942 810 3149 891 angeli
3179 827 3401 873 omnes
3439 809 3552 872 Dei

2050 907 2367 969 exsistunt
2398 906 2697 982 ministri,
2732 907 3017 970 Christus
3046 925 3199 970 vero
3235 916 3331 971 est
3369 908 3554 970 heres

2050 1011 2113 1065 et
2153 1003 2331 1066 filius
2370 1005 2674 1067 naturalis
2710 1023 2723 1067 ε
2758 1025 2899 1087 quae
2945 1004 3232 1086 probatio
3276 1023 3403 1068 non
3443 1006 3553 1068 ha-

2051 1101 2229 1164 beret
2260 1122 2652 1185 processum,
2686 1104 2809 1166 nisi
2842 1122 3063 1167 omnes
3096 1105 3403 1167 veraciter
3434 1104 3551 1166 mi-

2051 1201 2391 1263 nistrarent
2421 1221 2495 1264 ac
2537 1202 2960 1266 mitterentur.
2994 1239 3075 1248 —-
3105 1203 3407 1284 Septimo,
3440 1202 3550 1264 Mi-

2052 1299 2225 1361 chael
2254 1300 2604 1382 appellatur
2634 1302 3002 1382 praepositus
3035 1300 3552 1382 paradisiznihilo

2053 1397 2266 1459 minus
2310 1397 2604 1473 mittitur,
2651 1406 2723 1460 ut
2764 1399 2981 1462 Daniel
3026 1399 3324 1461 insinuat.

2131 1495 2401 1558 Econtra
2442 1497 2693 1559 videtur
2737 1498 2904 1579 quod
2949 1515 3169 1560 omnes
3217 1497 3542 1559 adsistant.

2051 1593 2281 1666 Primo,
2316 1595 2617 1675 quoniam
2658 1595 2957 1677 Raphael,
2990 1596 3099 1677 qui
3144 1595 3375 1657 missus
3424 1593 3549 1656 fuit

2050 1692 2128 1753 ad
2178 1691 2460 1767 Tobiam‚
2514 1693 2768 1755 disserit
2815 1711 2829 1754 :
2880 1694 3009 1774 Ego
3055 1713 3194 1756 sum
3245 1693 3543 1775 Raphael,
3580 1704 3837 1756 Tabana-'2-

2051 1807 2219 1850 unus
2249 1789 2328 1851 de
2367 1797 2609 1871 septem
2643 1791 2751 1872 qui
2792 1792 3113 1853 adstamus
3147 1799 3293 1854 ante
3322 1792 3543 1854 Deum.

3592 1417 3710 1462 Dan.
3724 1420 3837 1468 x.¹3.

439 1905 582 1956 nes
650 1891 1002 1970 angeltct
1071 1891 1409 1972 spiritus
1477 1887 1938 1955 ministrent
1975 1890 2023 1952 Β
2053 1886 2173 1948 Sed
2213 1895 2358 1950 ante
2396 1888 2597 1950 Deum
2634 1889 2879 1951 adstare
2919 1908 3030 1953 seu
3071 1897 3257 1965 stare,
3290 1897 3385 1952 est
3422 1889 3550 1953 Deo

440 2003 584 2054 seu
624 1990 712 2054 111
753 1986 1294 2055 ministerium
1335 1985 1782 2053 mittantur.

519 2087 784 2148 Videtur
811 2087 983 2168 quod
1012 2086 1123 2147 sic.
1159 2084 1389 2158 Prim0,
1423 2083 1575 2166 quia
1601 2084 1938 2165 Apostolus

437 2185 529 2247 ait
563 2203 578 2247 ε
610 2185 831 2248 Nonne
863 2203 1084 2246 omnes
1123 2183 1647 2246 administratorii
1679 2183 1940 2265 spiritus

438 2289 610 2354 sunt,
665 2281 730 2344 in
789 2281 1218 2344 ministerium
1280 2280 1460 2342 missi
1521 2287 1779 2361 propter
1834 2297 1941 2342 eos

439 2380 550 2462 qui
583 2379 1000 2442 hereditatem
1033 2378 1294 2460 capiunt
1322 2378 1582 2440 salutis?
1611 2414 1692 2422 —
1711 2378 1942 2440 Secun-

187 2507 208 2535 ι
265 2507 292 2534 -1
369 2525 382 2538 .
439 2480 544 2552 do,
568 2478 872 2561 quoniam
903 2477 1092 2539 Isaias
1123 2477 1231 2551 ait,
1253 2477 1502 2539 Volavit
1531 2477 1607 2538 ad
1643 2495 1744 2538 me
1778 2495 1940 2538 unus

439 2578 517 2639 de
569 2575 902 2657 Seraphim
937 2593 950 2636 :
986 2575 1096 2656 qui
1140 2581 1236 2636 est
1278 2575 1433 2637 ordo
1483 2593 1839 2656 supremus
1876 2575 1938 2636 Si

439 2693 589 2756 ergo
629 2674 972 2736 mittuntur
1010 2674 1086 2735 dc
1129 2673 1261 2745 illo,
1298 2672 1496 2753 magis
1539 2673 1616 2734 de
1657 2672 1942 2754 quolibet

439 2774 662 2836 ordine
713 2771 1020 2834 inferiori.
1055 2807 1136 2816 -
1177 2770 1408 2843 Terti0,
1456 2770 1687 2833 divinae
1735 2777 1800 2832 et
1847 2771 1940 2831 in—

439 2879 666 2934 creatae
697 2886 1004 2952 personae,
1025 2868 1220 2930 Filius
1251 2876 1313 2930 et
1345 2868 1618 2948 Spiritus
1651 2868 1937 2940 Sanctus,

393 3009 410 3032 2
441 2969 620 3032 missi
652 2975 822 3040 sunt,
854 2974 916 3028 et
947 2966 1142 3028 Filius
1176 2965 1582 3038 ministravit,
1607 2965 1716 3047 qui
1747 2965 1939 3028 etiam

2051 1985 2377 2047 adsistere.
2412 2021 2493 2031 —
2521 1987 2613 2048 Ex
2644 1987 2867 2050 eodem
2898 1989 3185 2070 arguitur
3214 1989 3305 2051 sic
3336 2007 3555 2050 secun-

2052 2083 2181 2146 do:
2216 2084 2285 2144 ln
2334 2083 2548 2147 verbis
2598 2085 2747 2160 illis,
2796 2105 2909 2167 per
2957 2086 3388 2168 septenarium
3434 2107 3551 2149 nu-

2055 2201 2304 2245 merum
2353 2183 2733 2245 universitas
2788 2185 3113 2266 designata
3158 2192 3253 2246 est
3299 2185 3550 2265 angelo·

2055 2299 2221 2352 rum,
2274 2282 2811 2362 quemadmodum
2862 2283 2925 2344 in
2974 2282 3375 2365 Apocalypsi,
3422 2300 3550 2364 quo

2052 2378 2290 2441 dicitur
2323 2398 2336 2441 ε
2372 2379 2583 2443 Gratia
2629 2379 2811 2442 vobis
2860 2389 2925 2443 et
2972 2400 3092 2462 pax
3140 2400 3177 2443 a
3224 2380 3370 2455 Dec,
3404 2389 3467 2442 et
3515 2399 3553 2443 a
3594 2401 3733 2456 Apoc.
3753 2412 3780 2450 ι,
3800 2400 3841 2442 4.

2051 2484 2295 2559 septem
2330 2477 2663 2558 spiritibus
2704 2479 2818 2560 qui
2858 2478 2923 2540 in
2954 2487 3298 2560 conspectu
3340 2479 3551 2541 throni

2049 2575 2193 2655 ejus
2242 2583 2409 2637 sunt..
2465 2576 2626 2656 Ergo
2676 2575 2958 2638 universi
3008 2576 3341 2639 adsistunt.
3390 2577 3551 2651 Quid

2049 2673 2223 2734 enim
2264 2681 2359 2735 est
2402 2673 2526 2736 Deo
2568 2673 2895 2746 adsistere,
2928 2673 3053 2735 nisi
3097 2674 3163 2736 in
3204 2683 3549 2756 conspectu

2051 2769 2262 2832 throni
2314 2771 2453 2851 ejus
2502 2789 2641 2833 esse
2688 2777 2751 2832 et
2800 2774 3005 2833 stare?
3034 2806 3115 2816 —
3143 2771 3373 2846 Tertio,
3419 2772 3551 2852 regi

2050 2868 2379 2942 adsistere,
2412 2875 2508 2930 est
2539 2875 2913 2949 praesentem
2955 2869 3096 2949 ejus
3126 2869 3375 2931 vultum
3406 2887 3551 2932 con-

2051 2965 2319 3046 spicere.
2355 2965 2473 3028 Sed
2526 2965 2603 3027 de
2652 2965 2894 3046 angelis
2944 2965 3155 3028 infimi
3206 2966 3405 3040 chori,
3438 2967 3550 3048 qui

437 3065 791 3129 secundum
855 3071 1146 3125 naturam
1205 3071 1620 3144 assumptam,
1682 3071 1942 3145 propter
1975 3067 2020 3132 C
2051 3063 2387 3126 hominum
2420 3071 2569 3125 sunt
2597 3064 2912 3138 custodeS,
2946 3063 3233 3126 Christus
3263 3063 3496 3127 fatetur
3530 3082 3544 3126 ε

437 3163 897 3248 hypostaticam
950 3161 1091 3243 ejus
1151 3180 1297 3223 cum
1347 3160 1552 3223 Verbo
1611 3161 1936 3236 unionem,

437 3261 686 3325 cunctis
734 3260 976 3341 angelis
1024 3267 1226 3322 exstat
1270 3259 1641 3337 sublimior;
1673 3268 1735 3320 et
1784 3260 1937 3340 ipsae

436 3361 670 3423 divinae
711 3376 994 3440 personae
1037 3357 1101 3419 in
1143 3358 1470 3420 infinitum
1507 3364 1736 3420 cuncta
1773 3365 1938 3419 tran-

437 3459 752 3522 scendunt
792 3463 1001 3518 creata
1035 3474 1050 3518 :
1087 3456 1287 3517 multo
1329 3455 1522 3535 igitur
1561 3456 1703 3536 plus
1743 3456 1932 3519 etiam

435 3556 706 3620 summis
769 3554 1010 3636 angelis
1074 3553 1371 3617 convenit
1432 3553 1792 3616 ministrare
1862 3573 1935 3616 ac

437 3655 624 3718 mitti.
655 3689 736 3699 -—-—
766 3655 1022 3728 Quarto,
1054 3652 1262 3733 angeli
1293 3670 1370 3712 ex
1403 3651 1685 3725 caritate,
1718 3652 1934 3733 digna—

433 3755 606 3815 tione
655 3759 718 3813 et
766 3751 1123 3812 humilitate
1173 3749 1358 3812 nobis
1410 3748 1774 3811 ministrant
1823 3749 1936 3812 mi-

434 3849 700 3912 nisterio
748 3848 1094 3928 dignitatiS,
1126 3847 1695 3911 administrationis
1743 3855 1934 3929 atque

435 3946 821 4030 praelationis
873 3963 887 4007 ε
940 3946 1108 4026 quod
1171 3945 1600 4027 superioritati
1659 3964 1784 4008 non
1834 3947 1936 4008 de-

437 4053 634 4128 rogat,
686 4045 795 4107 sed
845 4053 1083 4127 quanto
1133 4053 1279 4106 sunt
1327 4044 1708 4126 superioreS,
1765 4052 1935 4106 tanto

434 4143 878 4208 abundantiori
922 4143 1202 4214 caritate,
1236 4142 1598 4222 dignatione
1633 4150 1696 4204 et
1723 4143 1932 4204 humi-

2048 3160 2273 3240 Angeli
2318 3179 2539 3224 eorum
2585 3160 2651 3223 in
2697 3162 2858 3226 coelo
2902 3180 3156 3244 semper
3193 3163 3412 3225 vident
3458 3162 3547 3226 fa·
3629 3179 3806 3224 Μαεειι.

2049 3259 2213 3320 ciem
2265 3259 2463 3322 Patris
2506 3259 2654 3322 mei.
2688 3296 2769 3304 —
2798 3261 3049 3334 Quarto,
3086 3260 3151 3324 in
3194 3260 3309 3324 Job
3357 3261 3549 3324 habe-
3574 3255 3690 3294 '‘m'’
3724 3247 3787 3286 ¹⁰·

2045 3365 2152 3418 tur
2186 3375 2200 3418 ε
2236 3359 2494 3420 Factum
2535 3367 2631 3420 est
2669 3359 2941 3440 quadam
2984 3359 3109 3433 die,
3144 3379 3345 3441 quum
3383 3359 3547 3422 adsi-
3610 3375 3741 3428 1001,
3761 3379 3802 3419 e.

2047 3463 2283 3516 sterent
2316 3455 2437 3517 filii
2467 3457 2578 3518 Dei
2611 3474 2817 3518 coram
2848 3457 3133 3530 Domino,
3148 3457 3353 3520 adsuit
3384 3457 3549 3519 inter

2045 3571 2153 3614 eos
2200 3553 2389 3615 etiam
2447 3554 2653 3617 Satan.
2706 3553 2868 3635 Ergo
2918 3563 2981 3616 et
3026 3555 3288 3636 angelus
3342 3556 3547 3618 malus

2044 3649 2170 3712 Deo
2200 3651 2449 3713 adsistit
2476 3669 2489 3713 ε
2520 3651 2721 3714 multo
2754 3653 2953 3734 magis
2984 3653 3255 3734 quilibet
3281 3653 3545 3734 angelus

2045 3749 2269 3811 bonus.
2317 3749 2651 3830 Gregorius
2698 3768 2951 3832 quoque
3002 3758 3267 3813 testatur
3307 3769 3321 3814 ε
3364 3751 3545 3814 Adsi-

2044 3855 2241 3920 stunt,
2259 3847 2369 3928 qui
2402 3847 2627 3910 intima
2657 3848 3190 3930 contemplatione
3221 3849 3539 3912 fruuntur.

2044 3945 2164 4007 Sed
2208 3946 2327 4007 hoc
2369 3945 2611 4026 angelis
2654 3947 2949 4008 convenit
3001 3947 3335 4010 universis,

2123 4045 2194 4106 In
2243 4045 2632 4106 contrarium
2676 4053 2773 4108 est
2813 4047 3099 4109 doctrina
3147 4047 3349 4110 divini
3396 4047 3538 4110 Dio·
3586 4069 3833 4114 memnone.

2044 4141 2207 4224 nysii
2240 4143 2304 4203 in
2336 4142 2587 4210 Coelesti
2620 4143 3006 4221 hierarchia,
3028 4151 3091 4206 et
3120 4145 3289 4225 quod
3318 4144 3535 4208 Daniel
3567 4133 3661 4176 '¹¹⁶¹'
3665 4145 3744 4176 ··⁶
3776 4147 3833 4184 ''¹’

436 4243 609 4306 litate
639 4250 785 4305 sunt
819 4241 1041 4324 pleni:
1075 4259 1224 4321 ergo
1256 4241 1572 4322 supremis
1605 4241 1932 4322 potissime
1963 4245 2012 4306 D
2041 4239 2149 4313 ait,
2182 4239 2378 4301 Millia
2418 4239 2697 4302 millium
2738 4241 3186 4304 ministrabant
3217 4243 3297 4317 ei,
3331 4250 3393 4305 et
3432 4243 3536 4305 de·
3565 4267 3682 4310 Dan.

437 4341 743 4423 competit
775 4340 1153 4402 ministrare.
1178 4374 1259 4385 -—-
1288 4339 1540 4412 Quinto,
1574 4339 1738 4401 servi
1782 4340 1931 4402 boni

438 4450 500 4502 ct
529 4438 804 4502 humiles
837 4455 951 4499 suo
983 4455 1048 4498 se
1088 4436 1348 4499 domino
1388 4436 1661 4498 libenter
1691 4437 1935 4499 consor-

437 4546 636 4612 mant‚
669 4545 732 4599 et
775 4537 915 4617 ejus
959 4544 1279 4598 sectantur
1317 4536 1582 4617 vestigia
1623 4544 1686 4597 et
1729 4555 1936 4598 exem-

437 4638 560 4721 pla.
606 4638 811 4711 Quum
863 4634 1055 4715 igitur
1101 4634 1381 4696 universi
1431 4634 1637 4715 angeli
1679 4635 1936 4697 videant

437 4757 627 4799 suum
686 4743 1058 4807 creatorem,
1107 4735 1308 4796 Deum
1358 4753 1430 4796 ac
1485 4733 1816 4795 dominum
1867 4753 1934 4795 se

437 4842 684 4898 tantum
733 4833 1126 4906 humiliasse,
1164 4834 1332 4914 quod
1377 4832 1608 4894 missus
1650 4831 1824 4894 venit
1874 4837 1937 4894 et

437 4933 702 4996 servivit
743 4930 1134 5004 hominibuS‚
1167 4931 1421 4993 videtur
1462 4931 1629 5013 quod
1674 4949 1821 4993 eum
1871 4930 1934 4992 in

439 5033 560 5097 hoc
593 5031 830 5114 passim
861 5037 1225 5110 sequantur.
1243 5029 1392 5104 Quis
1423 5030 1595 5091 enim
1625 5029 1934 5091 baronum

442 5137 550 5192 aut
579 5128 858 5190 militum
892 5144 1015 5189 non
1046 5126 1319 5188 libenter
1351 5127 1662 5188 ministret
1694 5126 1938 5206 vulgari

387 5228 620 5336 ‘plebi
662 5228 740 5290 ad
781 5244 1089 5299 mensam,
1123 5227 1178 5288 si
1214 5226 1422 5289 videat
1463 5226 1806 5307 ipsummet.
1843 5243 1940 5284 re-

387 5297 592 5408 ¹gem
642 5326 708 5387 id
749 5327 970 5406 agere?
1000 5359 1080 5370 —
1109 5324 1316 5399 Sext0‚
1348 5324 1424 5386 ad
1469 5323 1758 5387 Hebraeos
1804 5339 1941 5403 pro-

2044 4339 2172 4400 cies
2204 4337 2438 4400 millies
2469 4347 2736 4402 centena
2775 4340 2978 4402 millia
3006 4340 3393 4404 adsistebant
3423 4343 3531 4405 ei:

2044 4437 2344 4518 quocirca
2390 4435 2625 4498 fatetur
2666 4436 3023 4518 GregoriuS,
3069 4438 3192 4501 Alii
3235 4447 3383 4501 sunt
3424 4440 3536 4522 qui

2044 4534 2380 4607 adsistunt,
2421 4542 2479 4597 et
2524 4535 2632 4596 alii
2676 4535 2785 4617 qui
2830 4536 3216 4600 ministrant.

2125 4731 2303 4794 Circa
2350 4732 2484 4795 haec
2534 4732 2734 4795 multa
2784 4733 3123 4814 interrogat
3161 4734 3533 4798 Alexander.

2043 4829 2275 4902 Primo,
2310 4850 2389 4891 an
2419 4831 2627 4911 angeli
2658 4851 2695 4894 a
2724 4832 2858 4894 solo
2887 4833 3015 4894 Deo
3050 4833 3399 4896 mittantur.
3434 4834 3539 4896 vi-

2045 4929 2231 4990 detur
2278 4929 2444 5011 quod
2492 4929 2582 4991 sic
2632 4947 2645 4991 :
2697 4929 2847 5012 quia
2892 4948 3114 4993 omnes
3156 4939 3304 4994 sunt
3351 4933 3539 4995 mini-

2046 5027 2324 5089 stratorii
2374 5027 2637 5110 spiritus
2686 5029 2820 5101 Dei,
2863 5048 2987 5091 non
3041 5049 3205 5092 unus
3254 5031 3535 5094 alteriuS.

2045 5161 2126 5172 ——
2153 5125 2512 5206 Respondet
2546 5126 2643 5189 :A
2683 5127 2816 5189 solo
2864 5127 2985 5190 Deo
3027 5136 3122 5190 est
3164 5130 3383 5192 missio
3431 5149 3542 5193 an-

2047 5225 2333 5304 gelorum
2382 5225 2845 5288 auctoritative.
2890 5226 3061 5288 Unus
3097 5246 3249 5290 vero
3289 5228 3369 5291 ab
3413 5230 3539 5293 alio

2051 5322 2325 5384 mittitur
2365 5321 2739 5384 auctoritate
2783 5329 2846 5384 et
2888 5325 3335 5390 commissione
3378 5327 3537 5392 divi-
