4334 6242
847 461 930 528 54
1545 483 1608 528 m
1649 482 1870 528 mamm
1911 482 1956 528 11
1997 480 2479 528 sssNrENrrAnuu.
2525 497 2607 508 —-
2646 478 2799 526 msr.
2847 480 2908 543 ¹3
2952 480 3175 536 QuAEs‘r.
3221 478 3267 526 11

855 655 1097 717 oriatur
1131 673 1145 717 τ
1178 656 1346 737 quod
1387 661 1483 716 est
1521 655 1739 717 creari.
1775 655 1999 718 Creare
2042 654 2217 716 enim
2257 661 2351 715 est
2386 652 2436 714 Α
2549 654 2739 716 Porro
2778 654 2843 715 in
2891 654 3100 735 prima
3148 661 3323 736 parte
3367 654 3665 728 Summae,
3706 653 3957 735 quaesti·

859 754 924 816 in
975 773 1112 816 esse
1163 754 1509 836 producere
1561 772 1694 814 rem
1753 754 2104 816 secundum
2155 760 2349 815 totam

857 869 1038 912 suam
1089 851 1527 914 substantiam.
1581 887 1658 897 —
1707 853 1992 933 Denique
2039 852 2115 913 ad
2166 851 2353 913 ratio—

859 967 1004 1010 nem
1039 949 1374 1012 creationis
1408 952 1728 1032 pertinent
1757 951 1902 1012 duo,
1919 950 2201 1012 Primum
2234 956 2349 1022 est,

859 1049 1027 1128 quod
1071 1048 1234 1111 nihil
1279 1049 1716 1131 praesupponit
1758 1049 1821 1110 in
1862 1066 1929 1110 re
1970 1068 2112 1131 quae
2153 1048 2351 1109 creari

858 1145 1094 1207 dicitur
1136 1167 1149 1210 :
1192 1154 1253 1208 et
1301 1146 1363 1208 in
1414 1147 1534 1210 hoc
1575 1147 1656 1210 ab
1699 1148 1843 1210 aliis
1893 1146 2355 1209 mutationibus

859 1243 1096 1307 differt.
1115 1246 1447 1309 Generatio
1480 1265 1742 1328 namque
1772 1246 2205 1328 praesupponit
2234 1265 2359 1307 ma·

858 1343 1108 1417 teriam,
1145 1363 1284 1425 quae
1315 1363 1440 1407 non
1481 1353 1840 1425 generatur,
1874 1345 1984 1406 sed
2026 1363 2139 1425 per
2172 1363 2355 1424 gene-

863 1440 1172 1502 rationem
1206 1442 1582 1524 completur,
1609 1449 2026 1505 transmutata
2052 1451 2116 1504 et
2143 1451 2353 1503 actua-

861 1546 924 1601 ta
967 1557 1080 1620 per
1125 1539 1396 1602 formam
1440 1541 1942 1603 substantialem.
1977 1541 2046 1602 In
2090 1540 2355 1622 reliquis

860 1654 1012 1699 vero
1063 1638 1520 1700 mutationibus
1581 1639 2093 1721 praesupponitur
2147 1639 2357 1719 subje-

863 1743 1038 1797 ctum
1078 1736 1245 1817 quod
1287 1746 1383 1799 est
1412 1757 1524 1799 ens
1567 1737 1976 1820 completum.
2011 1738 2170 1799 Hinc
2211 1757 2354 1800 cau-

2465 768 2585 813 one
2646 751 3129 833 quadragesima
3188 751 3411 833 quinta
3462 769 3477 814 z
3527 751 3664 814 Non
3720 750 3951 824 solum,

2467 849 2694 930 inquit,
2747 850 3145 912 considerare
3193 857 3439 932 oportet
3490 850 3953 913 emanationem

2466 948 2865 1030 particularis
2910 948 3073 1011 entis
3117 949 3198 1012 ab
3238 957 3382 1010 ente
3428 948 3815 1030 particulari,
3848 949 3959 1010 sed

2465 1046 2931 1110 emanationem
2974 1065 3227 1129 quoque
3268 1047 3460 1110 totius
3500 1048 3665 1109 entis
3700 1067 3737 1110 a
3771 1067 3959 1109 causa

2468 1146 2833 1220 universali,
2895 1164 3035 1228 quae
3094 1147 3259 1208 Deus
3318 1154 3414 1208 cst
3470 1165 3484 1210 ε
3543 1164 3733 1228 quam
3792 1165 3961 1208 ema-

2466 1245 2786 1307 nationem
2838 1245 3176 1307 creationis
3224 1245 3483 1307 nomine
3532 1245 3956 1326 designamus,

2466 1344 2641 1417 Quod
2682 1351 2895 1405 autem
2938 1344 3289 1405 secundum
3322 1344 3788 1406 emanationem
3826 1363 3963 1425 par-

2469 1441 2801 1504 ticularem
2874 1442 3180 1523 procedit,
3252 1460 3376 1505 non
3449 1442 3963 1523 praesupponit-ur

2468 1540 2851 1602 emanationi
2898 1557 2912 1601 ε
2956 1539 3122 1602 sicut
3166 1541 3319 1600 dum
3369 1539 3560 1601 homo
3602 1546 3959 1619 generatur,

2472 1639 2649 1720 prius
2686 1657 2810 1701 non
2846 1637 2967 1700 fuit.
2998 1638 3209 1712 hom0,
3244 1639 3353 1700 sed
3396 1639 3586 1700 homo
3616 1637 3690 1699 fit
3724 1658 3800 1699 ex
3834 1657 3961 1700 non

2471 1736 2750 1809 homine,
2803 1745 2863 1799 et
2913 1737 3130 1799 album
3190 1756 3267 1800 ex
3326 1754 3452 1799 non
3510 1736 3673 1799 albo.
3728 1736 3963 1799 Simili-

861 1833 1076 1896 salitas
1133 1835 1494 1915 generantis
1553 1837 1653 1898 vel
1715 1836 2040 1898 alteran'tis
2101 1852 2225 1898 non
2288 1855 2353 1898 se
2395 1840 2442 1901 B
2474 1843 2565 1898 ter
2598 1836 2762 1917 quod
2797 1835 3082 1918 procedit
3113 1835 3462 1897 secundum
3495 1835 3959 1897 emanationem

862 1932 1147 1994 extendit
1192 1934 1269 1994 ad
1329 1951 1518 1996 omne
1571 1935 1632 1996 id
1683 1935 1852 2016 quod
1913 1934 2232 2015 reperitur
2290 1934 2352 1995 in

863 2049 953 2102 re,
985 2031 1094 2092 sed
1133 2031 1209 2093 ad
1250 2030 1520 2094 formam
1553 2052 1693 2114 quae
1725 2033 1801 2094 de
1833 2033 2116 2114 potentia
2157 2032 2222 2093 in
2260 2051 2358 2094 ac-

863 2136 1002 2190 tum
1032 2129 1344 2193 educitur.
1381 2131 1741 2193 Secundum
1775 2138 1891 2204 est,
1921 2139 1992 2192 ut
2023 2131 2088 2192 in
2120 2150 2188 2193 re
2219 2151 2359 2213 quae

865 2234 1134 2301 creatur,
1167 2245 1290 2290 non
1325 2247 1464 2290 esse
1499 2229 1813 2310 praecedat
1843 2249 1981 2291 esse
2017 2247 2030 2290 :
2067 2247 2191 2291 non
2234 2229 2360 2310 pri-

863 2325 1088 2386 oritate
1128 2325 1480 2388 durationis
1521 2333 1631 2388 aut
1671 2327 1999 2407 temporis,
2034 2326 2122 2388 ita
2154 2335 2225 2388 ut
2259 2346 2359 2388 res

863 2424 1044 2506 prius
1093 2441 1219 2486 non
1267 2423 1495 2503 fuerit3
1545 2426 1656 2487 sed
1718 2425 2044 2507 prioritate
2094 2432 2355 2499 naturae,

863 2521 957 2584 sic
1005 2523 1175 2603 quod
1233 2540 1334 2584 res
1392 2531 1600 2584 creata
1647 2523 1700 2585 si
1753 2524 1873 2585 sibi
1937 2523 2355 2605 relinquatur,

865 2628 1290 2701 consequatur
1332 2639 1458 2682 non
1501 2639 1662 2694 esse,
1701 2622 2004 2702 quoniam
2048 2641 2188 2684 esse
2232 2641 2357 2684 non

866 2717 1052 2780 habet
1085 2717 1208 2780 nisi
1239 2737 1314 2779 ex
1349 2717 1688 2780 influentia
1721 2739 1926 2783 causae
1957 2721 2306 2802 superioris
2342 2738 2355 2781 :

865 2815 1044 2898 prius
1074 2815 1309 2877 etenim
1347 2815 1694 2898 unicuique
1730 2818 2102 2880 naturaliter
2133 2837 2359 2881 conve-

866 2913 962 2975 nit
1000 2914 1168 2994 quod
1218 2932 1343 2977 non
1395 2914 1692 2976 convenit
1739 2915 1796 2978 ei
1850 2935 1928 2978 ex
1976 2916 2122 2990 alio,
2164 2937 2355 2998 quam

2470 1933 2919 2006 universalem,
2972 1951 3099 1995 non
3149 1933 3665 2014 praesupponitur
3710 1952 3961 1995 emana-

2470 2031 2626 2094 tioni
2687 2030 3076 2111 hujusmodi.
3140 2031 3314 2093 Unde
3372 2031 3427 2093 si
3486 2030 3961 2094 consideremus

2469 2129 2933 2192 emanationem
2988 2129 3181 2192 totius
3233 2129 3397 2190 entis
3458 2129 3879 2192 universalem
3926 2148 3965 2190 a

2471 2228 2680 2310 primo
2712 2227 3051 2310 principio,
3088 2227 3487 2309 impossibile
3516 2236 3613 2289 est
3642 2227 3812 2308 quod
3853 2227 3963 2289 ali-

2469 2328 2638 2408 quod
2698 2346 2811 2388 ens
2871 2327 2929 2388 ei
2991 2333 3538 2408 praesupponatur.
3592 2327 3765 2389 ldem
3816 2345 3965 2388 vero

2469 2433 2587 2496 est,
2641 2424 2918 2486 nihilum
2977 2433 3039 2486 et
3088 2424 3337 2485 nullum
3394 2443 3529 2486 ens.
3581 2424 3740 2486 Hinc
3802 2423 3967 2486 sicut

2469 2523 2793 2603 generatio
2840 2521 3119 2584 hominis
3162 2529 3257 2584 est
3300 2541 3377 2583 ex
3428 2540 3555 2584 non
3606 2528 3751 2584 ente
3796 2523 3965 2603 quod

2468 2627 2564 2682 est
2610 2639 2735 2682 non
2787 2621 2999 2694 hom0,
3044 2619 3129 2682 ita
3178 2620 3433 2694 creatio,
3474 2640 3617 2702 quae
3664 2629 3761 2682 est
3802 2639 3967 2683 ema-

2470 2719 2641 2780 natio
2672 2719 2863 2780 totius
2898 2738 3057 2790 esse,
3092 2726 3187 2780 est
3216 2738 3292 2780 ex
3335 2736 3459 2780 non
3494 2726 3639 2780 ente
3672 2719 3841 2800 quod
3870 2727 3967 2781 est

2470 2817 2651 2878 nihil.
2688 2817 2831 2880 Haec
2877 2817 2941 2879 in
2987 2817 3264 2880 Summa.

2551 2916 2854 2979 Praeterea
2890 2916 2969 2977 de
3011 2915 3127 2976 hac
3167 2934 3234 2977 re
3275 2914 3574 2977 subtilius
3617 2923 3806 2997 atque
3848 2915 3965 2977 dif-

867 3012 1036 3093 quod
1077 3011 1374 3075 convenit
1411 3012 1470 3074 ei
1511 3031 1587 3074 ex
1627 3013 1771 3076 alio.
1814 3014 1891 3075 Et
1931 3033 2045 3096 per
2080 3015 2202 3078 hoc
2241 3015 2359 3078 dif-
2398 3016 2440 3078 C
2473 3013 2677 3076 fusius
2722 3012 2945 3075 scribit
2992 3013 3054 3075 in
3103 3013 3363 3076 Summa
3407 3022 3624 3076 contra
3670 3013 3959 3094 gentileS,

2474 3112 2634 3174 libro
2668 3112 2946 3174 secundo
2981 3131 3093 3193 per
3127 3112 3377 3174 diversa
3408 3111 3686 3192 capitula
3718 3130 3731 3172 :
3765 3112 3963 3175 Omne
3994 3129 4224 3178 lib-11,e.l5.

867 3111 992 3172 fert
1031 3110 1265 3173 creatio
1307 3129 1343 3172 a
1383 3111 1787 3191 generatione
1835 3120 2088 3186 anema,
2125 3113 2191 3174 in
2234 3133 2359 3196 qua

867 3226 995 3271 non
1035 3227 1173 3270 esse
1209 3226 1334 3270 non
1377 3209 1677 3290 praecedit
1715 3227 1886 3288 esse3
1930 3229 2046 3272 nec
2085 3211 2214 3273 dici
2255 3229 2361 3293 po-

866 3317 992 3371 test
1041 3309 1208 3390 quod
1255 3308 1452 3370 Filius
1503 3309 1612 3371 Dei
1663 3308 1714 3371 si
1767 3310 1891 3371 sibi
1940 3311 2359 3393 relinquatur,

867 3427 994 3470 non
1042 3407 1269 3469 habeat
1311 3425 1471 3480 esse,
1507 3427 1704 3489 quum
1751 3427 1783 3470 a
1830 3409 2006 3471 Patre
2056 3411 2365 3491 suscipiat

869 3505 1038 3567 idem
1079 3504 1288 3586 ipsum
1321 3524 1458 3567 esse
1490 3506 1660 3587 quod
1691 3507 1886 3568 Patris
1916 3514 2032 3579 est,
2067 3509 2236 3589 quod
2268 3516 2363 3571 est

869 3622 1008 3665 esse
1037 3603 1422 3678 absolutum,
1457 3621 1583 3666 non
1613 3604 1978 3686 dependens
2007 3604 2087 3667 ab
2120 3605 2356 3688 aliquo.

869 3703 1086 3783 Itaque
1117 3702 1469 3764 secundum
1511 3702 1644 3764 haec
1681 3703 1828 3775 du0‚
1863 3704 2098 3766 creatio
2128 3704 2367 3766 dicitur

869 3819 1009 3863 esse
1039 3818 1115 3861 ex
1145 3799 1386 3864 nihilo:
1413 3807 1548 3862 tum
1581 3800 1668 3862 ita
1699 3802 1866 3882 quod
1896 3803 2147 3882 negatio
2180 3812 2366 3884 neget

872 3898 1160 3962 ordinem
1203 3897 1541 3961 creationis
1594 3899 2004 3980 importatum
2047 3919 2164 3982 per
2210 3921 2366 3984 prae-

873 3996 1252 4078 positionem
1283 4017 1390 4066 ex,
1421 3996 1497 4057 ad
1528 3996 1769 4077 aliquid
1803 3999 2268 4078 praeexsistenS,
2298 4007 2368 4060 ut

875 4095 1124 4156 dicatur
1168 4113 1307 4156 esse
1356 4113 1433 4156 ex
1481 4093 1706 4169 nihilo,
1761 4095 1910 4176 quia
1970 4113 2096 4158 non
2144 4104 2242 4158 est
2288 4117 2365 4159 ex

2469 3210 2825 3293 (inquiens)
2872 3211 3039 3292 quod
3099 3209 3289 3272 alicui
3341 3210 3641 3272 convenit
3685 3228 3810 3273 non
3870 3229 3965 3272 se-

2472 3309 2754 3370 cundum
2785 3309 2955 3389 quod
2988 3308 3220 3389 ipsum,
3255 3327 3368 3390 per
3397 3307 3677 3389 aliquam
3707 3327 3963 3370 causam

2474 3406 2772 3469 convenit
2817 3406 2896 3467 ei.
2943 3406 3116 3479 Quod
3162 3407 3333 3469 enim
3383 3425 3637 3468 causam
3688 3424 3813 3468 non
3858 3407 3964 3468 ha-

2474 3505 2602 3577 bet,
2628 3505 2909 3586 primum
2940 3513 3003 3566 et
3036 3505 3475 3567 immediatum
3507 3504 3799 3567 consistit
3832 3525 3846 3570 ε
3882 3505 3969 3567 id-

2474 3605 2645 3666 circo
2693 3610 2943 3684 oportet
2987 3611 3057 3664 ut
3106 3603 3187 3664 sit
3231 3623 3344 3684 per
3391 3621 3457 3665 se
3506 3611 3569 3664 et
3617 3604 3969 3666 secundum

2477 3703 2646 3784 quod
2707 3701 2939 3782 ipsum.
2992 3700 3395 3782 Impossibile
3456 3708 3669 3763 autern
3720 3710 3816 3763 est
3863 3702 3972 3764 ali-

2478 3801 2631 3882 quid
2674 3801 3013 3862 convenire
3054 3799 3323 3872 duobuS,
3358 3807 3421 3862 et
3457 3799 3715 3882 utrique
3752 3819 3974 3862 secun-

2478 3899 2631 3960 dum
2661 3899 2831 3979 quod
2866 3899 3077 3979 ipsum
3103 3914 3117 3958 ε
3144 3897 3311 3979 quod
3346 3916 3621 3978 namque
3652 3899 3729 3960 de
3756 3896 3973 3979 aliquo

2478 3995 2715 4057 dicitur
2758 3995 3111 4058 secundum
3156 3995 3326 4076 quod
3372 3995 3607 4076 ipsum,
3640 4013 3765 4057 non
3814 3996 3971 4057 illud

2479 4093 2749 4168 excedit,
2794 4094 2960 4155 sicut
3006 4111 3144 4155 esse
3195 4092 3498 4155 rationale
3546 4093 3679 4155 sive
3728 4093 3974 4156 risibile

875 4192 1091 4274 aliquo
1131 4192 1629 4274 praeexsistenti3
1664 4200 1800 4254 tum
1844 4194 1929 4255 ita
1965 4196 2134 4275 quod
2175 4213 2370 4258 rema·
2400 4192 2451 4254 D
2482 4209 2607 4253 non
2668 4191 2915 4253 excedit
2965 4191 3309 4253 hominem.
3364 4189 3767 4272 Impossibile
3823 4209 3974 4272 ergo

876 4299 1024 4352 neat
1052 4292 1205 4352 ordo
1235 4291 1571 4352 creationis
1610 4291 1687 4352 ad
1729 4290 1888 4353 nihil
1924 4293 2368 4374 praeexsistens

875 4395 1102 4450 natura
1140 4387 1523 4460 affirmatuS‚
1557 4396 1624 4449 ut
1665 4388 1912 4450 dicatur
1952 4391 2187 4452 creatio
2230 4410 2368 4454 esse.

876 4506 954 4549 ex
1000 4484 1220 4560 nihilo,
1254 4485 1554 4567 quoniam
1602 4504 1700 4548 res
1745 4494 1955 4548 creata
1995 4489 2370 4551 naturaliter

875 4584 1055 4667 prius
1087 4583 1278 4646 habet
1306 4601 1433 4646 non
1464 4602 1602 4645 esse
1632 4603 1825 4665 quam
1857 4603 2013 4646 esse.
2040 4585 2117 4646 Et
2146 4585 2197 4647 si
2234 4586 2366 4649 haec

873 4684 1000 4745 duo
1039 4682 1369 4745 sufficiant
1401 4681 1479 4744 ad
1519 4681 1825 4745 rationem
1869 4682 2227 4758 creationiS,
2262 4703 2369 4765 po-

871 4790 996 4844 test
1025 4781 1261 4844 creatio
1298 4780 1754 4858 demonstrari3
1788 4780 2008 4861 sicque
2047 4800 2187 4843 eam
2230 4783 2368 4863 qui-

873 4881 1018 4942 dam
1050 4879 1412 4961 philosophi
1445 4885 1812 4960 posuerunt.
1843 4877 1908 4940 Si
1940 4897 2090 4942 vero
2119 4879 2369 4941 dicatur

870 4977 1132 5040 tertium
1181 4977 1371 5057 exigi,
1415 4984 1485 5038 ut
1529 4975 1774 5038 scilicet
1822 4993 1948 5038 non
1999 4995 2136 5038 esse
2186 4978 2370 5039 dura·

871 5075 1044 5137 tione
1085 5074 1396 5156 praecedat
1437 5092 1597 5146 esse,
1633 5073 2053 5137 demonstrari
2096 5093 2225 5137 non
2262 5095 2368 5137 va-

875 5173 991 5253 let;
1025 5191 1142 5235 nec
1172 5192 1208 5234 a
1239 5171 1634 5254 philosophis
1665 5172 2055 5246 conceditur,
2089 5173 2199 5235 sed
2238 5172 2367 5235 fide

873 5279 1142 5333 tenetur.
1179 5271 1320 5334 naec
1363 5270 1632 5332 Thomas
1677 5270 1740 5332 in
1786 5270 2052 5351 Scripto.

2480 4297 2577 4352 est
2604 4289 2846 4371 aliquid
2886 4290 2963 4351 de
3003 4288 3253 4351 duobus
3294 4289 3644 4370 praedicari,
3678 4289 3765 4350 ita
3802 4291 3973 4371 quod

2480 4389 2557 4451 de
2600 4397 2824 4450 neutro
2865 4407 2976 4469 per
3016 4405 3271 4450 causam
3317 4387 3599 4466 dicatur3
3641 4388 3751 4450 sed
3789 4406 3973 4470 opor-

2481 4494 2569 4548 tet
2612 4494 2721 4548 aut
2764 4485 2963 4548 unum
3010 4505 3149 4548 esse
3188 4485 3451 4547 alterius
3496 4504 3772 4558 causam,
3806 4486 3975 4548 sicut

2481 4585 2645 4666 ignis
2694 4591 2790 4646 est
2838 4602 3028 4646 causa
3081 4583 3308 4646 caloris
3362 4582 3596 4662 mixt03
3645 4592 3755 4674 aut
3802 4585 3975 4665 quod

2480 4683 2650 4744 aliud
2698 4682 2954 4744 tertium
3006 4681 3089 4744 sit
3129 4700 3320 4743 causa
3362 4680 3638 4762 utrique,
3674 4682 3975 4762 quemad-

2484 4781 2744 4843 modum
2790 4778 3037 4840 duabus
3088 4778 3367 4840 candelis
3427 4778 3593 4860 ignis
3639 4786 3734 4841 est
3784 4798 3977 4842 causa

2482 4877 2757 4940 lucendi.
2793 4878 2944 4939 Esse
2975 4884 3187 4939 autem
3224 4877 3461 4938 dicitur
3489 4877 3566 4939 de
3597 4878 3771 4940 omni
3804 4879 3977 4960 quod

2480 4984 2575 5038 est
2610 4995 2624 5040 :
2661 4975 3055 5058 impossibile
3088 4974 3281 5055 igitur
3310 4983 3405 5036 est
3435 4994 3573 5038 esse
3603 4975 3818 5058 aliqua
3847 4977 3975 5040 duo

2481 5093 2754 5156 quorum
2796 5081 3093 5137 neutrum
3138 5072 3367 5135 habeat
3400 5093 3653 5136 causam
3694 5075 3968 5138 essendi.

2479 5173 2575 5235 Ab
2621 5173 2730 5235 illo
2774 5190 2921 5251 ergo
2966 5171 3069 5233 cui
3120 5171 3283 5232 nihil
3326 5178 3421 5233 est
3464 5190 3652 5233 causa
3694 5173 3969 5247 essendi,

2480 5289 2739 5332 nece-sse
2777 5277 2871 5332 est
2910 5289 3049 5332 csse
3089 5287 3279 5330 omne
3316 5269 3483 5350 quod
3518 5269 3969 5350 qualitercum-

4040 759 4111 798 υἱ.
4136 759 4163 799 l.
