4334 6242
915 511 1000 559 AN
1041 511 1272 560 CUNCTA
1315 511 1574 571 cumn,
1615 511 1751 560 SINT
1791 513 1834 560 A
1875 513 1993 561 bno
2035 514 2374 562 mnEmA'rE
2416 513 2676 574 cnnATA,
2718 517 2845 564 E'rc.
3350 500 3425 564 61

341 680 493 742 nulli
546 689 850 745 creaturae
899 684 1455 758 communicatam,
1498 684 1608 746 sed
1657 702 1826 747 com·
1853 683 1906 745 A
1934 685 2238 748 nifestum
2270 689 2556 770 estquod
2590 688 2824 750 creatio
2853 695 2949 749 est
2977 689 3234 770 propria
3262 690 3428 752 actio

339 779 791 842 municabilem
821 800 960 843 csse
986 783 1193 864 :quod
1225 791 1287 844 et
1317 783 1610 864 Magister
1645 802 1828 864 quar-

339 885 398 940 to
443 878 608 941 libro
650 879 952 942 defendit.

411 977 648 1039 Harum
696 987 909 1041 autem
962 988 1228 1063 utraque
1279 982 1647 1044 ultimarum
1690 983 1826 1064 opi-

337 1076 597 1138 nionum
629 1078 868 1160 aliquid
911 1079 1102 1142 habet
1130 1081 1234 1142 cui
1271 1081 1583 1143 innititur.
1619 1083 1824 1156 Quum

335 1174 504 1236 enim
554 1176 637 1237 de
683 1177 924 1238 ratione
974 1178 1056 1240 sit
1107 1179 1446 1242 creationis
1503 1187 1571 1241 ut
1619 1180 1710 1241 nil
1765 1181 1823 1242 ei

337 1275 744 1352 praeexsistat,
778 1276 1002 1338 saltem
1046 1278 1396 1339 secundum
1443 1285 1682 1340 naturae
1725 1297 1821 1340 or-

336 1370 570 1440 dinem,
633 1381 836 1454 potest
903 1375 1022 1438 hoc
1084 1375 1288 1457 accipi
1349 1375 1447 1438 vel
1508 1395 1584 1438 ex
1647 1385 1822 1458 parte

336 1471 628 1544 creantiS,
662 1472 762 1534 vel
807 1491 884 1535 ex
935 1482 1112 1555 parte
1162 1475 1374 1536 creati.
1412 1475 1474 1536 Si
1519 1493 1595 1536 ex
1647 1484 1823 1556 parte

334 1569 626 1644 creantiS,
669 1571 762 1633 sic
807 1571 916 1633 illa
955 1573 1122 1635 actio
1163 1573 1522 1654 appellatur
1563 1575 1819 1649 creatio,

337 1685 470 1747 quae
511 1686 640 1731 non
688 1669 991 1733 fundatur
1039 1690 1246 1753 neque
1286 1672 1582 1735 firmatur
1631 1693 1824 1756 super

332 1765 645 1829 actionem
689 1769 964 1849 alicujus
1012 1789 1216 1832 causae
1261 1771 1490 1853 prioris
1525 1780 1634 1836 :et
1681 1772 1823 1834 talis

1933 784 2064 845 Dei.
2097 821 2179 830 —
2208 786 2529 866 Contingit
2558 794 2770 847 autem
2805 787 2974 869 quod
3014 786 3256 869 aliquid
3298 805 3431 868 par-

1933 882 2153 963 ticipat
2213 885 2535 965 propriam
2595 885 2911 946 actionem
2970 885 3252 958 alteriuS,
3304 902 3431 948 non

1933 981 2167 1043 virtute
2227 982 2503 1064 propria,
2566 983 2675 1045 sed
2742 983 3312 1046 instrumentaliter
3370 983 3437 1045 in

1933 1087 2243 1161 quantum
2293 1080 2422 1162 agit
2468 1081 2531 1142 in
2578 1081 2811 1142 virtute
2860 1082 3123 1144 alterius
3160 1101 3174 1144 :
3220 1101 3441 1164 quem-

1931 1178 2276 1241 admodum
2320 1198 2428 1242 aer
2470 1180 2705 1242 virtute
2752 1181 2915 1262 ignis
2960 1181 3267 1243 calefacit.
3306 1181 3437 1244 Sic-

1932 1295 2056 1357 que
2115 1277 2356 1359 opinati
2424 1287 2572 1340 sunt
2629 1279 2852 1360 aliqui,
2914 1281 3082 1362 quod
3141 1281 3437 1362 quamvis

1934 1375 2168 1437 creatio
2205 1375 2287 1438 sit
2323 1377 2579 1458 propria
2616 1377 2781 1440 actio
2811 1378 2945 1451 Dei,
2982 1385 3191 1440 tamen
3221 1378 3438 1460 aliqua

1933 1472 2307 1536 inferiorum
2350 1493 2706 1548 causarum,
2744 1476 2810 1536 in
2849 1485 3159 1557 quantum
3199 1477 3327 1558 agit
3368 1477 3434 1538 in

1931 1571 2166 1633 virtute
2206 1574 2427 1654 primae
2469 1592 2695 1648 causae,
2730 1575 2926 1655 possit
2963 1594 3194 1637 creare.
3232 1575 3307 1636 Et
3347 1575 3434 1636 ita

1933 1671 2144 1752 posuit
2192 1673 2535 1746 Avicenna,
2588 1673 2758 1754 quod
2817 1673 3023 1754 prima
3079 1673 3433 1737 substantia

1933 1777 2221 1850 separata
2260 1790 2296 1832 a
2336 1773 2463 1833 Deo
2503 1779 2731 1846 creata,
2768 1779 2937 1834 creat
2978 1773 3170 1835 aliam
3213 1773 3433 1834 imme-

332 1871 572 1927 tantum
604 1875 700 1928 est
731 1867 896 1930 actio
927 1887 1132 1932 causae
1161 1868 1608 1952 primae,super
1636 1889 1825 1952 quam
1857 1865 1904 1926 B
1933 1867 2100 1929 diate
2145 1887 2213 1930 se
2258 1878 2654 1950 sequentem,
2688 1879 2751 1932 et
2795 1871 3215 1933 substantiam
3259 1871 3433 1934 orbis

331 1963 618 2025 omnium
677 1967 1084 2047 sequentium
1147 1967 1427 2030 actiones
1489 1987 1822 2030 causarum

333 2059 694 2124 fundantur.
731 2064 889 2125 Hinc
921 2065 1086 2126 sicut
1125 2065 1284 2126 nulli
1323 2074 1624 2128 creaturae
1655 2083 1824 2127 com-

335 2160 722 2223 municabile
769 2170 864 2224 est
905 2163 1074 2244 quod
1114 2164 1196 2225 sit
1235 2183 1425 2226 causa
1471 2165 1698 2245 prima,
1739 2164 1824 2225 ita

335 2276 446 2318 nec
487 2259 588 2320 vis
638 2267 747 2320 aut
792 2261 959 2322 actio
1007 2261 1298 2322 creatIva.
1345 2262 1407 2324 Si
1457 2270 1673 2324 autem
1723 2281 1824 2324 su-

337 2362 666 2430 matur,ex
716 2364 892 2438 parte
945 2359 1160 2430 creati,
1212 2358 1304 2420 sic
1356 2360 1591 2422 creatio
1648 2361 1820 2423 illius

263 2442 270 2448 ’
331 2461 420 2514 651
479 2455 582 2515 cui
645 2473 772 2517 non
833 2457 1211 2536 praeexsistit
1267 2457 1507 2540 aliquid
1563 2458 1628 2520 in
1683 2478 1749 2521 re
1801 2477 1816 2520 ε

330 2559 387 2612 61
433 2551 554 2615 1166
599 2559 696 2614 651
745 2573 884 2616 6556
931 2554 1129 2636 (quod
1187 2562 1283 2616 est
1343 2556 1549 2636 prima
1605 2575 1818 2618 rerum

330 2658 704 2724 creatarum,
759 2653 929 2732 quod
987 2652 1202 2726 etiam,
1265 2661 1334 2714 ut
1394 2655 1459 2715 in
1521 2653 1685 2717 libro
1741 2656 1818 2717 de

331 2747 542 2809 Causis
580 2750 908 2819 asseritur,
941 2759 1036 2812 est
1072 2769 1186 2833 per
1222 2751 1628 2823 creationem,
1661 2762 1821 2815 cete-

331 2864 410 2906 161
441 2865 592 2909 vero
633 2847 1058 2928 perfectiones
1097 2868 1212 2930 per
1249 2850 1815 2932 informationem),

331 2951 514 3026 atque
567 2946 632 3008 in
681 2947 1053 3029 compositis
1104 2949 1422 3030 praecipue
1474 2949 1632 3012 illud
1680 2969 1818 3012 6356

1931 1984 2005 2027 66
2043 1967 2323 2029 animam
2364 1968 2528 2048 ejus,
2562 1976 2625 2030 et
2656 1969 2825 2051 quod
2866 1969 3221 2032 substantia
3260 1970 3434 2033 orbis

1933 2073 2103 2126 creat
2136 2067 2463 2128 materiam
2499 2085 2836 2149 corporum
2879 2067 3274 2131 inferiorum.
3313 2068 3432 2130 Sed

1930 2163 2050 2225 hoc
2100 2182 2239 2226 esse
2290 2181 2418 2226 non
2469 2171 2697 2247 potest,
2749 2166 3052 2248 quoniam
3103 2186 3293 2229 causa
3342 2185 3434 2228 se-

1931 2262 2136 2323 cunda
2185 2263 2687 2326 instrumentalis
2730 2283 2857 2327 non
2903 2265 3241 2347 participat
3278 2266 3431 2328 aeti-

1929 2376 2116 2422 onem
2167 2380 2373 2424 causae
2422 2363 2791 2445 superioriS,
2835 2364 2959 2426 nisi
3006 2365 3069 2426 in
3120 2372 3428 2446 quantum

1932 2475 2044 2538 per
2080 2458 2324 2540 aliquid
2367 2460 2696 2541 proprium
2728 2461 3101 2542 dispositive
3130 2469 3429 2542 operatur

1927 2554 2004 2615 ad
2053 2553 2359 2617 effectum
2412 2556 2784 2638 principalis
2833 2557 3095 2639 agentis.
3138 2557 3203 2620 Si
3251 2558 3425 2620 enim

1929 2652 2090 2714 nihil
2149 2651 2239 2714 ibi
2298 2661 2511 2734 ageret
2556 2655 2909 2716 secundum
2958 2655 3022 2718 id
3073 2656 3241 2737 quod
3302 2655 3427 2718 sibi

1927 2758 2024 2811 est
2064 2751 2419 2832 proprium,
2456 2751 2689 2814 frustra
2724 2751 3134 2816 adhiberetur
3170 2755 3249 2816 ad
3283 2773 3429 2837 ope-

1929 2849 2237 2927 randum;
2291 2869 2407 2912 nec
2459 2859 2777 2932 oporteret
2824 2870 2962 2914 6556
3010 2852 3430 2914 determinata

1930 2944 2353 3009 instrumenta
2381 2947 2943 3010 determinatarum
2968 2949 3427 3012 actionum.Sic

333 3043 494 3121 quod
553 3051 652 3104 est
709 3043 931 3126 primae.
993 3045 1188 3128 partis
1247 3045 1606 3127 compositi,
1667 3055 1821 3128 puta
1853 3044 1896 3107 C
1929 3061 2205 3124 namque
2239 3044 2553 3120 videmus,
2587 3047 2758 3128 quod
2798 3047 3040 3108 securis
3080 3046 3427 3109 scindendo

333 3141 626 3204 materiae.
665 3142 894 3224 Sicque
935 3144 1172 3206 creatio
1211 3145 1672 3207 communicari
1715 3163 1821 3228 po-

331 3239 443 3300 tuit
486 3247 817 3313 creaturas,
853 3248 922 3301 ut
963 3241 1028 3303 in
1069 3241 1306 3304 virtute
1349 3243 1572 3323 primae
1615 3261 1819 3306 causae

329 3336 646 3416 operantis
687 3337 753 3399 in
797 3357 892 3412 ea,
925 3338 1182 3421 aliquod
1224 3359 1361 3401 6556
1404 3340 1676 3421 simplex
1718 3341 1818 3402 vel

333 3435 589 3497 materia
629 3436 1086 3517 produceretur
1123 3436 1203 3498 ab
1247 3437 1400 3519 ipsa.
1437 3438 1668 3520 Sicque
1709 3457 1819 3520 po-

327 3541 588 3596 suerunt
638 3533 1002 3616 philosophi
1053 3535 1504 3616 intelligentias
1547 3555 1815 3610 creasse,

325 3631 615 3712 quamvis
665 3632 1033 3694 haereticum
1084 3633 1184 3695 sit.
1232 3669 1313 3678 —
1361 3634 1502 3697 Haec
1550 3634 1819 3696 Thomas

328 3728 388 3789 in
429 3730 702 3811 Scripto.

399 3829 468 3889 ln
510 3828 748 3910 quibus
789 3828 1002 3891 verbis
1041 3829 1276 3892 fatetur
1315 3829 1656 3893 creativam
1687 3830 1818 3892 vim

327 3944 430 3986 seu
473 3926 794 3988 actionem
839 3925 1278 4008 intelligentiis
1321 3947 1431 3990 seu
1473 3929 1682 3990 causis
1725 3948 1818 3991 se-

327 4024 548 4086 cundis
576 4041 718 4086 esse
749 4024 1374 4099 communicabilem,
1395 4027 1686 4108 quamvis
1716 4027 1824 4089 ali-

327 4129 414 4182 ter
452 4121 609 4184 alibi
655 4123 904 4184 sentiat.

1930 3140 2197 3221 lignum,
2249 3143 2419 3224 quod
2477 3142 2668 3205 habet
2722 3163 2798 3205 ex
2857 3145 3241 3225 proprietate
3298 3163 3428 3208 suae

1927 3239 2168 3313 formae,
2204 3241 2498 3321 producit
2540 3241 2808 3304 formam
2852 3242 3118 3317 scamni,
3150 3260 3291 3324 quae
3330 3250 3428 3304 est

1925 3336 2198 3400 effectus
2256 3339 2551 3421 proprius
2614 3340 2985 3422 principalis
3041 3340 3305 3421 agentis.
3358 3340 3427 3401 Id

1926 3444 2139 3498 autem
2181 3438 2352 3517 quod
2391 3445 2487 3499 est
2519 3438 2814 3520 proprius
2852 3438 3123 3500 effectus
3155 3438 3267 3500 Dei
3297 3457 3429 3500 cre-

1927 3533 2113 3606 antis,
2175 3543 2271 3596 est
2328 3535 2497 3616 quod
2556 3536 3071 3618 praesupponitur
3126 3534 3427 3598 omnibus

1927 3630 2069 3691 aliis
2100 3631 2333 3704 causiS,
2355 3632 2654 3694 videlicet
2683 3651 2821 3694 esse
2852 3633 3158 3695 absolute.
3185 3633 3429 3695 Idcirco

1929 3747 2054 3792 non
2107 3736 2315 3810 potest
2362 3730 2605 3812 aliquid
2655 3731 3027 3813 dispositive
3076 3751 3149 3793 ac
3194 3732 3428 3793 instru-

1929 3826 2285 3888 mentaliter
2312 3828 2389 3888 ad
2420 3827 2591 3889 hunc
2621 3828 2867 3909 operari
2899 3827 3219 3903 effectum,
3232 3847 3429 3910 quum

1929 3924 2162 3986 creatio
2229 3943 2356 3987 non
2418 3925 2499 3986 sit
2555 3945 2633 3986 ex
2692 3924 2907 4007 aliquo
2966 3927 3430 4008 praesupposito

1930 4024 2096 4104 quod
2145 4023 2345 4104 possit
2384 4022 2635 4104 disponi
2684 4041 2797 4104 per
2837 4024 3152 4086 actionem
3196 4025 3428 4086 instru-

1931 4121 2225 4183 mentalis
2265 4121 2527 4201 agentiS.
2564 4121 2667 4182 Sic
2705 4139 2855 4202 ergo
2894 4121 3293 4204 impossibile
3331 4131 3428 4186 est

396 4221 640 4303 Nempe
681 4222 746 4282 in
790 4222 996 4302 prima
1037 4229 1214 4303 parte
1244 4222 1541 4296 Summae,
1571 4225 1822 4305 quaesti·
1850 4227 1898 4289 D
1928 4221 2096 4301 quod
2135 4219 2330 4281 alicui
2368 4226 2671 4282 creaturas
2703 4220 3038 4282 conveniat
3068 4239 3302 4296 creare,
3336 4222 3427 4284 vi-

221 4339 255 4381 5.
323 4337 436 4382 one
471 4320 958 4402 quadragesima
1003 4321 1225 4402 quinta
1266 4339 1280 4383 :
1327 4320 1819 4385 Universaliores

323 4418 458 4498 (ait)
487 4417 765 4480 effectus
813 4417 877 4479 in
927 4418 1414 4480 universaliores
1459 4437 1532 4481 ac
1577 4420 1820 4501 priores

325 4535 538 4579 causas
583 4524 834 4599 oportet
878 4517 1198 4578 reducere.
1243 4517 1413 4579 Inter
1449 4535 1670 4580 omnes
1711 4538 1820 4581 au-

323 4623 442 4676 tem
485 4614 763 4678 effectus
808 4615 1428 4696 universalissimum
1469 4624 1565 4678 est
1607 4616 1818 4698 ipsum

322 4731 452 4776 esse
500 4732 516 4775 ι
565 4713 807 4776 1(1611·66
853 4722 949 4775 651
998 4713 1293 4795 proprius
1344 4715 1566 4795 primae
1614 4734 1820 4779 causae

321 4810 606 4874 effectus.
643 4812 819 4875 Unde
853 4812 918 4873 in
961 4811 1124 4874 libro
1156 4812 1233 4874 de
1266 4812 1484 4875 Causis
1526 4812 1815 4888 habetur,

323 4911 484 4990 quod
528 4930 648 4973 nec
695 4910 1114 4990 intelligentia
1162 4929 1280 4971 nec
1323 4910 1536 4971 anima
1585 4911 1818 4973 nobilis

323 5009 422 5070 dat
447 5028 612 5084 esse,
645 5010 770 5070 nisi
814 5009 882 5070 in
923 5015 1233 5090 quantum
1273 5015 1572 5090 operatur
1601 5027 1818 5090 opera-

325 5107 486 5170 tione
527 5109 767 5170 divina.
799 5107 990 5170 Porro
1033 5105 1382 5187 producere
1427 5105 1637 5186 ipsum
1681 5125 1819 5168 esse

323 5204 628 5280 absolute,
657 5223 785 5268 non
817 5205 882 5267 in
914 5213 1223 5286 quantum
1255 5211 1352 5264 est
1383 5202 1500 5265 hoc
1530 5211 1639 5264 aut
1672 5204 1816 5280 tale,

325 5303 398 5366 ad
428 5302 768 5366 creationis
809 5303 1083 5385 pertinet
1119 5301 1448 5364 rationem.
1485 5300 1658 5363 Unde
1691 5320 1820 5363 ma-

1927 4318 2158 4380 delicet
2217 4337 2423 4399 neque
2469 4317 2703 4380 virtute
2764 4319 3021 4400 propria
3078 4338 3285 4401 neque
3335 4320 3426 4382 in-

1927 4416 2428 4478 strumentaliter
2486 4435 2598 4497 per
2660 4417 3105 4480 ministerium.
3170 4419 3246 4480 Et
3302 4419 3423 4482 hoc

1928 4513 2250 4596 praecipue
2295 4513 2750 4577 inconveniens
2790 4522 2885 4577 651
2924 4515 3051 4578 (1161
3089 4516 3169 4578 (16
3208 4517 3423 4599 aliquo

1927 4630 2191 4694 corpore
2230 4612 2399 4694 quod
2439 4620 2630 4686 creet,
2664 4632 2863 4694 quum
2906 4614 3156 4676 nullum
3191 4632 3423 4697 corpus

1925 4719 2088 4791 agat,
2133 4710 2257 4773 nisi
2309 4711 2619 4792 tangendo
2671 4719 2859 4793 atque
2908 4713 3257 4791 movendo;
3308 4714 3426 4776 516-

1927 4829 2051 4892 que
2100 4809 2368 4890 requirit
2413 4809 2477 4871 in
2522 4829 2635 4870 sua
2683 4811 2930 4873 actione
2979 4811 3221 4892 aliquid
3273 4829 3428 4892 prae-

1926 4908 2237 4969 exsistens
2297 4907 2465 4987 quod
2526 4908 2724 4989 possit
2782 4909 2953 4989 tangi
3002 4917 3064 4972 et
3113 4911 3355 4972 moveri
3408 4927 3424 4973 ι

1927 5007 2094 5087 quod
2135 5013 2233 5066 est
2271 5013 2488 5067 contra
2532 5007 2839 5069 rationem
2886 5009 3241 5071 creationis.
3282 5009 3425 5073 Haec

1926 5105 2197 5166 Thomas
2244 5105 2309 5165 in
2354 5104 2632 5168 Summa.

2005 5203 2457 5265 Verumtamen
2507 5203 2627 5265 ista
2680 5203 2941 5265 materia
2988 5222 3104 5285 pro
3154 5212 3418 5287 utraque

1929 5308 2105 5384 parte
2151 5301 2304 5363 satis
2348 5300 2697 5383 probabilis
2745 5307 2876 5380 651;
2918 5319 3035 5362 nec
3080 5303 3239 5365 ratio
3282 5303 3410 5380 illa,
