4334 6242
545 495 632 541 AN
669 493 892 541 ANGl-:Ll
931 494 1072 541 ΒΟΝΙ
1114 493 1225 540 SEU
1263 493 1412 540 uAu
1451 491 1514 540 IN
1553 492 1884 540 Assmwrls
1925 491 2291 540 conromssus
2330 491 2488 538 VERE
2526 491 2885 540 EXERCEANT
2922 493 3121 540 OPERA
3158 493 3312 539 vlu:
3366 471 3487 538 455

381 673 482 728 tus
511 666 831 728 secundus
861 667 1299 750 praesupponit
1328 674 1542 729 actum
1573 666 1873 748 primum.
1909 661 1960 725 Α
1992 682 2072 745 pe
2120 663 2291 746 quod
2350 664 2629 726 damnati
2685 665 3027 746 resumptis
3086 661 3481 746 corporibuS,

379 765 450 826 In
479 783 744 848 corpore
773 773 986 830 autem
1025 773 1353 848 assumpto
1381 766 1461 828 ab
1491 765 1715 846 angelo
1750 783 1877 827 non

378 872 474 926 est
509 871 691 926 actus
732 865 979 947 primus
1019 865 1186 938 vitae‚
1219 863 1520 947 quoniam
1567 881 1694 926 non
1739 863 1876 926 uni·

379 971 483 1024 tur
529 964 779 1046 corpori
830 965 926 1026 illi
975 971 1044 1026 ut
1092 964 1297 1027 forma
1340 984 1354 1028 ε
1397 964 1638 1027 idcirco
1688 963 1752 1025 in
1801 981 1877 1025 eo

379 1080 506 1125 non
562 1071 715 1125 sunt
771 1063 985 1145 aliqua
1046 1081 1239 1145 opera
1296 1063 1466 1136 vitae,
1528 1082 1670 1144 quae
1726 1069 1876 1124 sunt

377 1169 555 1224 actus
600 1162 884 1224 secundi.
917 1162 1121 1244 Opera
1161 1180 1314 1224 vero
1355 1163 1500 1226 vita}
1544 1169 1871 1234 vocantur,

377 1277 503 1321 non
545 1259 697 1341 quia
735 1258 1032 1322 essective
1061 1267 1210 1320 sunt
1240 1279 1277 1322 a
1307 1259 1626 1342 principio
1656 1259 1873 1322 viven—

377 1365 460 1430 te,
501 1355 739 1438 alioqui
787 1365 996 1419 motus
1046 1357 1274 1439 lapidis
1317 1357 1397 1420 ab
1441 1357 1666 1438 angelo
1709 1357 1875 1419 dice-

375 1463 551 1518 retur
605 1472 766 1537 opus
825 1455 1012 1533 vitae3
1063 1475 1180 1518 nec
1230 1455 1373 1518 ideo
1430 1457 1582 1538 quia
1638 1457 1874 1518 similia

375 1563 526 1617 sunt
553 1553 857 1635 operibus
887 1553 1053 1628 vitae,
1086 1554 1239 1636 quia
1276 1555 1630 1617 similitudo
1663 1555 1874 1617 exclu-

375 1650 467 1712 dit
509 1650 941 1730 identitatem3
973 1651 1083 1714 sed
1115 1651 1264 1734 quia
1301 1659 1451 1714 sunt
1481 1652 1546 1715 in
1581 1652 1872 1734 subjecto

375 1750 656 1822 vivente,
705 1757 770 1811 et
815 1769 852 1810 a
909 1750 1228 1832 principio
1284 1750 1540 1812 vivente
1599 1758 1668 1811 ut
1727 1750 1866 1813 tale.

1991 762 2365 844 protoplasti
2424 781 2677 846 quoque
2734 771 3027 845 parentes
3084 762 3283 825 nostri
3339 769 3484 826 ante

1991 860 2271 941 culpam,
2306 861 2694 924 immortales
2732 869 2921 924 erunt
2948 869 3011 923 et
3041 868 3239 934 erant,
3271 860 3394 922 fuit
3420 868 3485 922 et

1988 958 2109 1020 erit
2147 978 2342 1041 super
2378 967 2668 1022 naturam
2709 979 2786 1021 ex
2826 958 3057 1022 divinae
3087 958 3482 1021 ordinatione

1985 1056 2270 1136 justitiae.
2303 1058 2617 1139 AmpliuS‚
2650 1057 2705 1119 si
2744 1057 2978 1120 habent
3018 1075 3281 1139 corpora
3309 1075 3479 1132 vera,

1988 1164 2203 1237 posset
2244 1174 2463 1218 eorum
2511 1156 2729 1230 motio,
2771 1156 3149 1239 progressio,
3194 1163 3482 1238 penetra-

1986 1254 2074 1317 tio
2131 1254 2436 1316 retardari
2495 1273 2607 1316 seu
2665 1255 2988 1336 impediri,
3041 1274 3239 1337 quum
3297 1254 3483 1336 plura

1987 1371 2252 1433 corpora
2282 1353 2345 1414 in
2377 1353 2597 1415 eodem
2639 1361 2955 1436 nequeant
2989 1371 3127 1416 esse
3167 1353 3325 1417 loco.
3359 1353 3480 1416 Sed

1984 1451 2179 1532 hujus
2236 1452 2622 1514 contrarium
2680 1452 2903 1515 dicunt
2956 1453 3483 1534 experimentato-

1985 1569 2107 1624 reS,
2159 1567 2433 1632 quorum
2494 1549 2785 1613 nonnulli
2843 1550 3123 1613 fatentur
3169 1569 3236 1612 se
3284 1558 3482 1612 atten-

1985 1654 2147 1709 tasse
2188 1666 2471 1730 pugnare
2508 1649 2809 1711 adversus
2849 1649 3011 1722 illos,
3043 1667 3117 1710 ac
3145 1648 3314 1711 ferro
3346 1667 3482 1731 per-

1985 1754 2201 1808 cutere
2251 1747 2443 1828 ipsoS,
2485 1753 2549 1808 et
2590 1756 2797 1809 motus
2845 1765 3067 1809 eorum
3113 1746 3480 1810 fortissimis

375 1847 536 1910 Hinc
567 1855 776 1909 motus
808 1847 1030 1910 talium
1063 1866 1402 1928 corporum
1433 1866 1557 1910 non
1587 1856 1685 1910 est
1711 1866 1872 1930 opus
1907 1847 1954 1908 B
1984 1845 2324 1926 prohibere
2366 1845 2732 1920 obstaculiS,
2766 1846 3054 1921 funibuS,
3086 1845 3374 1908 trabibus
3417 1853 3481 1908 et

375 1947 522 2010 vitae
553 1965 666 2008 seu
697 1953 877 2008 actus
908 1945 1141 2020 vitaliS,
1175 1965 1376 2028 quum
1411 1964 1537 2008 non
1567 1945 1652 2008 sit
1679 1966 1715 2008 a
1747 1965 1876 2009 mo-

373 2053 508 2106 tore
550 2043 915 2124 conjuncto,
957 2062 1075 2106 nec
1113 2044 1572 2106 successivus¹.
1615 2078 1696 2088 —
1731 2045 1876 2107 Haec

373 2141 729 2204 Durandus.
764 2141 832 2202 ln
882 2141 1068 2223 cujus
1107 2140 1322 2204 verbis
1361 2141 1614 2204 videtur
1654 2142 1878 2204 obscu—

375 2260 542 2313 rum,
596 2242 767 2322 quod
815 2239 972 2302 dicit
1021 2249 1266 2302 motum
1329 2240 1511 2302 illum
1561 2258 1687 2303 non
1737 2259 1876 2304 esse

375 2338 813 2402 successivum
851 2357 864 2402 :
899 2339 952 2400 si
986 2345 1196 2401 tamen
1231 2339 1350 2410 hoc
1382 2339 1555 2401 dicit.
1591 2339 1875 2400 Forsitan

375 2438 549 2500 enim
593 2437 758 2500 liber
795 2455 987 2519 quem
1021 2437 1175 2510 vidi,
1209 2444 1304 2499 est
1343 2437 1756 2509 incorrectuS,
1791 2436 1878 2499 ita

375 2536 546 2618 quod
598 2553 712 2618 pro
761 2534 1038 2597 dictione
1086 2535 1205 2597 hac
1245 2538 1674 2611 processivas,
1723 2535 1876 2597 scri-

375 2637 561 2715 ptum
611 2640 708 2694 est
751 2633 1164 2693 successiva-r.
1221 2632 1550 2713 Motusque
1596 2631 1703 2694 ille
1748 2650 1876 2694 non

375 2739 472 2793 est
517 2729 774 2812 proprie
813 2729 1213 2810 processivus
1257 2748 1368 2792 seu
1414 2730 1872 2810 progressivuS,

375 2847 578 2909 quum
624 2845 749 2890 non
797 2825 880 2888 sit
923 2826 1218 2889 animalis
1253 2843 1268 2887 ε
1300 2834 1364 2888 et
1412 2827 1465 2889 si
1515 2827 1658 2909 quis
1709 2828 1877 2890 dicat

374 2926 792 2999 contrarium,
831 2943 960 2987 non
1005 2933 1100 2986 est
1143 2924 1218 2986 de
1263 2924 1571 2987 vocabulo
1619 2934 1874 2989 conten-

374 3025 676 3088 dendum.

453 3125 778 3187 Postremo
826 3121 1205 3185 Guillelmus
1253 3122 1532 3184 secunda
1576 3130 1751 3202 parte
1795 3124 1873 3186 de

375 3223 703 3294 Universo,
739 3221 940 3282 multa
981 3238 1174 3302 super
1215 3219 1330 3281 hac
1372 3219 1674 3282 disseruit
1708 3241 1876 3304 quae-

374 3321 604 3395 stione,
637 3319 988 3401 praesertim
1028 3337 1110 3379 an
1148 3317 1356 3398 angeli
1395 3317 1545 3381 boni
1581 3319 1681 3380 vel
1724 3320 1874 3382 mali

375 3438 524 3482 vere
580 3423 911 3480 assumant
958 3434 1222 3498 corpora
1279 3415 1344 3478 in
1392 3417 1628 3499 quibus
1685 3436 1878 3499 appa-

375 3523 540 3591 rent,
572 3535 653 3578 an
687 3516 752 3578 in
785 3514 1157 3598 apparentia
1189 3522 1454 3576 tantum.
1489 3515 1694 3596 Atque
1735 3524 1878 3597 post

377 3615 944 3697 perscrutationem
1003 3622 1065 3676 et
1123 3613 1619 3695 disputationem
1679 3614 1874 3695 proli-

375 3733 546 3784 xam,
589 3712 842 3774 videtur
883 3713 1136 3774 tandem
1191 3711 1364 3773 illam
1417 3710 1696 3773 incidere
1738 3713 1874 3794 opi-

375 3812 636 3874 nionem
689 3829 831 3891 quae
885 3809 1077 3890 paulo
1123 3817 1268 3872 ante
1317 3828 1392 3872 ex
1443 3809 1732 3872 Udalrico
1777 3818 1876 3872 est

377 3910 660 3981 recitata,
694 3915 756 3969 et
797 3907 1056 3971 Alberto
1097 3907 1433 3989 adscripta.

454 4009 526 4070 ln
568 4005 797 4090 primis
835 4013 1048 4067 autem
1084 4005 1363 4087 disputat
1394 4014 1613 4068 contra
1651 4006 1876 4069 defini·

378 4108 615 4170 tionem
663 4104 915 4188 Apuleii
965 4104 1286 4178 Platonici,
1321 4105 1661 4166 asserentis
1703 4106 1875 4188 quod

1983 1943 2247 2016 cateniS,
2280 1962 2398 2006 nec
2442 1943 2684 2026 aliquid
2724 1943 3087 2026 profecisse.
3122 1944 3201 2008 At
3238 1962 3388 2007 vero
3424 1945 3477 2006 si

1985 2049 2344 2116 moventur,
2377 2043 2683 2125 quaeritur
2709 2063 2787 2106 an
2820 2044 3034 2106 volent
3061 2051 3169 2106 aut
3196 2043 3481 2124 gradian-

1982 2148 2087 2202 tur
2121 2159 2135 2204 :
2169 2141 2225 2202 si
2256 2141 2490 2216 volant,
2524 2161 2604 2204 an
2644 2142 2915 2206 habeant
2944 2143 3096 2218 alaS,
3130 2150 3194 2205 et
3222 2142 3477 2225 quales3

1983 2239 2037 2301 si
2068 2240 2458 2320 gradiantur,
2482 2259 2561 2302 an
2591 2240 2865 2304 habeant
2895 2241 3111 2323 pedeS,
3144 2249 3206 2304 et
3237 2241 3475 2323 quales,

1983 2338 2078 2400 An
2137 2337 2331 2399 etiam
2390 2355 2655 2419 corpora
2711 2337 2821 2400 illa
2875 2339 3149 2401 habeant
3203 2338 3479 2420 figuram

1984 2435 2329 2497 humanam
2369 2453 2442 2497 ac
2481 2443 2785 2498 staturam
2825 2444 3119 2499 erectam.
3154 2437 3478 2510 Praeterea‚

1983 2535 2094 2616 qui
2125 2533 2348 2596 dicunt
2376 2551 2483 2596 eos
2515 2553 2663 2596 vere
2691 2553 3014 2598 assumere
3049 2552 3313 2616 corpora
3345 2552 3487 2616 pro-

1986 2639 2054 2694 ut
2084 2633 2309 2694 volunt
2338 2640 2401 2694 et
2430 2651 2651 2696 eorum
2682 2632 2989 2715 obsequia
3017 2621 3301 2714 exigunt,
3326 2634 3483 2695 mul-

1984 2740 2078 2794 tas
2145 2730 2474 2813 patiuntur
2543 2731 2893 2794 instantias
2961 2732 3024 2794 Si
3092 2731 3264 2794 enim
3333 2751 3483 2795 vera

1983 2837 2197 2892 essent
2246 2847 2511 2911 corpora
2559 2837 2621 2891 et
2669 2847 2905 2910 organa
2953 2829 3260 2893 haberent
3306 2849 3477 2906 vera,

1984 2935 2301 3008 oporteret
2333 2927 2500 2989 vires
2542 2927 2879 2989 sensitivas
2906 2926 2999 2990 eis
3030 2927 3259 3002 inesse,
3292 2935 3356 2990 et
3384 2947 3480 2990 es-

1908 3024 1951 3087 C
1985 3033 2126 3088 sent
2156 3025 2489 3106 tangibilia
2517 3044 2685 3087 vere.
2720 3061 2799 3070 —
2828 3025 3021 3088 Multa
3058 3025 3157 3088 his
3186 3026 3483 3089 consimi-

1986 3124 2072 3186 lia
2118 3124 2313 3204 tangit
2358 3122 2738 3186 Guillelmus
2775 3141 3093 3206 :quorum
3141 3143 3259 3206 pro
3306 3133 3481 3206 parte

1988 3229 2160 3304 patet
2188 3240 2265 3282 ex
2304 3221 2491 3283 dictis
2530 3221 2783 3296 solutio,
2819 3221 3056 3285 idcirco
3093 3239 3219 3284 non
3259 3221 3484 3286 immo-

1984 3320 2276 3382 randum.

2063 3419 2302 3480 lterum
2342 3417 2550 3500 arguit
2583 3417 2669 3480 ita
2703 3438 2717 3482 z
2751 3418 2816 3482 Si
2847 3437 2996 3481 vera
3035 3437 3299 3502 corpora
3334 3427 3484 3482 sunt

1985 3537 2127 3599 quae
2174 3523 2503 3597 apparent,
2546 3534 2695 3597 ergo
2742 3524 2806 3577 et
2854 3535 3016 3579 verae
3064 3525 3294 3592 vesteS,
3335 3525 3485 3580 vera

1984 3634 2159 3677 arma
2189 3613 2453 3697 verique
2483 3615 2631 3696 equi
2672 3620 2841 3688 sunt,
2878 3614 2942 3676 in
2973 3615 3209 3696 quibus
3240 3624 3303 3678 et
3331 3635 3479 3680 cum

1985 3713 2221 3796 quibus
2264 3722 2589 3795 apparent.
2633 3714 2969 3795 Quumque
3010 3713 3331 3776 interdum
3372 3733 3481 3796 ap-

1985 3819 2248 3894 pareant
2286 3812 2527 3893 absque
2566 3828 2857 3885 numer0,
2890 3819 2953 3873 et
2982 3811 3271 3874 videatur
3306 3831 3483 3876 exer-

1985 3911 2149 3972 citus
2208 3927 2429 3972 eorum
2490 3910 2693 3990 major
2739 3909 3041 3972 omnibus
3097 3910 3480 3974 exercitibus

1984 4009 2275 4072 omnium
2318 4027 2536 4088 regum
2578 4026 2651 4070 ac
2692 4008 3059 4089 principum
3105 4016 3307 4082 terrm,
3352 4028 3479 4071 ma-

1983 4127 2106 4188 gna
2150 4116 2213 4169 et
2258 4106 2419 4168 mira
2466 4114 2559 4168 est
2603 4105 2870 4189 quaestio
2918 4125 2995 4168 ex
3045 4125 3171 4189 qua
3218 4107 3481 4169 materia

377 4207 695 4270 daemones
725 4212 874 4266 sunt
901 4201 1200 4265 animalia
1230 4220 1493 4284 corpore
1524 4204 1714 4276 aeria,
1747 4205 1878 4266 ani-
1906 4207 1954 4268 D
1986 4207 2114 4268 sint
2156 4205 2371 4267 omnia
2420 4204 2527 4266 illa
2576 4203 2850 4267 formata
2882 4224 2897 4268 :
2930 4214 2995 4267 et
3033 4203 3326 4286 quamvis
3376 4223 3481 4286 po-

381 4325 487 4369 mo
528 4304 798 4388 passiva,
833 4311 1118 4384 tempore
1157 4309 1409 4364 aeterna.
1445 4303 1507 4364 Si
1549 4303 1717 4366 enim
1753 4305 1876 4384 (in-

379 4405 546 4488 quit)
575 4410 724 4466 sunt
765 4400 1115 4484 passibilia,
1146 4418 1297 4480 ergo
1335 4410 1398 4462 et
1439 4402 1878 4483 corruptibilia

377 4523 456 4566 ex
501 4509 741 4564 natura.
775 4500 934 4562 Nam
979 4507 1042 4562 et
1080 4518 1189 4561 aer
1231 4499 1423 4560 habet
1465 4501 1872 4574 contrarium,

379 4610 441 4664 et
499 4601 566 4662 in
623 4598 756 4661 suis
814 4597 1104 4680 partibus
1161 4596 1596 4678 corruptibilis
1651 4606 1871 4661 exstat.

379 4701 642 4772 Rursus,
693 4695 746 4758 si
803 4695 1106 4758 animalia
1162 4702 1331 4768 sunt,
1383 4713 1533 4776 ergo
1590 4696 1878 4759 membra

380 4796 636 4869 habent,
688 4813 889 4877 quum
947 4793 1161 4855 anima
1208 4793 1293 4855 sit
1338 4792 1544 4855 forma
1593 4794 1877 4874 corporis

379 4893 660 4977 organici
703 4892 973 4976 physici.
1011 4893 1172 4972 Ergo
1214 4910 1330 4974 per
1375 4892 1874 4974 amputationem

379 4993 802 5057 membrorum
829 4990 1198 5054 naturaliter
1230 4997 1487 5072 possent
1519 4989 1689 5051 mori.
1705 4989 1881 5052 Nem·

1987 4312 2177 4366 testas
2228 4302 2544 4365 formandi
2594 4303 2729 4365 haec
2776 4301 2992 4365 omnia
3041 4310 3168 4364 tam
3220 4311 3480 4384 repente

1985 4404 2128 4464 data
2166 4408 2331 4462 essct
2372 4401 2613 4481 angelis
2650 4399 2909 4473 sanctis,
2944 4399 3054 4481 qui
3085 4419 3158 4461 ea
3188 4419 3315 4464 non
3353 4401 3476 4464 nisi

1982 4498 2059 4560 ad
2103 4498 2413 4561 Creatoris
2461 4498 2724 4579 gloriam
2776 4498 2870 4560 uti
2914 4498 3137 4560 volunt
3181 4505 3289 4560 aut
3338 4516 3478 4581 pos-

1983 4605 2152 4672 sunt,
2197 4615 2322 4659 non
2370 4605 2578 4659 tamen
2622 4596 2944 4659 videretur
2992 4595 3135 4657 data
3184 4596 3477 4678 malignis

1983 4696 2339 4777 spiritibus,
2382 4696 2493 4778 qui
2542 4713 2667 4757 non
2710 4695 3009 4757 videntur
3052 4713 3127 4758 ea
3172 4695 3333 4759 velle
3384 4696 3475 4758 uti

1984 4794 2104 4856 nisi
2149 4794 2228 4856 ad
2268 4792 2743 4856 irreverentiam
2775 4793 3152 4866 ConditoriS‚
3186 4801 3250 4857 et
3287 4794 3364 4856 ad
3406 4793 3476 4856 il-

1985 4893 2263 4954 lusiones
2305 4892 2836 4974 deceptionesque
2878 4891 3233 4956 hominum.

2064 4991 2330 5073 Insuper
2376 4990 2460 5054 ob
2513 4991 2631 5053 hoc
2688 4990 2857 5072 quod
2917 4989 3160 5072 aliquid
3216 4997 3479 5074 apparet

454 5239 472 5276 ¹
505 5235 676 5286 Juxta
704 5233 790 5283 ed.
811 5234 1008 5282 Venet.
1033 5231 1194 5284 1586:
1228 5231 1497 5282 Similiter
1524 5231 1819 5282 dicendum
1855 5235 1960 5292 est,
1987 5232 2134 5295 quod
2167 5236 2354 5282 motus
2388 5232 2581 5282 talium
2614 5245 2909 5296 corporum
2943 5233 3333 5296 progressivus
3363 5248 3472 5285 non

392 5313 478 5358 est
507 5311 742 5368 naturae,
767 5319 866 5356 nec
898 5319 1042 5370 opus
1067 5304 1213 5364 vitae,
1233 5317 1406 5370 quum
1437 5319 1544 5356 non
1578 5304 1652 5355 sit
1680 5319 1714 5354 a
1744 5309 1958 5355 motore
1987 5304 2309 5368 conjuncto,
2338 5304 2435 5354 sed
2466 5307 2727 5368 separato
2758 5303 3066 5355 secundum
3098 5305 3470 5371 suppositum.
