4334 6242
866 465 988 530 432

1543 483 1608 530 IN
1646 483 1870 530 Lunum
1910 483 1955 528 11
1995 479 2479 530 SENTENTIARUM.
2526 497 2607 510 ·-
2646 481 2799 528 msr.
2837 481 2963 544 v113
3006 482 3231 539 QUAEST.
3268 482 3307 528 V

871 652 1132 727 ralibuS,
1175 655 1326 736 quia
1364 655 1695 718 Psalmista
1735 655 2123 718 enumeratis
2167 653 2370 737 plagis
2400 651 2453 716 A
2561 654 2865 727 Quocirca
2908 655 3263 729 sciendum,
3305 654 3471 736 quod
3516 653 3813 735 quamvis
3852 653 3980 714 Au-

868 751 1142 834 AEgypti‚
1177 772 1319 834 quae
1351 754 1610 816 fuerunt
1639 753 2147 836 supernaturalia
2176 770 2370 834 opera

589 870 670 914 Ρε.
688 882 840 920 txxvu,
869 849 1004 924 Dei,
1058 849 1390 933 subjungit
1442 872 1456 916 :
1508 852 1678 914 Misit
1725 853 1789 914 in
1839 870 1946 914 eos
1997 851 2155 913 iram
2208 850 2369 912 indi-

570 936 639 980 *θ’
868 948 1184 1029 gnationis
1233 970 1384 1025 suae,
1432 951 1931 1033 indignationem
1981 959 2044 1012 et
2095 951 2256 1012 iram
2305 957 2369 1012 et

867 1046 1368 1123 tribulationem,
1437 1049 1866 1124 immissiones
1935 1067 2050 1130 per
2110 1048 2367 1128 angelos

867 1145 1085 1207 malos.

944 1242 1257 1306 Permittit
1293 1251 1509 1307 autem
1550 1245 1717 1306 Deus
1756 1245 2076 1308 daemones
2115 1242 2363 1326 operari

863 1339 931 1402 in
961 1342 1309 1405 tentatione
1347 1342 1666 1422 justorum
1697 1351 1760 1406 et
1791 1344 1857 1405 in
1897 1342 1998 1405 his
2038 1361 2180 1425 quae
2216 1348 2365 1405 sunt

861 1440 1118 1504 virtutis
1158 1442 1443 1525 ipsorum
1474 1444 1953 1508 daemoniorum.
1992 1442 2189 1522 Cujus
2227 1460 2365 1524 per·

861 1539 1185 1604 missionis
1231 1538 1728 1625 causam'super
1772 1541 2008 1604 librum
2056 1541 2363 1604 Numero-

859 1657 1004 1700 rum
1046 1638 1345 1720 Origenes
1385 1641 1686 1722 assignat,
1730 1640 2000 1702 dicendo
2043 1656 2057 1701 ε
2101 1639 2193 1700 Ex
2236 1656 2363 1721 quo

859 1735 1025 1798 Deus
1067 1739 1380 1800 concessit
1409 1738 1663 1802 diabolo
1703 1746 2080 1821 potestatem
2119 1745 2365 1799 tentan-

2478 751 2772 832 gustinus
2830 751 3125 835 opinatus
3182 753 3265 814 sit
3312 753 3788 833 percussionem
3850 750 3981 832 pri·

2480 850 2947 931 mogenitorum
3006 851 3255 933 AEgypti
3316 849 3551 912 factam
3614 849 3695 911 ab
3752 849 3979 929 angelo

2480 948 2669 1022 malo,
2720 949 2797 1010 de
2854 948 2998 1011 aliis
3054 957 3271 1011 tamen
3329 949 3533 1030 plagis
3589 947 3979 1030 disputative

2478 1045 2768 1128 inquirit,
2811 1065 2929 1108 nec
2977 1047 3168 1109 audet
3210 1045 3635 1108 determinare
3679 1045 3850 1127 quod
3896 1044 3979 1107 ab

2475 1144 2717 1224 angelis
2760 1145 2944 1207 malis
2986 1144 3175 1208 illatae
3217 1145 3364 1206 sint.
3409 1143 3695 1226 Denique
3738 1143 3807 1205 in
3848 1151 3981 1206 tota

2476 1241 2585 1304 illa
2632 1242 2898 1305 historia
2939 1242 3137 1306 Exodi
3186 1241 3491 1305 scribitur
3532 1243 3700 1304 Deus
3746 1241 3978 1304 fecisse

2476 1340 2797 1404 mirabilia
2836 1341 2965 1417 illa,
2998 1349 3064 1404 et
3094 1342 3413 1405 interdum
3448 1342 3691 1424 Moyses
3730 1359 3845 1423 per
3887 1340 3979 1402 in-

2473 1441 2873 1504 vocationem
2919 1441 3054 1504 veri
3112 1441 3247 1515 Dei,
3299 1449 3363 1504 et
3420 1441 3739 1503 mediante
3799 1439 3978 1520 virga

2474 1539 2585 1602 Dei
2621 1557 2635 1601 :
2672 1559 2815 1622 quae
2854 1540 3093 1603 idcirco
3135 1540 3315 1621 virga
3353 1539 3466 1602 Dei
3505 1547 3789 1614 vocatur,
3823 1539 3977 1620 quia
4040 1558 4198 1602 ema.
4220 1577 4268 1612 w.

2474 1638 2541 1700 in
2588 1657 2663 1700 ea
2703 1645 2768 1700 et
2806 1657 2919 1720 per
2962 1658 3103 1702 eam
3154 1639 3397 1722 Moyses
3441 1638 3592 1701 fecit
3634 1639 3814 1719 signa
3865 1637 3976 1699 illa
4004 1629 4075 1670 ²⁰·

2474 1735 2710 1797 virtute
2751 1735 2987 1809 divina,
3023 1735 3190 1798 sicut
3228 1735 3293 1797 in
3338 1735 3552 1798 Exodo
3593 1734 3814 1797 fertur.
3851 1735 3976 1796 Ma—

857 1833 922 1895 di
956 1853 1070 1917 per
1099 1837 1409 1918 magicam
1438 1845 1663 1912 artem,
1687 1854 1813 1899 non
1844 1837 2052 1899 aufert
2081 1836 2142 1898 ei
2172 1855 2361 1898 usum
2398 1842 2445 1905 Β
2478 1833 2649 1896 lefici
2684 1841 2900 1896 autem
2936 1833 3277 1897 Pharaonis
3316 1835 3742 1916 operabantur
3781 1833 3980 1895 virtu-

858 1933 1171 2014 ejusdem,
1223 1935 1390 1998 sicut
1436 1954 1554 1998 nec
1602 1935 2048 1998 universaliter
2094 1942 2365 2018 potesta-

863 2039 992 2094 tem
1031 2033 1339 2107 tentandi‚
1372 2033 1556 2096 aliter
1585 2034 2029 2097 verificaretur
2066 2028 2236 2116 quod
2273 2033 2364 2095 di-

861 2129 953 2192 xit
1001 2130 1295 2194 diabolus
1355 2132 1538 2215 quasi
1597 2133 2038 2215 improperans
2089 2132 2359 2206 Christ0,

561 2253 830 2304 Materiam,
857 2229 1102 2292 Venisti
1150 2240 1296 2294 ante
1342 2240 1594 2315 tempus
1640 2239 1934 2314 torquere
1978 2251 2114 2306 nOS‚
2158 2231 2222 2293 id
2266 2238 2364 2294 est

561 2322 630 2362 ²⁹·
856 2336 1004 2390 ante
1034 2336 1289 2412 tempus
1320 2349 1447 2415 quo
1481 2349 1610 2394 non
1643 2331 1766 2393 erit
1796 2331 1972 2394 locus
2011 2328 2356 2412 pugnandi.

857 2426 1062 2509 Atque
1107 2436 1178 2490 ut
1226 2429 1314 2492 ibi
1365 2430 1590 2492 asserit
1633 2430 1953 2511 OrigeneS,
1999 2429 2064 2491 in
2112 2436 2360 2492 tantum

856 2526 1022 2588 Deus
1080 2525 1309 2588 detulit
1357 2527 1505 2588 huic
1552 2527 1695 2601 arti,
1746 2528 1917 2610 quod
1975 2526 2187 2610 potius
2247 2526 2360 2589 ali-

856 2625 1111 2705 quando
1141 2625 1343 2687 voluit
1374 2626 1772 2688 vocationem
1802 2626 2166 2690 daemonum
2205 2644 2362 2706 prae·

854 2723 1172 2784 veniendo
1227 2723 1560 2804 impedire,
1614 2743 1806 2806 quam
1855 2732 2109 2788 vocatos
2159 2743 2195 2786 a
2242 2741 2359 2785 suo

853 2818 1092 2882 effectu
1137 2839 1372 2894 arcere,
1407 2830 1479 2882 ut
1523 2828 1696 2903 patet
1738 2822 1805 2885 in
1852 2822 2015 2885 libro
2054 2822 2359 2885 Numero-

853 2936 1019 2992 rum,
1053 2919 1362 2982 vicesimo
1391 2921 1671 2984 secundo
1710 2921 1990 3003 capitulo
2021 2938 2224 3002 usque
2258 2939 2356 2982 ca-

2476 1941 2539 1996 te
2577 1934 3056 1997 daemoniorum.
3092 1934 3220 1996 Nec
3257 1933 3608 1997 verisimile
3652 1941 3768 2009 est,
3803 1934 3977 2015 quod

2474 2033 2794 2096 daemone-s
2837 2041 3283 2115 pugnaverunt
3328 2041 3547 2096 contra
3587 2051 3655 2094 se
3694 2032 3977 2096 invicem

2475 2149 2591 2214 pro
2648 2131 3019 2195 defensione
3076 2131 3437 2196 Israeliticae
3495 2130 3701 2213 plebis
3750 2140 3813 2194 et
3860 2148 3980 2213 pro

2474 2230 2585 2292 Dei
2615 2229 2890 2309 honore;
2922 2249 3041 2293 nec
3072 2231 3191 2293 rite
3222 2238 3423 2305 sonat,
3448 2231 3619 2312 quod
3652 2237 3780 2293 tam
3808 2230 3976 2312 Moy·

2473 2329 2560 2390 sis
2589 2348 2782 2411 quam
2815 2346 3145 2411 magorum
3176 2347 3371 2412 opera
3400 2329 3563 2391 mira
3592 2327 3839 2392 fiebant
3868 2347 3977 2392 ex-

2472 2427 2799 2489 secutione
2829 2426 3254 2508 malignorum
3286 2426 3667 2509 spirituum;
3701 2445 3819 2489 nec
3847 2427 3976 2490 dae-

2472 2542 2693 2587 mones
2722 2525 2842 2588 hoc
2873 2525 3151 2608 egissent
3181 2525 3305 2587 nisi
3337 2524 3973 2607 compulsi.Denique

2472 2622 2537 2684 in
2580 2622 2744 2686 libro
2782 2624 3121 2707 Sapientia>
3160 2624 3391 2706 legitur
3423 2643 3439 2688 ε
3473 2623 3638 2686 Dum
3684 2622 3971 2685 medium
4030 2651 4267 2708 Sap„1,„,‚

2468 2721 2797 2785 silentium
2839 2723 3192 2786 contineret
3219 2723 3456 2797 omnia,
3488 2729 3552 2784 et
3588 2739 3712 2784 nox
3747 2721 3813 2783 in
3852 2739 3973 2784 suo
4004 2719 4074 2768 ¹⁴1
4100 2721 4169 2760 ¹⁵·

2470 2837 2661 2882 cursu
2721 2820 3004 2882 medium
3063 2821 3185 2881 iter
3230 2819 3513 2894 haberet,
3562 2819 3973 2902 omnipotens

2469 2935 2678 2980 sermo
2726 2926 2895 2992 tuuS,
2941 2927 3060 2981 etc.
3109 2919 3286 2992 Quod
3332 2919 3411 2980 ad
3457 2918 3733 2981 litteram
3780 2935 3974 3000 expo-

853 3014 1131 3096 pitulum
1163 3015 1542 3078 vicesimum
1582 3017 1900 3098 quintum.
1935 3017 2054 3091 Qui
2083 3016 2357 3080 effectus
2394 3022 2438 3086 C
2469 3015 2645 3078 nitur
2696 3016 2773 3078 de
2832 3016 3060 3098 spiritu
3120 3015 3307 3096 cujus
3366 3017 3771 3080 exsecutione
3824 3035 3970 3099 per-

851 3121 950 3174 est
981 3112 1341 3176 maledictio
1373 3121 1619 3176 tantum
1650 3123 1840 3197 atque
1872 3115 2215 3197 corruptiO.
2242 3115 2358 3178 Un-

851 3211 929 3273 de
969 3213 1194 3274 asserit
1233 3213 1533 3294 Origenes
1568 3233 1582 3277 :
1616 3214 1915 3287 Quamvis
1955 3214 2158 3276 virtus
2205 3212 2356 3276 mali

849 3310 1094 3392 aliquid
1137 3310 1344 3374 facere
1390 3320 1619 3393 potest,
1653 3320 1868 3375 tamen
1911 3311 2245 3374 restituere
2288 3312 2354 3373 in

850 3408 1170 3489 integrum
1211 3427 1339 3472 non
1380 3417 1604 3492 potest.
1639 3410 1939 3484 Quamvis
1981 3427 2131 3491 ergo
2173 3409 2357 3472 bene·

849 3506 1046 3569 dictio
1083 3507 1303 3569 divina
1342 3527 1468 3590 qua
1497 3510 1663 3571 Deus
1704 3516 2087 3591 protestatus
2116 3516 2214 3570 est
2244 3527 2352 3591 po-

849 3605 1075 3688 pulum
1121 3625 1310 3669 suum
1349 3625 1487 3670 esse
1532 3606 1966 3682 benedictum,
1997 3606 2353 3669 annihilare

848 3712 1094 3787 poterat
1143 3704 1658 3768 maledictionem
1709 3706 2072 3769 daemonum
2120 3706 2199 3767 de
2244 3724 2353 3788 po-

848 3804 1048 3866 tentia
1104 3803 1414 3878 absoluta,
1476 3823 1604 3866 non
1665 3811 1874 3867 tamen
1935 3805 2012 3866 de
2072 3804 2355 3886 potentia

2469 3131 2655 3176 cussa
2692 3122 2841 3175 sunt
2872 3113 3294 3196 primogenita
3330 3115 3807 3198 AEgyptiorum3
3846 3133 3971 3177 nec

2468 3212 2683 3294 aliquo
2734 3212 2922 3275 modo
2970 3213 3050 3274 de
3098 3212 3323 3293 angelo
3374 3212 3543 3276 malo
3590 3213 3711 3276 hoc
3760 3221 3972 3295 potest

2468 3310 2719 3392 exponi.
2755 3311 2876 3374 Sed
2920 3319 2983 3373 et
3026 3310 3244 3374 Glossa
3286 3311 3549 3394 exponit
3589 3311 3711 3374 hoc
3754 3310 3845 3372 ibi
3888 3311 3971 3373 de

2466 3409 2691 3488 angelo
2734 3407 2920 3471 bono.
2957 3410 3089 3471 Imo
3129 3409 3325 3472 Exodi
3364 3408 3745 3473 duodecimo
3786 3428 3966 3491 aper-

2468 3506 2713 3569 tissime
2770 3507 3094 3583 recitatur,
3153 3508 3324 3590 quod
3381 3507 3693 3570 Dominus
3756 3508 3966 3570 media
4023 3532 4261 3586 emam..

2466 3613 2650 3667 nocte
2689 3605 3100 3687 pertransivit
3139 3613 3201 3667 et
3242 3605 3563 3686 ingressus
3600 3613 3697 3668 est
3736 3606 3965 3669 domus
3994 3598 4063 3641 ²⁹·

2464 3703 2924 3787 AEgyptiorum‚
2956 3711 3146 3786 atque
3186 3704 3501 3786 percussit
3538 3705 3966 3787 primogenita

2465 3802 2557 3865 ibi
2592 3823 2606 3866 ε
2644 3804 2811 3885 quod
2858 3805 3197 3886 exponitur
3239 3805 3319 3866 de
3365 3805 3590 3886 angelo
3638 3804 3807 3868 bono
3850 3805 3962 3888 qui

849 3903 1158 3976 ordinata,
1211 3902 1451 3966 ratione
1500 3903 1632 3984 jam
1681 3903 1867 3964 dicta.
1916 3902 2062 3965 Ideo
2110 3901 2352 3966 benefi-
2466 3901 2532 3963 in
2590 3920 2859 3984 persona
2916 3901 3026 3964 Dei
3075 3921 3153 3965 ex
3203 3903 3423 3966 divino
3482 3903 3753 3985 imperio
3809 3903 3964 3966 fecit

851 4001 1025 4063 cium
1057 4001 1565 4083 praeservationis
1605 4001 1780 4063 illius
1812 4001 2216 4064 commendat
2244 4019 2353 4082 po·
2463 3999 2603 4063 hoc.
2637 3999 2796 4063 Nam
2827 4000 3057 4082 legitur
3087 4001 3199 4072 ibi,
3233 4002 3404 4083 quod
3434 4002 3742 4064 Dominus
3768 4002 3965 4084 jussit
4022 4027 4149 4074 laea.
4170 4034 4237 4078 22,

555 4130 819 4183 M50J,‚v,‚5‚
852 4099 1004 4182 pulo
1052 4118 1189 4174 suo,
1243 4118 1357 4182 per
1403 4100 1728 4163 Michaeam
1779 4099 1997 4161 dicens
2051 4116 2064 4161 :
2115 4099 2353 4181 Popule
2462 4099 2687 4180 angelo
2734 4099 2941 4162 facere
3000 4099 3177 4161 illud.
3228 4101 3357 4163 Nec
3404 4101 3653 4164 daemon
3701 4111 3967 4165 vocatur

852 4217 1054 4272 meus,
1102 4206 1443 4274 memento,
1491 4217 1728 4282 quaeso,
1776 4199 1930 4281 quid
1981 4198 2353 4279 cogitaverit
2382 4206 2432 4267 D
2463 4197 2769 4261 Dominus
2802 4197 2867 4259 in
2900 4197 3008 4259 illa
3042 4199 3375 4281 scriptura.
3396 4199 3523 4262 Nec
3553 4199 3769 4262 obviat
3802 4200 3961 4263 illud

850 4304 1069 4360 contra
1110 4305 1170 4360 te
1213 4297 1415 4360 Balac.
1455 4333 1536 4344 -
1573 4298 1716 4361 Haec
1761 4298 2107 4361 UdalricuS.
2462 4296 2803 4359 Psalmistae
2837 4315 2851 4360 t
2889 4297 3323 4359 Immissiones
3369 4316 3483 4380 per
3523 4297 3781 4380 angelos
3830 4317 3960 4362 ma·
4001 4325 4245 4380 stum,

928 4397 1044 4470 Qui
1101 4396 1166 4459 in
1224 4395 1324 4458 his
1378 4396 1588 4460 verbis
1648 4404 1865 4479 aperte
1916 4396 2172 4469 fatetur,
2224 4396 2352 4479 pla·
2464 4396 2576 4458 los.
2602 4395 2729 4458 Hoc
2760 4395 3003 4478 quippe
3032 4397 3485 4459 convenienter
3509 4398 3855 4480 exponitur
3882 4399 3959 4461 de
3988 4393 4056 4435 ⁴⁹·

847 4513 956 4576 gas
988 4494 1129 4558 illas
1161 4495 1672 4577 supernaturales
1703 4495 2115 4558 miraculosas
2145 4495 2351 4558 illatas
2463 4495 2794 4558 horrendis
2837 4495 3325 4577 inquietissimis
3372 4515 3445 4560 ac
3489 4496 3960 4560 molestissimis

847 4594 1178 4676 AEgyptiiS,
1230 4612 1368 4656 esse
1422 4593 1724 4674 irrogatas
1782 4593 2024 4656 eisdem
2076 4594 2205 4657 Deo
2250 4594 2350 4674 ju·
2463 4593 2729 4656 somniis
2753 4613 2891 4676 quae
2916 4593 3319 4676 patiebantur
3336 4594 3611 4678 AEgyptii
3637 4614 3716 4658 ex
3741 4595 3963 4659 daemo-

849 4690 1039 4753 bente
1083 4699 1148 4753 et
1186 4691 1683 4773 exsequentibus
1722 4691 2140 4754 daemonibus
2175 4693 2350 4766 Quod
2463 4713 2618 4756 num
2651 4693 3020 4775 ingestione,
3038 4694 3117 4756 de
3141 4693 3538 4776 pravissimis
3572 4713 3829 4778 quoque
3860 4713 3961 4760 co-

847 4790 1042 4852 etiam
1081 4789 1242 4873 Lyra
1281 4789 1567 4852 defendit
1610 4798 1673 4852 et
1721 4791 1828 4852 alii
1868 4791 2150 4872 quidam,
2194 4811 2350 4873 prae-
2460 4793 2869 4875 gitationibus
2891 4813 3047 4876 quas
3070 4812 3149 4856 ex
3172 4793 3573 4875 suggestione
3595 4794 3957 4858 daemonum

848 4889 1066 4951 sertim
1097 4896 1356 4971 propter
1378 4889 1807 4951 auctoritatem
1829 4889 2170 4952 Psalmistae
2202 4908 2355 4972 prae-
2462 4901 2893 4975 conceperunt
2912 4893 3185 4976 AEgyptii
3218 4901 3436 4954 contra
3455 4893 3657 4955 Deum
3686 4893 3957 4978 ejusque

844 4988 1201 5069 allegatam.
1237 4987 1385 5050 Mihi
1420 4995 1635 5050 autem
1666 4987 1928 5051 omnino
1958 4989 2211 5051 videtur
2240 5007 2350 5071 op·
2461 4992 2793 5073 populum.
2846 5027 2927 5038 —-
2974 4992 3189 5073 ltaque
3248 4991 3415 5053 sicut
3473 4993 3639 5055 Deus
3698 5012 3956 5076 percus·

589 5111 818 5168 enavit,
848 5087 1150 5169 positum,
1187 5087 1354 5154 sicut
1391 5095 1454 5150 et
1493 5106 1685 5168 supra
1729 5085 1966 5148 librum
2012 5088 2349 5170 Sapientia)
2459 5090 2542 5153 sit
2578 5090 2645 5152 in
2684 5091 2905 5153 castris
2934 5089 3338 5172 Assyriorum
3379 5098 3638 5154 centum
3677 5094 4247 5175 octogin·1vne9.1n‚
4289 5091 4290 5102 i

553 5175 821 5230 ¹'·⁵⁵⁷⁰'²‘
847 5186 1113 5268 exposui
1171 5205 1244 5250 ac
1303 5186 1588 5269 probavi,
1640 5185 1892 5268 plenius
1941 5205 2092 5250 vero
2150 5187 2349 5250 Exodi
2460 5197 2522 5251 ta
2561 5189 2844 5271 quinque
2889 5189 3091 5252 millia
3132 5188 3468 5252 hominum
3501 5209 3617 5273 per
3654 5192 3954 5273 angelum
3982 5181 4049 5226 ³⁵·
4289 5197 4290 5206 ’

551 5241 682 5344 {viii
697 5236 819 5344 :32⁶
848 5285 1244 5350 duodecimo,
2459 5296 2773 5363 sanctum,
2808 5288 2894 5350 ita
2933 5295 2996 5350 et
3038 5289 3461 5372 primogenita
3488 5290 3947 5374 AEgyptiorum.
