4334 6242
817 497 938 564 286
1492 519 1554 565 ιΝ
1594 520 1817 566 unnim
1860 521 1901 565 11
1944 517 2425 566 SENTENTIARUM.
2470 537 2551 546 —
2592 519 2743 565 nisr.
2793 517 2892 582 1v3
2939 519 3161 575 ouAEST.
3209 519 3252 566 ιι

902 687 970 748 ln
1002 689 1389 751 contrarium
1422 696 1539 762 est,
1562 689 1712 770 quia
1745 689 1796 752 si
1829 690 2089 752 fuerunt
2121 689 2313 752 creati
2346 691 2397 754 A
2428 691 2592 752 Deus
2643 692 2926 753 nondum
2978 691 3125 752 dare
3172 690 3474 761 decrevit,
3517 709 3708 771 quam
3755 697 3941 752 stare

822 785 885 846 in
931 787 1131 866 gratia
1178 796 1425 868 gratum
1474 787 1770 863 faciente,
1814 807 1962 868 ergo
2006 797 2069 850 et
2113 789 2177 851 in
2221 807 2318 850 ca·
2427 789 2490 850 in
2528 789 2778 868 justitia
2811 790 2873 850 in
2907 809 3033 870 qua
3070 789 3216 851 facti
3249 796 3449 861 erant,
3483 789 3704 849 eadem
3739 787 3944 866 justi-

823 885 1001 946 ritate
1037 904 1051 947 ε
1086 904 1234 965 ergo
1267 887 1511 968 primus
1542 906 1762 948 corum
1800 897 2001 959 actuS‚
2038 889 2144 968 qui
2189 906 2315 950 non
2427 887 2512 948 tia
2548 887 2896 966 judicante,
2930 896 2993 948 et
3026 888 3182 949 illud
3225 895 3482 969 propter
3512 888 3679 968 quod
3723 888 3940 948 Deum

818 983 1029 1064 potuit
1075 1003 1212 1045 csse
1262 985 1489 1059 maluS,
1542 984 1768 1046 fuisset
1820 986 2202 1058 meritoriuS‚
2253 994 2316 1048 et
2426 993 2967 1067 contempserunt,
3021 1005 3425 1068 nequaquam
3483 985 3936 1058 obtinuerunt,

819 1080 1090 1143 fuissent
1132 1099 1243 1163 per
1273 1083 1599 1146 caritatem
1640 1085 1717 1146 ad
1757 1085 1957 1146 Deum
1999 1084 2311 1156 conversi,
2424 1090 2488 1144 et
2535 1085 2704 1165 quod
2758 1083 3058 1146 tenebant
3107 1084 3346 1146 bonum
3405 1084 3773 1146 amiserunt.
3833 1083 3938 1145 Ex

815 1179 1167 1260 praesertim
1199 1199 1397 1262 quum
1429 1181 1605 1243 nulla
1637 1182 1948 1264 passione,
1973 1182 2149 1244 nulla
2178 1200 2318 1262 sug·
2424 1200 2551 1263 quo
2596 1189 2788 1264 patet,
2823 1184 2991 1264 quod
3037 1183 3102 1244 in
3149 1183 3398 1264 justitia
3442 1183 3590 1244 facti
3635 1190 3821 1262 sunt3
3863 1191 3938 1244 et

813 1278 1099 1358 gestione
1158 1279 1629 1342 retraherentur
1684 1289 1793 1343 aut
1851 1280 2316 1362 impedirentur
2425 1287 2668 1341 constat
2706 1282 2874 1362 quod
2918 1281 3199 1362 loquitur
3227 1282 3306 1344 de
3345 1281 3614 1343 formata
3649 1281 3934 1361 justitia,

813 1394 850 1436 a
893 1376 1020 1438 Deo
1065 1376 1129 1438 in
1176 1377 1386 1458 primo
1428 1385 1593 1439 actu.
1629 1378 1747 1440 Sed
1792 1378 2312 1440 convertentibus
2425 1400 2564 1461 quae
2595 1381 2732 1444 sine
2763 1382 3020 1444 caritate
3051 1390 3114 1443 et
3143 1382 3341 1462 gratia
3372 1399 3497 1444 non
3530 1381 3818 1444 habetur.
3841 1416 3934 1426 —

814 1495 881 1536 se
924 1476 1003 1536 ad
1048 1475 1249 1538 Deum
1300 1495 1413 1558 per
1458 1478 1806 1551 caritatem,
1844 1495 1988 1539 mox
2031 1478 2177 1539 data
2219 1485 2312 1540 est
2397 1479 2812 1565 ‘Augustinus
2843 1481 2993 1542 item
3025 1480 3404 1543 duodecimo
3435 1479 3928 1543 confessionum

812 1593 1057 1636 merces
1101 1575 1389 1658 visioque
1435 1575 1615 1637 beata
1658 1595 1671 1639 :
1716 1595 2043 1658 quumque
2086 1576 2170 1638 sit
2212 1595 2311 1638 ea-
2424 1578 2705 1658 loquitur
2744 1579 2870 1641 Deo
2906 1596 2918 1640 :
2953 1579 3194 1661 Moyses
3231 1578 3516 1641 scribens
3546 1587 3607 1640 te
3640 1579 3702 1640 in
3745 1579 3932 1661 prin·
4011 1592 4128 1635 Gen
4171 1606 4204 1638 ι,
4231 1596 4272 1634 ι.

814 1673 958 1735 dem
993 1673 1152 1736 ratio
1182 1675 1258 1736 de
1288 1675 1529 1754 angelis
1562 1675 1898 1748 universiS,
1932 1675 2147 1737 nullus
2182 1692 2314 1737 cor·
2423 1674 2593 1756 cipio
2642 1676 2871 1738 fecisse
2931 1676 3163 1738 coelum
3215 1684 3276 1738 et
3323 1684 3577 1748 terram,
3629 1685 3788 1739 tacet
3843 1678 3930 1740 de

814 1771 1045 1833 ruisset
1074 1789 1151 1832 ex
1180 1773 2088 1854 eiS.—lnsuper‚Augustinns
2120 1791 2314 1854 super
2425 1774 2845 1855 temporibuS,
2887 1774 3032 1837 silet
3076 1776 3153 1836 de
3201 1775 3448 1838 diebus.
3495 1776 3790 1839 Creatura
3837 1785 3937 1838 et-

814 1869 1109 1932 Gcnesim
1160 1878 1545 1933 contestatur
1592 1889 1605 1932 z
1660 1870 1959 1933 Diabolus
2009 1871 2312 1932 continuo
2349 1876 2396 1937 B
2427 1871 2597 1933 enim
2638 1873 3086 1935 intellectualis
3124 1893 3490 1956 quanquam
3531 1874 3648 1936 tibi
3687 1894 3938 1958 nequa-

816 1975 887 2028 ut
924 1968 1129 2030 factus
1169 1977 1285 2043 est,
1320 1969 1575 2043 cecidit,
1606 1987 1732 2031 non
1769 1969 1848 2031 ab
1889 1987 1964 2031 eo
2005 1970 2176 2051 quod
2217 1988 2316 2031 ac·
2426 1989 2618 2052 quam
2649 1979 2980 2044 coaeterna,
3002 1972 3321 2054 particeps
3353 1980 3564 2035 tamen
3597 1980 3718 2036 tuae
3747 1981 3938 2035 aeter-

819 2067 1008 2148 cepit,
1050 2068 1160 2129 sed
1205 2068 1373 2148 quod
1424 2067 1761 2149 acciperet,
1804 2067 1857 2128 si
1908 2068 2037 2130 Deo
2079 2067 2314 2148 subjici
2427 2068 2663 2142 nitatiS,
2691 2069 3180 2132 mutabilitatem
3213 2089 3390 2132 suam
3428 2091 3558 2152 prae
3587 2071 3936 2134 dulcedine

819 2165 1143 2228 voluisset.
1181 2165 1421 2228 Cecidit
1458 2174 1670 2227 autem
1708 2185 1744 2227 a
1781 2165 2038 2227 caritate
2079 2173 2140 2228 et
2179 2184 2317 2246 gra·
2426 2165 2814 2231 felicissimae
2863 2169 3418 2251 contemplationis
3470 2178 3592 2232 tuae
3643 2169 3929 2244 cohibet,

821 2264 958 2326 tia:
992 2283 1141 2345 ergo
1184 2283 1290 2326 eas
1334 2265 1617 2326 nondum
1660 2273 2008 2347 acceperat.
2042 2301 2123 2310 ——
2161 2265 2317 2327 Rur-
2427 2274 2489 2328 et
2527 2267 2664 2328 sine
2711 2267 2840 2330 ullo
2886 2268 3061 2350 lapsu
3105 2288 3181 2330 cx
3227 2286 3353 2350 quo
3394 2268 3559 2330 facta
3597 2276 3691 2330 est
3733 2267 3936 2331 inhae-

534 2387 716 2438 disum,
744 2385 790 2432 r.
822 2383 952 2438 suS,
996 2363 1288 2444 Magister
1335 2363 1400 2424 in
1451 2364 1659 2425 littera
1706 2363 1941 2426 fatetur
1980 2382 1993 2425 ε
2040 2364 2318 2444 Angelus
2429 2364 2625 2426 rendo
2668 2364 2808 2438 tibi,
2851 2366 3098 2427 excedit
3141 2383 3398 2428 omnem
3444 2366 3789 2429 volubilem
3837 2367 3938 2429 vi·-

824 2464 889 2525 in
935 2482 1048 2526 sua
1087 2463 1405 2524 creatione
1449 2462 1692 2544 acccpit
1735 2463 1797 2523 id
1845 2481 1957 2545 per
1996 2463 2165 2544 quod
2213 2481 2320 2544 po-
2429 2461 2866 2525 cissitudinem
2913 2471 3292 2546 temporum.
3337 2465 3425 2526 Ex
3470 2465 3589 2527 hoc
3633 2465 3933 2538 habetur,

822 2569 981 2623 terat
1022 2569 1209 2634 stare,
1244 2579 1371 2622 non
1413 2560 1477 2622 id
1518 2579 1630 2642 per
1669 2561 1839 2642 quod
1882 2561 2090 2641 quivit
2128 2560 2320 2642 profi·
2430 2562 2597 2642 quod
2647 2562 2854 2643 angeli
2904 2581 2982 2624 ex
3029 2580 3157 2645 quo
3203 2562 3357 2625 facti
3405 2572 3574 2638 sunt,
3617 2563 3940 2626 inhaerent

822 2679 982 2721 cere.
1028 2659 1164 2721 Non
1208 2676 1357 2739 ergo
1406 2659 1731 2720 caritatem
1779 2659 2175 2740 gratiamque
2223 2677 2322 2720 ac·
2431 2660 2558 2742 Deo
2609 2659 2980 2722 felicissima
3037 2661 3592 2744 contemplatione.
3639 2663 3799 2744 Ergo
3849 2682 3934 2724 ex

823 2758 1015 2840 cepit,
1048 2757 1199 2838 quia
1242 2776 1356 2838 per
1397 2756 1537 2819 illas
1582 2756 1937 2838 proficitur.
2173 2774 2178 2778 ·
2432 2763 2583 2817 tunc
2615 2757 2856 2830 feliccS,
2887 2757 3014 2819 imo
3043 2765 3107 2820 et
3137 2757 3493 2820 felicissimi
3525 2768 3675 2820 sunt
3707 2777 3722 2820 z
3755 2760 3936 2841 quod

2431 2875 2568 2918 esse
2599 2875 2724 2919 non
2757 2865 2963 2939 potest
2995 2858 3132 2920 sine
3161 2859 3380 2938 gratia.
3403 2894 3484 2903 —
3511 2859 3746 2920 lterum
3775 2859 3938 2921 duo-

554 2987 789 3031 smuffl„
911 2957 1004 3019 Ad
1063 2957 1183 3019 hoc
1243 2956 1582 3038 respondet
1639 2956 1935 3018 Albcrtus
1996 2975 2008 3019 ε
2074 2958 2139 3019 ln
2200 2957 2317 3019 hac
2432 2955 2681 3017 decimo
2711 2955 2788 3016 de
2820 2955 3084 3018 Civitate
3125 2956 3235 3017 Dei
3275 2955 3932 3030 disseruit:Quidam

529 3042 1171 3138 2¹⁹·‘tq·¹⁸·'quaestione
1212 3055 1624 3117 diversificati
1668 3062 1814 3118 sunt
1852 3056 2119 3138 antiqui,
2152 3056 2320 3118 sicut
2358 3052 2401 3115 C
2431 3053 2652 3115 dicunt
2689 3054 2944 3135 angelos
2983 3054 3336 3116 secundum
3375 3054 3655 3136 aliquem
3691 3063 3938 3136 tempo·

543 3168 791 3220 anama.
823 3154 927 3216 hic
970 3162 1180 3216 narrat
1222 3154 1532 3234 Magister.
2430 3152 2516 3213 ris
2576 3169 2944 3233 processum
3005 3152 3142 3214 sine
3189 3153 3392 3234 gratia
3447 3154 3784 3226 exstitisse,
3838 3154 3940 3215 di-

902 3252 1166 3326 Quidam
1218 3253 1390 3315 enim
1450 3253 1828 3324 concedunt,
1879 3253 2049 3334 quod
2097 3270 2317 3315 omnes
2431 3257 2644 3311 centes
2683 3250 2851 3330 quod
2893 3250 3102 3332 primo
3133 3250 3410 3313 tenebrae
3449 3258 3646 3312 erant.
3681 3251 3754 3313 Hi
3797 3269 3936 3314 non

822 3351 1028 3431 angeli
1092 3351 1156 3411 in
1214 3351 1415 3431 gratia
1476 3359 1725 3431 gratum
1793 3349 2065 3412 faciente
2122 3351 2316 3412 creati
2428 3355 2597 3409 recte
2629 3347 2850 3408 dicunt
2885 3367 2898 3410 ε
2935 3349 3042 3409 sed
3084 3347 3274 3409 simul
3321 3355 3389 3408 ut
3425 3347 3573 3409 facti
3613 3355 3782 3420 sunt,
3819 3349 3938 3411 lux

822 3449 968 3510 sint.
1033 3447 1229 3529 Cujus
1286 3448 1607 3530 opinionis
1669 3448 1789 3508 fuit
1846 3448 2314 3530 PraepositivuS,
2427 3444 2577 3507 facti
2621 3453 2787 3507 sunt.

819 3545 1097 3626 allegans
1129 3545 1285 3607 illud
1312 3545 1645 3626 Augustini
1679 3546 2056 3608 duodecimo
2086 3547 2162 3607 de
2194 3547 2322 3608 Tri·
2508 3544 2616 3605 His
2656 3553 2718 3606 et
2757 3543 3201 3607 consimilibus
3243 3543 3726 3607 auctoritatibus
3766 3545 3940 3608 inni·

820 3643 1018 3705 nitate
1054 3659 1069 3704 ε
1102 3644 1267 3704 Deus
1299 3643 1536 3704 creavit
1565 3642 1821 3723 angelos
1857 3643 1918 3705 in
1952 3651 2124 3706 casto
2152 3663 2319 3707 amo-
2430 3650 2654 3716 tenteS,
2705 3642 2927 3705 dicunt
2974 3643 3145 3724 quod
3206 3642 3651 3704 intellectualis
3703 3652 3938 3707 natura

822 3759 909 3814 re,
944 3740 1135 3802 simul
1177 3740 1241 3800 in
1272 3740 1365 3801 eis
1406 3740 1682 3801 condens
1722 3748 2011 3802 naturam
2043 3749 2106 3802 et
2137 3741 2318 3822 largi·
2428 3759 2554 3803 non
2595 3747 2691 3802 est
2734 3740 3014 3822 perfecte
3057 3739 3328 3803 formata
3372 3741 3495 3802 nisi
3539 3759 3655 3822 per
3693 3741 3936 3804 confir-

819 3857 931 3901 ens
960 3837 1449 3920 gratiam—Ad
1481 3856 1700 3900 omnes
1731 3856 1882 3900 vero
1910 3840 2316 3904 auctoritates
2429 3838 2773 3902 mationem
2822 3839 3234 3901 beatitudinis
3291 3858 3305 3902 ε
3360 3839 3502 3901 ideo
3548 3847 3695 3902 ante
3744 3839 3936 3906 illum

818 3944 883 4000 et
922 3937 1196 3999 rationes
1235 3955 1378 4018 quae
1417 3936 1658 4010 dicunt,
1693 3937 1861 4019 quod
1904 3938 2067 4000 Deus
2109 3939 2317 4020 primo
2428 3946 2662 4000 statum
2687 3945 2948 4000 vocatur
2977 3938 3192 4020 aliquo
3227 3938 3412 4000 modo
3443 3937 3936 4014 informisQuod

820 4035 1058 4098 creavit
1104 4034 1433 4107 informes,
1484 4043 1546 4096 et
1598 4043 1815 4117 postea
1862 4053 1969 4098 eos
2018 4035 2315 4100 formavit
2428 4038 2650 4100 dicunt
2681 4037 2954 4099 sensisse
2985 4036 3728 4118 Augustinum,dicendo
3759 4041 3938 4119 quod

820 4134 885 4197 in
936 4133 1351 4196 conversione
1411 4133 1697 4215 ipsorum
1754 4134 1832 4195 ad
1883 4153 1950 4196 se
2004 4154 2017 4198 :
2071 4135 2314 4212 dicunt,
2429 4137 2607 4218 prius
2649 4135 2814 4198 facta
2857 4143 2953 4198 est
2997 4135 3312 4210 informis,
3344 4135 3680 4198 etcoelum
3721 4137 3933 4218 dicta3

819 4233 988 4314 quod
1045 4232 1224 4314 prius
1272 4239 1335 4294 et
1381 4231 1699 4314 posterius
1760 4249 1887 4294 non
1947 4240 2168 4295 notant
2229 4234 2316 4298 ibi
2350 4233 2964 4318 Dpostmodumque
3021 4233 3310 4308 formata,
3371 4241 3434 4296 et
3492 4234 3602 4296 lux
3657 4253 3731 4296 ac
3789 4235 3933 4301 dies

818 4330 1288 4394 successionem
1344 4329 1618 4411 alicujus
1680 4348 1871 4394 morae
1918 4339 2027 4393 aut
2076 4340 2318 4416 tempo·
2426 4334 2760 4416 appellata.
2784 4369 2865 4378 ——
2894 4333 3183 4414 Amplius
3223 4333 3444 4395 dicunt
3477 4332 3566 4407 hi,
3600 4334 3770 4415 quod
3810 4353 3931 4416 per

818 4430 929 4502 riS,
980 4430 1090 4491 sed
1151 4429 1541 4511 prioritatem
1601 4428 2017 4510 ordinemque
2076 4440 2318 4496 naturae
2427 4432 2806 4494 divisionem
2857 4431 3017 4493 lucis
3060 4451 3096 4493 a
3137 4430 3416 4493 tenebris
3463 4450 3590 4494 non
3639 4432 3930 4514 designa-

817 4528 896 4590 ad
940 4527 1206 4609 gratiam
1242 4545 1255 4591 :
1289 4545 1416 4610 quo
1460 4527 1680 4589 ordine
1725 4529 2035 4590 naturalia
2083 4549 2315 4611 praece-
2427 4539 2530 4592 tur
2567 4530 2892 4592 distinctio
2933 4539 3172 4592 naturae
3214 4548 3286 4591 ac
3325 4530 3541 4610 gratim
3575 4547 3590 4591 τ
3624 4531 3776 4611 quia
3818 4551 3930 4594 na-

818 4628 979 4690 dunt
1019 4627 1290 4708 gratuita
1336 4627 1401 4689 in
1444 4627 1691 4700 eodem,
1726 4627 1891 4688 sicut
1934 4635 1997 4689 et
2040 4647 2177 4691 esse
2221 4637 2315 4692 est
2406 4637 2567 4690 tura
2597 4630 2882 4710 angelica
2921 4647 3247 4709 nunquam
3279 4636 3376 4690 est
3404 4627 3686 4700 tenebra,
3720 4648 3928 4711 quum

818 4734 965 4789 ante
1008 4726 1169 4788 bene
1214 4745 1369 4788 esse.
2427 4747 2540 4810 per
2587 4729 2751 4792 dona
2798 4729 3014 4808 gratiae
3061 4728 3254 4808 gratis
3303 4727 3464 4790 datae
3514 4727 3791 4789 multum
3842 4729 3929 4790 sit

899 4826 1072 4900 Quod
1106 4825 1489 4888 confirmant
1521 4843 1633 4906 per
1661 4824 2085 4906 Augustinum
2122 4845 2316 4907 super
2425 4825 2736 4889 illustrata
2792 4845 2904 4908 per
2961 4825 3354 4888 nobilitatem
3419 4834 3691 4907 quatuor
3747 4826 3928 4889 attri-

819 4923 1137 4996 Genesim,
1172 4924 1282 4986 ubi
1327 4924 1541 5006 aliqua
1584 4923 1809 4985 scribit
1849 4924 1913 4985 in
1954 4924 2189 5005 quibus
2227 4926 2316 4988 vi·
2424 4924 2721 4987 butorum
2785 4923 3008 5006 ipsiuS‚
3067 4925 3144 4986 de
3201 4923 3437 5004 quibus
3498 4923 3925 5005 praehabitum
3983 4945 4278 5004 «lisama.

818 5023 1003 5087 detur
1052 5024 1402 5086 absurdum
1457 5031 1773 5104 reputare,
1824 5024 1991 5104 quod
2051 5025 2314 5104 angelus
2422 5032 2535 5086 cst.
2570 5024 2828 5105 Propter
2873 5022 3040 5104 quod
3085 5023 3278 5084 etiam
3325 5021 3736 5083 beatissimus
3785 5023 3930 5086 Dio—

816 5123 1160 5206 aliquando
1198 5121 1337 5185 sine
1377 5122 1578 5202 gratia
1620 5120 1833 5184 fuerit.
1868 5123 2314 5185 —Anselmus
2422 5122 2643 5204 nysius
2703 5128 2926 5202 quarto
2989 5120 3270 5202 capitulo
3330 5119 3477 5181 libri
3538 5120 3616 5182 de
3675 5119 3928 5183 Divinis

816 5240 1073 5305 quoque
1113 5222 1178 5283 in
1226 5221 1389 5284 libro
1426 5221 1504 5282 de
1545 5219 1705 5282 Casu
1746 5219 1978 5283 diaboli
2016 5238 2029 5282 ε
2064 5221 2311 5304 Angeli,
2423 5219 2794 5282 nominibus
2827 5227 3112 5293 testatur,
3146 5219 3316 5301 quod
3348 5219 3482 5280 haec
3512 5217 3827 5280 naturalia
3861 5219 3926 5280 in

819 5321 1049 5403 inquit,
1082 5320 1191 5403 qui
1233 5319 1595 5382 maluerunt
1636 5318 1790 5380 illud
1833 5318 1979 5401 plus
2015 5320 2184 5402 quod
2221 5321 2313 5383 eis
2425 5319 2822 5383 daemonibus
2863 5317 3106 5399 integra
3134 5336 3209 5379 ac
3239 5315 3758 5399 splendidissima
3793 5335 3928 5380 ma-
