4334 6242
1311 493 1517 540 rmum
1557 493 1832 541 ANGELUS
1875 492 2030 540 UNUS
2071 493 2389 550 LOQUATUR
2428 494 2644 542 ALTER!

3412 473 3536 542 535

425 665 749 727 concurrit
779 666 870 728 ibi
902 668 1011 730 lux
1047 667 1305 748 duplex,
1340 664 1659 739 videlicet,
1694 665 1802 727 lux
1834 666 1928 728 in·
1959 663 2012 726 A
2037 666 2291 739 te,dum
2321 668 2584 748 angelus
2615 667 2984 750 pronuntiat
3012 686 3084 730 ac
3116 668 3171 731 si
3199 668 3365 731 Deus
3397 685 3537 750 pro-

423 763 719 827 tellectus
759 766 1029 848 angelici
1071 765 1428 839 offerentiS,
1461 772 1524 827 et
1566 765 1673 826 lux
1709 783 1938 846 super-
2039 765 2395 847 nuntiaret3
2429 767 2723 842 mediate,
2759 768 2912 830 dum
2955 767 3216 848 angelus
3259 784 3539 849 pronun-

425 881 522 924 nae
553 863 839 926 veritatis
875 881 889 925 :
925 871 995 926 ut
1034 865 1200 926 sicut
1233 864 1296 926 in
1329 864 1470 926 luce
1507 864 1820 944 corporali
1850 863 1928 925 ad

423 961 898 1025 immutandum
943 963 1155 1026 visum
1205 963 1498 1025 videmus
1549 980 1928 1025 concurrere

423 1067 486 1122 et
525 1060 737 1122 lucem
779 1060 1268 1142 incorporatam,
1303 1068 1365 1122 et
1397 1060 1606 1122 lucem
1647 1061 1798 1122 solis
1829 1081 1930 1122 su-

423 1157 959 1240 perinfluentem3
1000 1158 1088 1219 ita
1137 1165 1198 1221 et
1242 1159 1309 1220 in
1352 1158 1670 1240 spirituali
1719 1159 1930 1239 cogni-

420 1257 594 1319 tione
643 1257 967 1338 duplicem
1011 1275 1390 1320 concurrere
1439 1257 1649 1319 lucem
1698 1257 1930 1320 intelli-

421 1373 668 1436 gamus,
722 1362 876 1438 puta
926 1355 1208 1418 divinam
1265 1362 1454 1438 atque
1509 1363 1805 1430 creatam,
1857 1364 1929 1418 ut

423 1453 656 1534 saepius
708 1454 918 1516 innuit
964 1454 1376 1536 Augustinus,
1415 1490 1496 1500 -—
1537 1453 1680 1516 Haec
1729 1455 1925 1517 Bona—

422 1560 711 1614 ventura.

501 1651 620 1724 Qui
651 1651 804 1713 item
845 1652 922 1713 ad
955 1652 1146 1723 istud,
1179 1659 1396 1714 utrum
1426 1652 1648 1713 eadem
1687 1651 1925 1713 locutio

421 1750 623 1831 possit
651 1769 792 1813 esse
821 1769 858 1812 a
887 1735 1015 1813 Deo
1044 1757 1108 1812 et
1136 1751 1360 1831 angelo
1391 1759 1630 1824 sanc't0,
1663 1769 1923 1832 respon-

2037 864 2154 926 tiat
2204 873 2275 926 ut
2332 866 2595 928 nuntius
2649 867 2762 928 Dei
2816 884 2829 928 :
2884 867 2971 928 ita
3023 866 3090 928 in
3140 866 3540 948 apparitione

2041 963 2331 1025 sensibili
2376 971 2473 1026 est
2515 964 3025 1045 intelligendu-m,
3068 963 3371 1045 quoniam
3414 962 3540 1026 for-

2043 1081 2146 1124 ma
2176 1061 2284 1124 illa
2311 1071 2419 1124 aut
2451 1063 2891 1145 principaliter
2919 1064 3097 1126 ducit
3128 1064 3194 1125 in
3223 1063 3537 1144 angelum,

2041 1161 2262 1242 sicque
2294 1169 2501 1243 potest
2540 1161 2716 1223 dulia
2753 1163 3033 1241 adorari3
3065 1169 3175 1224 aut
3212 1162 3277 1224 in
3310 1164 3535 1236 Deum,

2039 1266 2101 1321 et
2149 1259 2243 1320 sic
2290 1267 2499 1340 potest
2544 1259 2791 1322 adorari
2841 1260 3039 1323 latriae
3088 1260 3284 1322 cultu.
3320 1295 3396 1306 —
3429 1261 3538 1322 Po-

2039 1367 2299 1432 stremo,
2322 1359 2399 1421 de
2430 1359 2573 1434 hoc,
2595 1379 2676 1421 an
2707 1359 3076 1441 hujusmodi
3109 1359 3537 1442 apparitiones

2037 1464 2100 1518 et
2144 1456 2498 1520 locutiones
2538 1458 2871 1520 sensibiles
2916 1476 3170 1540 semper
3209 1458 3367 1520 fiant
3405 1477 3535 1520 me-

2037 1555 2251 1618 diante
2301 1556 2657 1618 ministerio
2704 1557 3097 1638 angelorum,
3141 1556 3534 1638 Augustinus

2035 1655 2224 1716 tertio
2254 1655 2331 1716 de
2361 1655 2665 1718 Trinitate
2694 1655 2887 1718 dubie
2918 1655 3217 1737 loquitur.
3240 1656 3532 1718 Attamen

2034 1753 2248 1835 potius
2289 1754 2521 1827 innuit,
2556 1754 2726 1836 quod
2765 1773 2986 1817 omnes
3030 1753 3211 1817 factae
3250 1755 3378 1816 sint
3420 1755 3535 1816 mi·

421 1848 526 1910 det
560 1866 574 1910 :
610 1848 788 1910 Sicut
826 1848 1165 1930 tripliciter
1201 1849 1478 1911 dicimur
1514 1850 1716 1912 Deum
1748 1849 1916 1912 vide·
1953 1843 2004 1910 B
2035 1851 2299 1914 nisterio
2336 1854 2621 1934 angelico
2661 1854 2727 1914 in
2773 1871 2936 1916 novo
2975 1872 3047 1915 ac
3087 1854 3286 1916 veteri
3324 1854 3533 1917 Testa-

420 1965 510 2020 re,
544 1954 786 2028 utpote,
820 1947 1066 2009 visione
1097 1948 1432 2029 corporali,
1458 1947 1826 2029 imaginaria
1857 1956 1921 2010 et

421 2044 861 2119 intellectuali,
894 2045 982 2106 ita
1020 2044 1190 2126 quod
1219 2044 1465 2106 visione
1505 2045 1920 2108 intellectuali

417 2142 673 2205 videtur
715 2144 881 2205 Deus
928 2143 992 2204 in
1035 2142 1216 2205 coelis
1266 2143 1330 2204 in
1380 2162 1448 2204 se
1493 2143 1632 2224 ipso
1676 2144 1917 2218 lucenS,

419 2241 665 2303 visione
707 2240 1082 2321 imaginaria
1111 2249 1174 2302 et
1213 2241 1546 2322 corporali,
1582 2243 1647 2303 in
1680 2250 1922 2304 creatu-

419 2357 487 2400 ra
535 2338 826 2420 subjecta
867 2357 1214 2421 apparens3
1256 2339 1349 2401 sic
1392 2340 1732 2422 'tripliciter
1771 2340 1922 2403 dici-

419 2456 565 2498 mur
612 2437 834 2500 audire
887 2455 902 2499 :
955 2437 1185 2520 prime,
1239 2457 1352 2519 per
1397 2438 1652 2518 signum
1703 2439 1917 2500 sensui

416 2533 716 2596 exteriori
775 2535 1096 2614 oblatum3
1149 2536 1450 2609 secund0,
1504 2554 1616 2617 per
1664 2537 1916 2616 signum

420 2633 485 2694 in
518 2632 804 2694 interiori
836 2652 1026 2695 sensu
1059 2652 1169 2695 seu
1204 2633 1654 2714 imaginatione
1691 2633 1920 2697 forma-

416 2738 580 2810 tum3
601 2732 798 2803 tertio,
811 2749 927 2812 per
955 2733 1223 2794 verbum
1255 2732 1688 2814 inspirationis
1719 2735 1916 2795 menti

415 2830 820 2892 instillatum.
857 2829 932 2891 Et
965 2831 1131 2892 sicut
1170 2831 1508 2912 tripliciter
1540 2832 1706 2893 Deus
1743 2832 1918 2894 audi—

414 2928 648 3002 tui-,ita
685 2927 1022 3010 tripliciter
1055 2927 1344 3009 loquitur,
1365 2930 1714 2990 secundum
1744 2930 1914 3011 quod

2035 1958 2269 2014 mento.
2304 1951 2638 2033 Gregorius
2670 1970 2820 2014 vero
2853 1952 3037 2014 tertio
3066 1953 3397 2015 Moralium
3428 1971 3533 2016 ex-

2032 2051 2315 2133 pressius
2362 2050 2480 2112 hoc
2527 2049 2809 2112 affirmat
2838 2051 2937 2132 (ut
2984 2057 3157 2132 patet
3203 2051 3269 2113 in
3319 2052 3533 2114 verbis

2033 2168 2109 2212 ex
2153 2149 2550 2229 Alexandro).
2597 2149 2741 2212 Haec
2784 2150 3240 2212 Bonaventura.

2112 2249 2417 2310 Praeterea
2464 2247 2733 2310 Thomas
2786 2265 2800 2309 ε
2853 2248 2923 2309 In
2980 2248 3243 2328 angeliS,
3296 2248 3528 2330 inquit,

2031 2353 2128 2408 est
2176 2346 2464 2428 quaedam
2516 2345 2794 2424 locuti03
2826 2365 2967 2428 quae
3012 2353 3223 2408 tamen
3266 2346 3346 2409 ab
3390 2347 3531 2409 illu-

2032 2444 2382 2506 minatione
2413 2443 2633 2506 differt
2672 2445 2738 2505 in
2769 2444 3037 2506 duobus.
3071 2444 3302 2518 Primo,
3336 2463 3533 2527 quan-

2030 2550 2166 2604 tum
2200 2543 2277 2604 ad
2317 2561 2392 2604 ca
2430 2542 2507 2604 de
2547 2543 2782 2625 quibus
2821 2550 2971 2604 sunt
3004 2560 3018 2603 :
3053 2543 3355 2625 quoniam
3390 2543 3532 2606 illu-

2030 2641 2299 2703 minatio
2346 2640 2603 2722 proprie
2646 2648 2743 2703 est
2790 2641 2868 2702 de
2910 2641 3009 2702 his
3052 2659 3193 2723 quae
3240 2642 3531 2725 superior

2027 2738 2291 2818 angelus
2324 2739 2389 2800 in
2430 2739 2672 2800 lumine
2710 2739 2943 2802 divinae
2982 2738 3272 2802 essentiae
3309 2758 3531 2821 appre-

2030 2836 2252 2898 hendit
2294 2854 2308 2898 ε
2352 2856 2494 2918 quae
2534 2836 2799 2899 inferior
2837 2837 3097 2917 angelus
3139 2836 3228 2899 ibi
3273 2855 3398 2900 non
3438 2837 3531 2899 vi-

2028 2935 2168 3014 det3
2221 2943 2481 3016 propter
2526 2935 2697 3017 quod
2757 2935 2996 3016 indiget
3046 2942 3115 2996 ut
3163 2935 3229 2996 in
3283 2933 3528 2998 lumine

414 3027 738 3109 triplicem
769 3027 1002 3088 excitat
1034 3027 1098 3089 i‘n
1140 3027 1324 3089 nobis
1354 3028 1664 3089 auditum.
1691 3028 1916 3100 Quem·
1950 3034 1993 3097 C
2028 3033 2377 3113 superioris
2406 3034 2613 3114 angeli
2646 3034 2845 3114 magis
2877 3039 3200 3097 contracto
3228 3051 3303 3096 ac
3333 3034 3531 3096 deter-

414 3125 762 3189 admodum
821 3125 995 3188 enim
1046 3144 1304 3187 sensum
1358 3132 1648 3187 nostrum
1687 3127 1782 3191 ad.
1813 3127 1915 3188 sui

415 3223 616 3306 ipsius
647 3223 1220 3306 apprehensionem
1250 3224 1482 3285 excitat
1512 3225 1695 3305 signo
1724 3226 1919 3288 sensi-

415 3323 556 3397 bili,
592 3323 659 3384 in
691 3340 818 3405 quo
847 3322 1108 3402 angelus
1148 3329 1411 3404 apparet
1452 3323 1517 3384 in
1558 3324 1668 3385 Dei
1705 3343 1917 3405 perso-

412 3442 516 3496 na,
535 3421 638 3484 vel
667 3421 834 3483 Deus
863 3439 940 3482 ex
975 3420 1328 3482 ministerio
1359 3421 1599 3501 angeli3
1633 3430 1911 3485 mentem

412 3527 630 3582 autem
678 3526 958 3580 nostram
1005 3536 1118 3598 per
1159 3519 1576 3600 semetipsum
1617 3519 1916 3582 informat

413 3626 484 3680 ut
515 3618 726 3699 ips'um
765 3624 1064 3698 agnoscat
1097 3633 1110 3678 :
1145 3617 1238 3679 sic
1271 3617 1338 3678 in
1379 3617 1698 3680 locutione
1733 3619 1914 3682 intel-

413 3716 742 3797 ligendum
771 3723 888 3788 est,
923 3715 1074 3796 quia
1104 3715 1340 3778 locutio
1369 3735 1496 3797 qua
1521 3717 1688 3779 Deus
1721 3717 1917 3799 loqui—

411 3821 518 3875 tur
545 3812 732 3876 nobis
760 3831 875 3894 per
904 3813 1157 3893 signum
1189 3813 1514 3886 sensibile,
1537 3813 1670 3876 sive
1702 3815 1917 3876 interi-

413 3931 487 3974 us
519 3912 654 3973 sive
683 3911 1106 3985 exteriuS,aut
1135 3930 1388 3993 semper
1416 3919 1526 3973 aut
1553 3911 1916 3994 frequenter

411 4010 751 4074 exhibetur
796 4028 911 4091 per
959 4010 1279 4090 angelum,
1327 4016 1398 4070 ut
1441 4010 1776 4092 Gregorius
1825 4013 1912 4076 ait

409 4111 598 4173 tertio
619 4108 962 4182 Moralium,
980 4127 1211 4191 nempe
1232 4108 1419 4170 :Dum
1445 4110 1610 4171 Deus
1637 4110 1912 4192 loquitur

2027 3130 2271 3193 minato
2320 3151 2511 3213 quam
2564 3139 2659 3194 est
2710 3133 2927 3194 lumen
2981 3132 3271 3194 divinum
3322 3139 3385 3194 et
3433 3133 3526 3194 in-

2027 3237 2334 3303 creatum,
2370 3230 2479 3292 illa
2508 3237 2861 3311 cognoscat.
2896 3229 3159 3293 Locutio
3188 3237 3401 3292 autem
3432 3239 3529 3293 est

2025 3328 2102 3389 de
2145 3327 2426 3390 motibus
2467 3327 2653 3390 liberi
2690 3327 2960 3402 arbitrii,
2993 3345 3152 3410 quos
3190 3347 3357 3390 unus
3397 3346 3525 3391 non

2025 3427 2201 3488 videt
2254 3425 2320 3487 in
2367 3427 2511 3489 alio.
2564 3427 2674 3489 His
2728 3426 2965 3489 etenim
3016 3427 3221 3489 modis
3275 3427 3525 3490 duobus

2023 3523 2266 3605 aliquid
2300 3531 2672 3607 potestesse
2712 3532 2933 3587 notum
2967 3524 3190 3605 angelo
3229 3524 3363 3600 uni,
3394 3541 3522 3587 non

2024 3622 2225 3684 alteri.
2262 3623 2575 3697 Secundo,
2600 3623 2807 3704 quoad
2838 3623 3099 3686 modum
3130 3641 3257 3704 quo
3287 3631 3526 3685 utrum-

2023 3741 2148 3803 que
2179 3721 2536 3803 perficitur,
2568 3721 2974 3785 differentem
3013 3722 3365 3785 secundum
3397 3723 3524 3786 duo

2025 3840 2165 3903 quae
2197 3822 2276 3882 ad
2305 3821 2617 3884 visionem
2661 3821 3155 3883 intellectualem
3188 3823 3521 3904 requirun-

2022 3927 2146 3994 tur,
2181 3919 2258 3980 ad
2310 3919 2655 4000 corporalis
2698 3918 3185 3981 similitudinem
3230 3919 3517 3995 visioniS,

2021 4017 2342 4090 videlicet,
2377 4034 2475 4079 res
2527 4017 2665 4098 ipsa
2709 4035 2849 4098 quae
2894 4015 3245 4079 intellectui
3293 4037 3519 4100 propo-

2021 4115 2216 4188 nitur,
2250 4123 2313 4177 et
2343 4115 2558 4177 lumen
2591 4114 2711 4176 sub
2742 4133 2869 4196 quo
2900 4115 3169 4178 videtur.
3204 4116 3521 4180 Illumina-

411 4208 596 4272 nobis
637 4227 750 4288 per
787 4207 1108 4288 angelum,
1143 4207 1485 4288 aliquando
1517 4209 1904 4272 voluntatem
1939 4213 1988 4274 D
2020 4214 2107 4276 tio
2135 4232 2286 4295 ergo
2315 4213 2388 4275 fit
2423 4233 2535 4295 per
2563 4213 2685 4276 hoc
2715 4214 2882 4295 quod
2916 4215 3132 4278 lumen
3164 4214 3517 4280 intellectus

411 4327 592 4371 suam
622 4306 813 4369 rebus
845 4307 1102 4381 indicat,
1123 4307 1464 4388 aliquando
1496 4307 1903 4388 imaginibus,

411 4414 529 4469 etc.
572 4407 671 4487 (ut
711 4425 903 4487 supra
949 4405 1014 4467 in
1053 4405 1454 4487 Alexandro).
1499 4407 1575 4468 Et
1622 4415 1768 4470 tunc
1813 4417 1908 4471 est

411 4507 632 4568 eadem
686 4505 944 4580 locutio,
995 4505 1158 4567 sicut
1207 4515 1301 4568 est
1353 4509 1575 4569 eadem
1625 4511 1908 4590 operatio

411 4605 782 4686 principalis
833 4605 1146 4666 moventis
1193 4625 1264 4667 ac
1309 4606 1753 4682 instrumenti„
1783 4617 1900 4670 etc.

408 4705 508 4784 (ut
540 4704 776 4785 supra).
804 4739 880 4748 —
911 4703 1215 4766 Praeterea
1244 4705 1296 4766 si
1328 4715 1667 4786 quaeratur,
1691 4727 1771 4769 an
1802 4728 1907 4770 an-

407 4803 590 4884 gelus
622 4803 687 4864 in
721 4801 831 4863 Dei
865 4820 1135 4883 persona
1162 4804 1736 4884 apparenS,debeat
1764 4807 1907 4868 ado-

409 4901 534 4964 rari
567 4920 644 4963 ex
676 4919 946 4983 persona
972 4901 1105 4974 Dei,
1129 4901 1293 4963 sicut
1321 4911 1584 4984 apparet
1614 4911 1675 4966 et
1709 4904 1908 4986 loqui-

409 5009 514 5062 tur
546 5001 611 5063 in
653 5019 920 5082 persona
952 5000 1099 5079 Dei;
1131 5001 1497 5076 dicendum,
1532 5005 1700 5085 quod
1741 5004 1907 5066 sicut

411 5119 622 5163 sermo
669 5118 859 5182 quem
911 5098 1141 5161 format
1193 5101 1454 5181 angelus
1503 5102 1566 5163 in
1621 5103 1908 5184 subJecta

409 5206 712 5272 creatura,
728 5198 1064 5280 dupliciter
1093 5206 1300 5280 potest
1332 5201 1550 5262 referri
1583 5203 1658 5263 ad
1690 5202 1900 5274 Deum,

409 5298 710 5362 videlicet
739 5296 1106 5360 immediate
1136 5304 1199 5360 et
1230 5299 1502 5364 mediate
1537 5317 1552 5364 z
1587 5300 1909 5365 immedia-

2020 4312 2210 4375 unius
2249 4311 2456 4393 angeli
2497 4331 2610 4395 per
2649 4311 2877 4376 fortius
2918 4314 3135 4377 lumen
3171 4316 3517 4396 superioris

2017 4412 2226 4492 angeli
2268 4411 2659 4475 confortatur
2696 4413 2773 4474 ad
2814 4412 3173 4495 aliquorum
3214 4414 3515 4495 cognitio-

2017 4530 2185 4572 nem.
2223 4511 2342 4572 Scd
2384 4510 2619 4573 locutio
2660 4511 2738 4573 fit
2783 4530 2896 4592 per
2930 4513 3051 4574 hoc
3092 4513 3261 4594 quod
3302 4513 3517 4596 aliqua

2019 4609 2197 4691 prius
2238 4610 2489 4672 occulta
2531 4618 2974 4692 proponuntur
3015 4619 3085 4672 ut
3133 4629 3513 4692 cognoscen-

2017 4710 2116 4782 da,
2151 4709 2289 4771 sine
2320 4710 2439 4771 hoc
2480 4709 2648 4790 quod
2681 4709 2883 4771 virtus
2924 4711 3360 4790 cognoscentis
3389 4711 3513 4776 for-

2016 4807 2301 4870 tificetur
2333 4827 2347 4872 :
2382 4815 2453 4869 ut
2491 4814 2657 4889 patet
2691 4807 2755 4868 in
2797 4807 3279 4871 recitationibus
3316 4810 3513 4874 histo-

2016 4907 2280 4980 riarum,
2314 4906 2377 4967 in
2423 4905 2658 4987 quibus
2702 4905 2933 4987 aliquis
2977 4907 3298 4987 cognoscit
3342 4911 3513 4990 quod

2016 5007 2195 5087 prius
2228 5005 2571 5077 nesciebat,
2606 5005 2742 5066 sine
2783 5004 2901 5066 hoc
2933 5005 3101 5087 quod
3141 5024 3294 5068 suus
3329 5007 3511 5071 intel-

2016 5104 2218 5166 lectus
2262 5103 2668 5166 clarificetur.

2095 5201 2376 5275 Qualiter
2425 5212 2637 5264 autem
2694 5202 2936 5284 aliquid
2990 5203 3190 5285 possit
3240 5207 3510 5287 proponi

2017 5301 2239 5382 angelo
2270 5308 2342 5363 ut
2380 5302 2888 5382 cognoscendum
2927 5301 3007 5365 ab
3038 5301 3198 5387 ips0‚
3232 5311 3403 5388 patet
3430 5325 3509 5370 ex
