4334 6242
155 4297 306 4343 Surum.
317 4302 381 4344 th.

135 4362 385 4418 ’ἒβη-(135.

1288 475 1490 522 mun
1529 473 1805 522 ANGELUS
1845 474 2002 522 Imus
2041 473 2359 530 LoQUATUR
2394 471 2613 520 ALTERI

3374 445 3495 514 537

403 645 509 721 bc,
541 664 671 709 non
713 653 882 710 esset
927 663 1184 710 necesse
1228 663 1462 728 ponere
1513 645 1755 728 aliquid
1799 665 1901 708 ex·
1927 642 1980 707 Α
2009 654 2355 727 conceptus
2404 645 2958 727 significationem.
3008 643 3139 705 Hoc
3183 641 3359 706 enim
3403 647 3500 704 est

403 745 737 808 citativum
789 761 804 806 ε
857 745 1158 827 quoniam
1213 744 1378 806 sicut
1427 763 1594 806 unus
1647 763 1901 826 semper

401 843 717 926 conspicit
743 843 964 916 alium,
998 843 1090 904 sic
1116 842 1356 923 jugiter
1384 842 1558 904 videt
1587 842 1899 924 quidquid

404 943 469 1004 in
510 942 622 1004 illo
664 950 756 1005 est
799 942 876 1004 ad
921 960 990 1004 se
1030 942 1391 1004 ordinatum
1435 959 1508 1003 ac
1550 941 1896 1022 pertinens,

403 1042 526 1104 Sed
573 1042 726 1123 quia
773 1040 965 1103 etiam
1016 1041 1080 1102 in
1130 1047 1297 1102 statu
1343 1046 1584 1102 naturae
1631 1038 1900 1101 conditae

403 1139 529 1202 sibi
561 1139 839 1201 invicem
872 1138 1046 1221 loqui
1080 1145 1389 1220 poterant,
1423 1145 1484 1200 et
1523 1137 1675 1200 mali
1706 1137 1898 1199 etiam

403 1237 609 1318 angeli
640 1256 807 1299 nunc
839 1237 1114 1299 invicem
1146 1235 1267 1298 sibi
1302 1236 1672 1318 loquuntur3
1695 1235 1903 1298 dicen-

403 1335 764 1416 dum,quod
797 1335 964 1396 sicut
992 1354 1216 1398 sensus
1249 1342 1541 1397 movetur
1569 1353 1606 1396 a
1637 1333 1903 1396 sensibi-

405 1433 472 1506 li,
494 1435 581 1496 ita
610 1433 969 1496 intellectus
999 1433 1081 1496 ab
1111 1433 1520 1514 intelligibili.
1543 1433 1704 1495 Hinc
1734 1431 1903 1494 sicut

404 1550 520 1614 per
553 1531 807 1612 signum
847 1515 1152 1594 sensibile
1191 1531 1504 1594 excitatur
1533 1549 1780 1605 sensuS,
1815 1529 1903 1592 ita

402 1649 520 1712 per
556 1629 837 1712 aliquam
878 1629 1182 1692 virtutem
1221 1627 1693 1710 intelligibilem
1734 1628 1900 1690 exci-

403 1727 523 1789 tari
567 1735 777 1809 potest
821 1744 1000 1789 mens
1048 1727 1256 1808 angeli
1299 1726 1376 1789 ad
1419 1726 1894 1788 attendendum.

402 1860 484 1870 —
521 1825 667 1888 Haec
709 1825 979 1888 Thomas
1021 1825 1088 1887 in
1132 1825 1410 1887 Summa.

484 1924 556 1986 ln
585 1943 712 2005 qua
741 1923 969 2005 quaerit
997 1923 1296 1994 secundo,
1327 1942 1408 1985 an
1448 1921 1709 2003 angelus
1746 1922 1902 1987 infe·

405 2022 537 2084 rior
565 2021 861 2103 loquatur
898 2021 1246 2103 superiori;
1280 2021 1488 2094 tertie,
1521 2039 1600 2082 an
1641 2021 1904 2102 angelus

357 2121 535 2183 'Deo
594 2120 906 2201 loquatur.
967 2120 1046 2182 Et
1101 2138 1179 2181 ex
1236 2118 1602 2200 praehabitis
1662 2127 1906 2183 constat

407 2215 578 2298 quod
611 2217 740 2280 imo
771 2235 786 2280 :
821 2216 1138 2300 siquidem
1173 2217 1382 2279 omnis
1424 2216 1808 2280 illuminatio
1837 2218 1904 2280 in

404 2315 646 2397 angelis
675 2323 772 2377 est
802 2315 1058 2389 locutio,
1092 2333 1220 2378 non
1259 2322 1532 2378 econtra.
1565 2351 1646 2361 —
1673 2316 1906 2390 Quarto

404 2414 657 2494 quaerit,
688 2432 769 2474 an
801 2413 1018 2477 localis
1049 2413 1350 2490 distantia
1382 2413 1623 2495 aliquid
1655 2422 1797 2494 agat
1825 2416 1903 2478 ad

406 2513 798 2576 locutionem
836 2514 1208 2594 angelicam.
1243 2515 1495 2589 Quinto,
1527 2534 1607 2576 an
1646 2515 1906 2579 locutio-

407 2631 556 2675 nem
611 2611 803 2679 unius
853 2612 1060 2692 angeli
1118 2614 1195 2675 ad
1255 2613 1451 2675 alium
1507 2613 1713 2694 angeli
1769 2632 1903 2676 om-

406 2729 521 2772 nes
572 2717 971 2789 cognoscant.
1017 2709 1112 2772 Ad
1159 2729 1300 2792 quai
1347 2711 1538 2773 etiam
1590 2730 1668 2773 ex
1718 2711 1904 2774 dictis

407 2807 680 2870 habetur
729 2807 794 2868 in
853 2815 1153 2889 promptu
1213 2809 1558 2890 responsio.
1613 2809 1906 2891 Operatio

407 2924 686 2988 namque
715 2905 1162 2968 intellectualis
1202 2906 1487 2987 angelica
1517 2914 1612 2968 est
1641 2907 1905 2970 omnino

2008 745 2086 807 de
2143 745 2542 808 naturalibus
2604 745 2997 826 angelorum,
3050 761 3169 806 nec
3227 741 3509 824 pertinet

2008 843 2087 905 ad
2137 843 2635 905 ministrantium
2685 849 2749 905 et
2792 841 3237 904 adsistentium
3288 840 3508 903 distin-

2011 940 2307 1003 ctionem.
2341 941 2481 1003 Alia
2529 959 2679 1004 vero
2726 940 3106 1018 estjocutio
3147 940 3222 1002 ad
3271 939 3507 1001 illumi·

2008 1038 2331 1102 nationem
2384 1040 2614 1118 relata3
2648 1046 2711 1101 et
2758 1038 2842 1101 ita
2891 1037 3250 1120 superiores
3300 1037 3508 1118 angeli

2011 1137 2422 1200 inferioribus
2462 1138 2829 1219 loquuntur,
2862 1154 2991 1199 non
3035 1154 3397 1198 econverso.
3429 1171 3511 1182 --

2011 1235 2299 1318 Denique
2329 1236 2406 1298 ad
2438 1235 2823 1298 locutionem
2859 1235 2925 1298 in
2956 1234 3197 1315 angelis
3228 1234 3349 1296 tria
3379 1234 3507 1297 exi·

2008 1343 2267 1416 guntur,
2320 1341 2475 1417 puta
2521 1353 2534 1395 :
2584 1333 2914 1396 conversio
2964 1332 3228 1395 luminis
3278 1331 3509 1395 intelli-

2009 1433 2237 1512 gentiae
2267 1431 2569 1514 angelicae
2608 1451 2801 1514 super
2830 1431 3111 1514 speciem
3150 1431 3243 1493 rei
3273 1431 3351 1493 dc
3382 1450 3509 1512 qua

2008 1531 2150 1593 vult
2181 1531 2392 1617 loqui3
2422 1538 2486 1593 et
2522 1531 2656 1594 haec
2698 1530 2944 1612 species
2987 1530 3222 1592 dicitur
3253 1529 3508 1610 signum

2010 1647 2125 1711 per
2170 1629 2339 1711 quod
2389 1628 2651 1709 angelus
2694 1628 2876 1690 alteri
2925 1627 3225 1711 loquitur.
3279 1627 3511 1690 Secun-

2012 1727 2166 1789 dum
2211 1735 2309 1790 est
2348 1727 2641 1790 voluntas
2687 1725 3134 1790 manifestandi
3176 1725 3362 1790 alteri
3400 1745 3509 1789 an·

1936 1823 1984 1888 B
2012 1826 2153 1906 gelo
2211 1845 2400 1889 suum
2452 1833 2853 1907 conceptum.
2908 1825 2983 1886 Et
3031 1826 3153 1888 hoc
3198 1845 3236 1887 a
3278 1823 3511 1888 Basilio

2011 1932 2275 1986 vocatur
2322 1923 2777 2005 cogitationum
2827 1923 3096 1986 intentio
3149 1942 3163 1986 :
3215 1923 3291 1985 ad
3338 1923 3511 1985 hunc

2012 2021 2254 2105 quippe
2283 2021 2482 2084 finem
2513 2021 2775 2103 angelus
2810 2022 3009 2084 tendit
3039 2022 3393 2104 loquend03
3425 2021 3514 2084 di·

2013 2121 2227 2202 citque
2271 2120 2685 2201 Augustinus,
2727 2120 2897 2203 quod
2946 2119 3215 2182 intentio
3265 2129 3360 2182 est
3406 2139 3513 2184 vo-

2013 2219 2225 2282 luntas
2270 2237 2417 2281 cum
2465 2217 2615 2280 fine.
2652 2218 2861 2280 Tertio
2909 2217 3185 2299 exigitur
3236 2218 3510 2281 innuitio

2011 2337 2127 2400 per
2157 2316 2377 2379 lumen
2409 2316 2845 2397 intelligentiae
2874 2317 2951 2379 ad
2983 2334 3118 2378 rem
3151 2335 3342 2398 quam
3375 2317 3513 2379 vult

2013 2415 2453 2494 manifestare3
2486 2421 2549 2476 et
2587 2414 2707 2476 hoc
2737 2414 2972 2476 dicitur
3009 2421 3223 2476 nutus.
3256 2451 3347 2494 —-‚
3368 2413 3511 2476 Haec

2011 2513 2329 2576 Albertus.
2365 2513 2481 2587 Qui
2526 2512 2604 2575 de
2645 2513 2745 2574 his
2787 2512 2972 2594 plura
3014 2512 3360 2575 conscribit
3405 2512 3511 2574 hic

2011 2618 2076 2672 et
2117 2610 2184 2672 in
2228 2610 2393 2672 libro
2435 2610 2513 2672 de
2556 2610 2633 2673 IV
2677 2609 3077 2691 Coaequaevis.

2092 2709 2282 2772 Porro
2311 2709 2645 2771 Durandus
2683 2706 2787 2769 hic
2828 2707 3049 2770 recitat
3078 2715 3141 2770 et
3180 2707 3513 2790 impugnat

2013 2805 2436 2886 quorumdam
2465 2804 2799 2886 opiniones
2831 2805 3000 2867 circa
3026 2805 3393 2886 angelorum
3428 2806 3515 2868 lo-

2015 2903 2302 2965 cutiones
2337 2920 2350 2964 :
2387 2921 2527 2985 quae
2575 2902 2767 2964 etiam
2810 2902 3143 2985 opiniones
3188 2903 3513 2966 modicum

405 3023 442 3066 a
472 3004 612 3066 loco
640 3012 704 3066 et
744 3011 1028 3084 tempore
1067 3012 1352 3085 separata
1385 3021 1398 3065 :
1433 3012 1493 3066 et
1532 3004 1596 3066 in
1628 3023 1702 3067 co
1735 3006 1903 3087 quod
1942 3007 1986 3071 G
2015 3000 2401 3082 apparentiae
2446 3000 2842 3080 sortiuntur3
2887 3020 3004 3064 nco
3049 3002 3187 3083 ipsa
3232 3002 3510 3064 Durandi

407 3102 495 3164 ita
521 3109 618 3164 est
647 3109 1030 3183 separatum,
1064 3120 1272 3184 neque
1302 3102 1636 3164 diversitas
1669 3109 1907 3186 tempo-

407 3200 493 3262 ris
537 3217 746 3281 neque
788 3199 1085 3261 distantia
1131 3199 1252 3262 loci
1294 3199 1536 3282 aliquid
1585 3208 1900 3282 operatur.

407 3298 584 3361 Unde
616 3298 679 3359 in
715 3296 1034 3360 locutione
1069 3297 1277 3378 angeli
1309 3298 1561 3360 nullum
1591 3299 1756 3380 parit
1789 3299 1905 3360 im-

408 3395 848 3478 pedimentum
881 3395 1179 3458 distantia
1208 3395 1348 3457 loci.
1382 3396 1681 3471 Rursum,
1703 3415 1902 3478 quum

408 3494 652 3556 dictum
701 3493 804 3567 sit,
856 3501 1238 3575 conceptum
1289 3492 1480 3556 unius
1534 3495 1741 3576 angeli
1794 3514 1907 3578 per

408 3591 528 3654 hoc
569 3591 815 3674 percipi
854 3610 1040 3673 posse
1078 3591 1158 3653 ab
1198 3591 1345 3666 alio,
1381 3593 1550 3674 quod
1595 3611 1760 3654 unus
1798 3612 1906 3655 an-

406 3689 588 3770 gelus
617 3689 864 3752 ordinat
904 3707 1053 3750 eum
1094 3708 1209 3751 sua
1236 3689 1560 3752 voluntate
1600 3697 1672 3752 ut
1707 3690 1908 3753 mani-

409 3786 774 3849 festandum
815 3786 1017 3861 alteri,
1043 3793 1425 3870 ,certumque
1469 3787 1553 3849 sit
1599 3788 1766 3868 quod
1815 3788 1905 3850 sic

411 3883 610 3965 possit
655 3902 802 3946 eum
847 3884 1136 3946 ordinare
1179 3884 1256 3946 ad
1303 3904 1526 3958 unum,
1566 3885 1735 3966 quod
1781 3904 1906 3948 non

410 3982 488 4044 ad
536 3981 780 4059 alium3
832 3989 1074 4044 constat
1123 3983 1295 4064 quod
1341 3982 1434 4044 sic
1484 3983 1684 4066 possit
1733 3983 1906 4064 loqui

410 4079 636 4161 angelo
675 4079 808 4153 uni,
843 4080 1010 4162 quod
1053 4097 1177 4142 non
1218 4079 1418 4142 alteri.
1454 4081 1598 4143 Haec
1637 4081 1906 4143 Thomas

412 4177 674 4240 ibidem.

491 4275 788 4339 Albertus
847 4294 1101 4358 quoque
1154 4295 1168 4338 :
1220 4277 1593 4359 Loquuntur
1641 4277 1908 4359 (inquit)

413 4374 621 4455 angeli
665 4393 956 4438 sermone
1007 4374 1177 4437 intus
1225 4375 1554 4457 dispositO,
1589 4392 1716 4438 non
1765 4394 1908 4458 pro-

413 4473 560 4547 late,
620 4474 973 4535 secundum
1035 4474 1514 4536 Damascenum.
1577 4475 1722 4536 Ideo
1779 4492 1905 4536 non

409 4578 561 4632 sunt
591 4570 656 4632 in
686 4570 778 4631 eis
818 4571 1218 4652 loquentium
1257 4589 1509 4652 organa,
1545 4579 1613 4633 ut
1650 4571 1901 4652 linguae,

405 4687 614 4742 aureS‚
656 4675 720 4731 et
767 4667 1146 4743 consimilia,
1190 4669 1314 4731 nisi
1362 4670 1714 4731 secundum
1764 4688 1907 4730 ana-

406 4767 695 4848 gogicam
739 4787 853 4830 seu
896 4767 1294 4849 spiritualem
1344 4768 1900 4848 significationem.

404 4865 568 4927 Hinc
616 4865 833 4946 lingua
882 4866 948 4926 in
996 4865 1260 4945 angeliS,
1312 4872 1408 4928 est
1460 4865 1906 4928 intellectualis

406 4970 678 5046 potestas
709 4963 1160 5044 interpretandi
1193 4983 1299 5025 seu
1330 4963 1732 5044 significandi
1764 4982 1906 5027 suos

408 5070 754 5144 conceptus
783 5062 861 5124 ad
892 5062 1182 5124 alterum.
1205 5098 1287 5107 -
1307 5063 1504 5143 Loqui
1537 5063 1727 5125 etiam
1760 5081 1906 5125 con-

405 5161 582 5224 venit
621 5161 922 5224 omnibus
962 5161 1038 5223 ad
1079 5179 1322 5236 omneS,
1356 5161 1674 5243 loquendo
1713 5161 1790 5223 dc
1822 5161 1906 5222 lo-

409 5261 663 5324 cutione
693 5258 1095 5342 simpliciter,
1128 5268 1439 5342 quantum
1468 5260 1546 5324 ad
1582 5259 1902 5324 interioris

2015 3098 2234 3182 opinio
2282 3098 2731 3160 certitudinem
2790 3098 2999 3162 habet.
3050 3101 3187 3162 Imo
3232 3098 3513 3162 finaliter

2015 3204 2193 3279 puto,
2228 3196 2396 3279 quod
2436 3196 2604 3258 sicut
2640 3203 2865 3259 natura
2903 3198 3187 3279 angelica
3222 3206 3511 3260 nostrum

2017 3294 2407 3357 intellectum
2436 3295 2843 3356 vehementer
2862 3296 3268 3370 transcendit,
3289 3295 3353 3357 in
3388 3303 3516 3360 tan÷

2015 3401 2154 3454 tum
2206 3394 2372 3474 quod
2418 3411 2600 3454 mens
2642 3399 2858 3454 nostra
2900 3393 2978 3455 ad
3022 3393 3162 3475 ejus
3213 3393 3515 3475 cognitio-

2016 3511 2162 3552 nem
2210 3497 2272 3552 et
2314 3489 2720 3553 intuitionem
2766 3509 2834 3553 se
2874 3491 3066 3554 habet
3107 3492 3514 3574 quemadmo-

2016 3588 2168 3650 dum
2216 3588 2294 3656 ad
2337 3588 2552 3650 lumen
2596 3588 2797 3650 solare
2842 3589 3066 3652 oculus
3111 3597 3389 3668 noctuae3
3422 3590 3513 3652 sic

2015 3695 2078 3749 et
2115 3686 2377 3748 modum
2420 3687 2756 3748 locutionis
2805 3688 3105 3769 angelicae
3147 3707 3286 3751 reor
3328 3688 3514 3752 nobis

2018 3803 2133 3866 pro
2165 3784 2444 3846 maxima
2472 3792 2649 3866 parte
2681 3785 2988 3865 ignotum.
3018 3787 3152 3849 Imo
3178 3787 3272 3867 (ni
3303 3786 3516 3868 fallor)

2016 3891 2146 3945 tam
2185 3901 2300 3964 per
2343 3883 2562 3946 lumen
2608 3902 2797 3944 suum
2842 3884 3127 3946 naturale
3171 3904 3362 3966 quam
3400 3905 3514 3968 per

2018 3981 2239 4043 lumen
2279 3981 2516 4062 gratiae,
2551 3989 2818 4064 possunt
2849 3981 3043 4044 variis
3084 3983 3290 4044 modis
3330 3984 3513 4048 nobis

2017 4079 2249 4161 ignotis
2290 4079 2466 4161 loqui
2502 4080 2581 4141 ad
2624 4079 2899 4142 invicem
2940 4087 3005 4142 et
3040 4080 3118 4142 ad
3154 4098 3290 4155 nOS,
3325 4088 3513 4162 atque

1937 4184 1986 4245 D
2017 4196 2311 4260 purgare,
2346 4177 2593 4252 docere,
2629 4178 2922 4252 influere,
2957 4179 3244 4260 operari3
3276 4198 3393 4241 nec
3424 4198 3517 4242 sa·

2018 4276 2275 4358 pientiae
2317 4283 2412 4338 est
2454 4276 2531 4338 de
2573 4275 2806 4338 talibus
2856 4277 3133 4339 multum
3180 4277 3515 4340 assertorie

2017 4374 2213 4456 loqui,
2248 4374 2357 4436 sed
2389 4374 2601 4456 potius
2641 4375 2769 4436 Deo
2806 4375 3065 4456 etipsis
3105 4376 3389 4458 ipsorum
3423 4395 3515 4439 se-

2015 4481 2261 4534 cretum
2303 4472 2719 4534 committere.
2754 4471 2968 4535 Nihilo
3006 4473 3219 4536 minus
3260 4474 3515 4556 positio-

2016 4589 2128 4634 nes
2177 4571 2537 4632 solennium
2580 4571 2909 4633 doctorum
2959 4581 3106 4634 sunt
3149 4573 3509 4648 recitandae,

2015 4677 2328 4752 quatenus
2359 4689 2436 4731 ex
2475 4669 2765 4743 diversiS‚
2799 4678 3109 4751 quantum
3149 4671 3333 4735 nobis
3374 4691 3515 4754 pos-

2016 4767 2205 4830 sibile
2234 4776 2350 4841 est,
2382 4767 2666 4830 veritatis
2704 4768 2945 4831 notitiae
2983 4769 3507 4852 propinquemus,

2015 4867 2222 4930 Placet
2268 4867 2527 4929 demum
2571 4874 2634 4928 et
2672 4867 2913 4947 angelis
2958 4869 3216 4942 sanctis,
3250 4876 3320 4930 ut
3363 4888 3511 4932 cum

2016 4964 2397 5038 humilitate,
2432 4965 2740 5026 modestia
2769 4972 2832 5026 et
2860 4967 3213 5028 reverentia
3240 4975 3302 5028 et
3332 4967 3515 5031 timo-

2017 5083 2083 5126 re
2127 5064 2203 5125 de
2249 5063 2404 5145 ipsis
2450 5062 2805 5144 loquamur.

2097 5163 2315 5243 Itaque
2345 5159 2721 5223 Guillelmus
2752 5162 3029 5224 secunda
3058 5170 3234 5244 parte
3265 5164 3342 5227 de
3370 5165 3512 5226 Uni-

2019 5277 2204 5324 verso
2237 5277 2251 5320 z
2285 5258 2593 5334 Quoniam
2623 5258 2767 5340 (ait)
2802 5259 3123 5342 ingressus
3158 5279 3299 5328 sum
3338 5262 3511 5328 hunc
