4334 6242
618 513 817 563 UTRUH
861 513 1081 565 ANGELt
1126 515 1460 566 rowmum·
1502 515 1791 574 peccanti,
1834 513 1907 562 ΕΤ
1949 514 2069 572 QUA
2114 515 2322 563 sescla·
2364 515 2612 564 PeccA'rt
2655 518 2852 574 ATQUE
2895 518 3191 574 QUAUTER

3333 496 3453 566 319

356 685 721 766 superbiam
758 688 835 750 de
876 689 1036 752 coelo
1074 689 1316 770 ejectus
1355 689 1437 751 sit
1470 708 1483 752 ε
1524 689 1743 769 sicque
1783 687 1849 747 in
1882 685 1932 749 A
1962 686 2088 747 sint
2127 687 2342 761 creati,
2377 687 2510 751 sive
2553 706 2697 750 non.
2732 725 2810 733 —
2842 689 2905 752 Si
2947 689 3159 772 itaque
3192 689 3452 770 angelus

354 784 657 864 superbia
707 786 815 848 illa
858 788 1109 849 videtur
1150 807 1264 849 sua
1308 787 1609 869 iniquitas
1659 805 1850 867 quam

353 890 499 943 ante
548 883 927 964 ejectionem
981 885 1223 957 habuit,
1274 893 1729 948 consummata.
1777 884 1853 945 Et

301 990 325 1041 ’.
354 979 519 1042 sieut
552 982 891 1063 probatum
924 993 1042 1058 est,
1074 993 1217 1047 ante
1260 985 1431 1046 illam
1473 983 1850 1063 ejectionem

354 1097 480 1140 non
532 1081 778 1162 optavit
819 1082 1019 1144 Deum
1062 1101 1190 1144 non
1230 1101 1389 1156 esse,
1423 1100 1621 1164 quum
1661 1081 1853 1143 sciret

355 1195 421 1238 se
464 1178 605 1240 sine
647 1179 757 1241 Dei
799 1181 1277 1243 conservatione
1317 1198 1442 1242 non
1483 1197 1667 1262 posse
1707 1177 1852 1240 sub-

352 1276 599 1338 sistere.

432 1474 745 1556 Deinceps
793 1475 1102 1539 Henricus
1150 1475 1525 1550 Quodlibeto
1566 1483 1789 1538 octavo
1832 1492 1845 1536 ε

294 1621 305 1632 .
352 1573 417 1634 ln
468 1573 719 1636 actibus
766 1575 1033 1656 (inquit)
1080 1574 1527 1636 intellectualis
1588 1572 1849 1635 maximi

350 1672 583 1752 angeli,
616 1673 693 1734 de
734 1690 861 1754 quo
900 1673 1220 1756 praecipue
1260 1681 1353 1735 est
1388 1691 1618 1746 sex-me,
1652 1672 1853 1734 seien-

347 1770 503 1833 dum
548 1771 717 1852 quod
764 1791 878 1852 per
923 1771 1316 1832 intellectum
1370 1771 1579 1852 primo
1620 1789 1697 1832 ex
1741 1770 1847 1832 ha-

1961 784 2165 846 malus
2210 785 2736 868 complacentiam
2783 787 2955 849 illam
3007 788 3126 848 sub
3171 788 3454 850 modera-

1963 881 2134 944 mine
2186 884 2514 956 tenuisset,
2561 903 2687 947 non
2738 893 3079 967 peccasset.
3133 885 3234 947 Sic
3282 886 3455 948 enim

1960 979 2151 1041 etiam
2210 981 2361 1042 boni
2418 983 2624 1062 angeli
2685 983 3044 1065 superiores
3102 985 3460 1065 praerogati-

1961 1096 2105 1140 vam
2146 1097 2326 1141 suam
2367 1099 2560 1161 super
2600 1081 2931 1144 inferiores
2966 1091 3454 1164 conspexerunt,

1960 1182 2149 1257 atque
2210 1176 2276 1238 in
2335 1177 2454 1239 hoc
2513 1178 2606 1240 eis
2663 1178 3100 1260 complacuit3
3159 1181 3269 1242 sed
3329 1199 3458 1244 non

1960 1283 2405 1356 peccaverunt,
2439 1275 2588 1357 quia
2635 1276 2756 1338 sub
2800 1277 3230 1340 moderamine
3277 1277 3460 1358 juxta

1959 1370 2342 1452 exigentiam
2388 1371 2596 1433 ultimi
2644 1370 2796 1434 finis
2839 1375 3189 1436 secundum
3237 1375 3457 1439 instin-

1961 1477 2134 1530 ctum
2183 1470 2398 1550 gratiae
2447 1471 2540 1532 eis
2591 1472 2748 1534 datae
2801 1491 2938 1535 sese
2981 1474 3451 1539 continuerunt.

1958 1567 2236 1650 Angelus
2268 1586 2417 1630 vero
2450 1570 2652 1632 malus
2685 1589 3123 1652 nequaquam3
3164 1573 3274 1634 sed
3308 1592 3456 1636 cum

1960 1682 2035 1726 eo
2081 1665 2252 1746 quod
2309 1665 2432 1726 sibi
2483 1667 2961 1747 praeeminentia
3015 1689 3129 1731 sua
3177 1672 3457 1752 compla-

1961 1763 2115 1836 cuit,
2151 1763 2217 1824 in
2261 1763 2718 1843 singularitatis
2769 1774 3084 1830 tumorem
3127 1769 3360 1851 erupit,
3393 1779 3456 1831 et

348 1867 485 1930 bitu
534 1878 869 1932 concreato
922 1869 1405 1951 comprehendit.
1454 1868 1844 1930 universales
1885 1869 1933 1931 B
1962 1861 2440 1944 eomplaeentiae
2471 1864 2874 1926 moderamen
2905 1867 3454 1940 excessit,bonum

344 1985 557 2028 rerum
605 1967 933 2042 essentias,
967 1975 1029 2029 et
1068 1967 1258 2028 simul
1302 1984 1448 2028 mox
1491 1966 1843 2047 complacet

344 2065 718 2127 naturaliter
766 2085 895 2128 suae
942 2065 1250 2128 voluntati
1302 2065 1365 2126 in
1417 2065 1545 2126 illis
1602 2064 1843 2146 absque

345 2161 823 2224 deliberatione.
878 2165 947 2225 In
998 2182 1123 2245 qua
1172 2163 1652 2247 complacentia,
1707 2182 1847 2245 quae

348 2261 707 2323 necessario
750 2268 847 2323 est
888 2262 1135 2343 primus
1172 2270 1351 2323 actus
1392 2261 1615 2341 ipsiuS,
1648 2280 1846 2342 quum

346 2375 471 2418 non
512 2357 599 2419 sit
630 2357 798 2420 circa
837 2359 1264 2439 particularia,
1299 2377 1425 2421 non
1467 2365 1673 2439 potest
1710 2377 1847 2420 6336

344 2454 587 2517 bonum
627 2465 737 2518 aut
776 2456 1014 2518 malum
1070 2457 1282 2520 moriS.
1328 2457 1396 2518 ln
1438 2456 1849 2538 comprehen-

340 2553 517 2616 sione
556 2563 767 2616 autem
811 2555 1293 2636 particularium
1324 2554 1445 2617 sub
1476 2554 1843 2628 universali,

341 2671 543 2732 quum
588 2653 781 2714 simul
824 2654 1008 2735 plura
1042 2653 1581 2736 comprehendere
1615 2671 1847 2734 neque-

340 2758 423 2824 at,
468 2751 583 2813 sed
628 2752 835 2813 solum
888 2771 1001 2833 per
1042 2751 1404 2814 discursum
1455 2771 1655 2813 unum
1706 2758 1847 2832 post

342 2848 640 2922 alterum,
684 2867 811 2912 non
855 2869 1055 2911 unum
1099 2869 1175 2911 ex
1226 2849 1425 2913 altero
1462 2850 1583 2931 (sie
1629 2858 1695 2911 ut
1736 2869 1845 2911 an-

341 2946 521 3026 gelus
555 2946 622 3008 in
662 2946 1059 3010 naturalibus
1098 2949 1411 3029 superior,
1446 2949 1623 3030 prius
1664 2968 1841 3010 suam

1962 1959 2085 2020 sibi
2117 1960 2437 2041 singulare
2468 1961 2874 2044 singulariter
2904 1973 3226 2045 reputanS,
3251 1974 3314 2028 et
3346 1967 3453 2030 bo-

1962 2077 2117 2120 num
2149 2059 2419 2122 aliorum
2453 2061 2834 2142 despicienS,
2868 2062 3088 2145 sicque
3131 2064 3195 2126 in
3225 2064 3347 2127 hoc
3385 2084 3453 2127 se

1960 2177 2152 2239 super
2182 2158 2339 2220 alios
2367 2159 2693 2223 Altissimo
2723 2161 3000 2223 similem
3029 2162 3342 2242 judicans.
3376 2165 3454 2226 Et
3491 2182 3740 2236 laxa-‚ia

1961 2275 2075 2337 per
2122 2256 2243 2318 hoc
2291 2276 2358 2318 se
2406 2257 2678 2320 aliorum
2727 2259 3052 2322 constit-uit
3100 2261 3339 2339 finem3
3390 2270 3452 2324 et

1960 2353 2110 2436 quia
2142 2374 2180 2416 a
2210 2354 2340 2417 sine
2376 2374 2449 2417 ac
2479 2358 2830 2419 secundum
2873 2356 3026 2420 finis
3069 2359 3451 2440 exigentiam

1960 2452 2304 2532 reg'ulanda
2339 2461 2486 2515 sunt
2517 2473 2589 2515 ea
2623 2474 2764 2536 quae
2803 2463 2952 2517 sunt
2992 2458 3069 2519 ad
3103 2457 3327 2533 finem,
3367 2459 3455 2522 id·

1959 2549 2128 2612 circo
2172 2571 2239 2612 se
2282 2550 2422 2633 ipso
2463 2559 2526 2614 et
2568 2554 2921 2615 seeundum
2963 2574 3031 2617 36
3075 2555 3285 2637 ipsum
3329 2557 3453 2619 dis-

1960 2649 2172 2730 posuit
2215 2649 2338 2711 alia
2383 2669 2598 2731 regere
2641 2671 2713 2713 ac
2759 2651 2914 2734 ipsis
2960 2671 3248 2735 praeesse.

2025 2747 2361 2829 Quumque
2391 2750 2741 2811 seeundum
2776 2750 3170 2831 Gregorium,
3190 2762 3455 2834 quatuor

1956 2846 2083 2906 sint
2132 2846 2377 2926 species
2426 2845 2717 2908 elationis
2761 2865 2774 2908 ε
2824 2848 3051 2929 prima,
3104 2850 3257 2911 dum
3307 2851 3454 2932 quis

1954 2963 1992 3005 a
2030 2963 2099 3005 se
2139 2943 2277 3025 ipso
2316 2944 2549 3006 habere
2589 2964 2656 3006 se
2697 2944 2862 3007 bona
2900 2953 3116 3028 putat3
3151 2950 3450 3024 secunda,

344 3044 795 3126 particularem
833 3045 1173 3108 essentiam
1210 3054 1507 3128 tanquam
1551 3045 1675 3107 sibi
1716 3065 1844 3108 ma·
1881 3046 1925 3110 C
1958 3042 2110 3103 dum
2160 3043 2304 3104 data
2350 3041 2473 3104 sibi
2524 3043 2796 3124 desuper
2836 3043 3002 3106 bona
3050 3063 3165 3126 pro
3207 3046 3340 3108 suis
3384 3065 3452 3109 se

340 3143 437 3224 gis
472 3152 851 3226 praesentem
892 3144 1252 3224 intelligat),
1288 3144 1599 3225 cujusque
1634 3145 1845 3225 singu-

343 3241 493 3303 laris
552 3242 979 3323 cognitionem
1038 3241 1503 3305 concomitatur
1561 3242 1843 3324 compla-

340 3341 551 3402 centia
601 3340 907 3402 naturalis
958 3340 1021 3402 in
1071 3357 1169 3415 e0,
1206 3349 1270 3402 et
1312 3340 1405 3402 sic
1450 3341 1515 3402 in
1558 3340 1845 3423 quolibet

340 3439 724 3513 successive,
768 3439 1120 3500 seeundum
1169 3440 1339 3520 quod
1388 3438 1467 3500 ab
1518 3438 1843 3501 intellectu

342 3537 909 3617 comprehenditur
952 3555 1153 3598 unum
1205 3543 1347 3617 post
1387 3537 1676 3598 alterum.
1716 3537 1843 3598 Nec

344 3633 405 3695 in
440 3634 659 3715 aliquo
685 3640 833 3695 actu
864 3633 1230 3714 hujusmodi
1264 3633 1607 3696 voluntatis
1639 3641 1846 3714 potest

343 3751 481 3794 6336
516 3731 760 3794 bonum
801 3738 908 3793 aut
937 3731 1177 3794 malum
1220 3733 1436 3805 moris,
1468 3732 1577 3793 sed
1614 3732 1845 3795 solum-

348 3831 535 3894 modo
567 3831 809 3894 bonum
840 3837 1099 3892 naturae.
1134 3829 1409 3893 Ulterius
1439 3847 1609 3905 vere,
1642 3850 1844 3913 quum

346 3928 707 3991 intellectus
747 3927 954 4008 angeli
998 3927 1187 4009 primi
1220 3928 1558 3990 essentiam
1604 3930 1846 4010 propri-

346 4047 443 4089 am
476 4025 963 4108 comprehendit
992 4024 1112 4086 sub
1144 4025 1615 4106 comparatione
1643 4026 1721 4087 ad
1752 4027 1845 4088 in-

345 4125 648 4188 feriorum
688 4123 1016 4196 essentiaS,
1050 4130 1111 4185 et
1151 4124 1631 4205 comprehendit
1672 4126 1841 4208 quod

1956 3139 2202 3201 meritis
2259 3140 2580 3221 accepisse
2629 3142 2989 3221 existimat3
3041 3143 3244 3218 tertia,
3295 3145 3449 3207 dum

1952 3237 2145 3317 jactat
2184 3256 2250 3300 se
2290 3237 2523 3300 habere
2564 3239 2732 3321 quod
2773 3258 2896 3302 non
2939 3240 3164 3320 habet3
3205 3251 3447 3323 quarta,

1956 3335 2209 3416 quando
2247 3336 2562 3417 despectis
2600 3337 2764 3410 aliis,
2803 3338 3207 3418 singulariter
3247 3340 3450 3402 videri

1955 3433 2199 3514 appetit
2236 3433 2468 3495 habere
2507 3434 2676 3516 quod
2719 3435 2910 3497 habet
2944 3453 2958 3497 ε
2993 3455 3118 3498 non
3163 3438 3450 3518 peccavit

1954 3530 2210 3592 Lucifer
2258 3531 2464 3612 prima
2518 3532 2834 3614 superbiae
2886 3535 3120 3615 specie,
3172 3535 3323 3616 quia
3371 3555 3448 3598 ex

1955 3628 2227 3690 naturali
2258 3629 2524 3690 seientia
2554 3630 2732 3692 novit
2761 3649 2828 3692 se
2858 3632 3178 3713 accepisse
3209 3653 3246 3695 a
3277 3633 3452 3696 Crea-

1956 3733 2089 3788 tore
2120 3725 2428 3808 quidquid
2471 3725 2594 3788 suit
2622 3736 2684 3789 et
2714 3728 2972 3808 habuit3
3015 3749 3130 3792 nec
3170 3733 3450 3795 secunda

1954 3825 2191 3906 speeie,
2243 3825 2393 3907 quia
2439 3843 2516 3886 ex
2567 3826 2770 3889 nihilo
2819 3827 3005 3889 scivit
3053 3847 3120 3890 se
3168 3828 3446 3911 factum3

1954 3941 2072 3985 nec
2102 3924 2288 3984 tertia
2325 3923 2558 4006 specie,
2592 3924 2742 4005 quia
2775 3925 2855 3987 de
2892 3926 3069 3988 nullo
3099 3935 3194 3989 est
3223 3928 3449 4008 gloria-

1954 4030 2055 4084 tus
2094 4039 2288 4103 quam
2330 4021 2405 4082 de
2444 4039 2521 4084 eo
2559 4023 2728 4104 quod
2767 4023 3009 4097 habuit,
3042 4026 3335 4106 quamvis
3369 4028 3448 4092 de

1953 4138 2028 4183 6ο
2058 4120 2224 4182 male
2253 4119 2602 4202 gloriando,
2622 4120 2887 4183 ulterius
2917 4121 3150 4184 habere
3178 4125 3450 4207 appetiit

346 4223 615 4286 essentia
657 4241 771 4283 sua
814 4221 1103 4303 superior
1145 4229 1261 4295 est,
1296 4230 1358 4284 et
1396 4231 1705 4303 quantum
1746 4232 1844 4286 est
1872 4224 1921 4286 D
1953 4219 2123 4302 quod
2163 4237 2290 4281 non
2331 4219 2571 4282 habuit.
2606 4219 2752 4281 Ideo
2782 4228 3003 4301 quarta
3041 4223 3254 4303 specie
3281 4242 3448 4288 arro·

346 4339 417 4384 ex
448 4318 868 4391 naturalibuS,
903 4328 1050 4381 nata
1089 4338 1356 4400 praeesse
1390 4338 1463 4381 ae
1501 4320 1837 4397 dominari,

344 4427 529 4501 atque
564 4417 736 4500 quod
774 4417 891 4479 hoc
935 4415 1175 4480 bonum
1216 4427 1381 4480 esset
1410 4417 1532 4480 sibi
1566 4427 1628 4481 et
1657 4419 1837 4500 aliis3

347 4518 407 4581 in
445 4520 569 4581 hoc
598 4535 823 4580 verum
866 4516 1020 4578 dicit
1060 4516 1421 4578 intellectus
1458 4517 1663 4599 ipsius
1700 4518 1841 4581 abs-

346 4637 465 4699 que
493 4633 729 4678 errore.
755 4615 1087 4695 Quumque
1124 4615 1308 4677 talem
1344 4615 1841 4680 intellectionem

346 4716 633 4798 sequitur
673 4713 1133 4795 complacentia
1166 4714 1531 4790 voluntatiS,
1567 4716 1843 4798 compla-

347 4812 555 4876 centia
584 4813 694 4874 illa
719 4812 925 4874 adhuc
958 4831 1117 4894 pure
1148 4820 1243 4874 cst·
1273 4813 1576 4874 naturalis
1608 4821 1669 4875 et
1698 4813 1841 4876 ahs-

347 4931 467 4995 que
506 4911 683 4974 omni
730 4909 1201 4972 deliberatione.
1238 4911 1413 4972 Unde
1455 4911 1735 4975 sistendo
1774 4913 1838 4974 in

347 5031 437 5086 ca,
470 5011 681 5073 adhuc
726 5027 945 5071 omnes
995 5016 1173 5071 actus
1215 5008 1559 5072 voluntatis
1610 5011 1841 5074 hucus-

348 5129 491 5191 que,
515 5108 629 5190 qui
660 5107 1017 5170 necessario
1046 5106 1262 5188 plures
1292 5115 1461 5181 sunt,
1486 5107 1636 5170 honi
1669 5117 1837 5182 sunt,

349 5207 726 5288 bonitasque
756 5205 1008 5268 illorum
1041 5206 1106 5267 in
1138 5207 1334 5268 Deum
1362 5214 1459 5268 est
1486 5215 1845 5289 retorquen—

350 5304 443 5370 da.
476 5306 654 5380 Quod
686 5303 775 5366 ita
803 5323 871 5367 se
900 5304 1111 5380 habet,
1143 5305 1278 5367 sive
1307 5304 1512 5385 angeli
1546 5304 1611 5367 in
1642 5306 1843 5386 gratia

1950 4318 2180 4400 gantiae
2228 4325 2324 4380 est
2372 4325 2820 4398 transgressuS,
2870 4319 3170 4399 quoniam
3231 4321 3447 4404 singu-

1953 4417 2166 4478 lariter
2208 4413 2409 4477 videri
2451 4423 2514 4476 et
2556 4416 2893 4498 praesidere
2941 4418 3210 4500 appetiit
3250 4420 3328 4482 de
3371 4439 3447 4485 eo

1952 4515 2121 4597 quod
2152 4514 2408 4577 habuit:
2433 4514 2602 4595 quod
2634 4515 3100 4596 nonproeessit
3129 4535 3205 4578 ex
3233 4519 3446 4603 aliqua

1952 4613 2426 4676 deordinatione
2469 4631 2760 4675 erroreve
2802 4614 3086 4688 rationis,
3121 4616 3272 4697 quia
3317 4636 3444 4682 non

1953 4713 2284 4796 proposuit
2332 4711 2639 4774 voluntati
2697 4712 2822 4775 nisi
2872 4715 3040 4794 quod
3101 4713 3236 4797 ipse
3285 4725 3440 4792 erat,

1951 4832 2068 4876 nec
2104 4813 2265 4874 ratio
2301 4818 2448 4873 ante
2489 4819 2819 4893 peccatum
2849 4813 3193 4876 voluntatis
3233 4833 3442 4878 errare

1952 4911 2176 4992 quivit.
2212 4911 2385 4973 Unde
2429 4910 2588 4971 ratio
2631 4909 2696 4970 in
2743 4911 2966 4991 angelo
3014 4929 3139 4974 non
3183 4914 3438 4988 erravit,

1951 5010 2073 5073 nisi
2107 5017 2444 5091 postquam
2475 5009 2676 5070 elatus
2706 5007 2845 5070 fuit.
2875 5009 3116 5091 Nempe
3147 5018 3285 5092 post
3317 5011 3441 5093 pri·

1954 5127 2119 5171 mam
2162 5107 2303 5188 ejus
2339 5107 2679 5169 elationem
2721 5107 2880 5170 ratio
2919 5107 2984 5169 in
3025 5108 3163 5189 ipso
3202 5117 3296 5171 est
3333 5109 3442 5172 ob-

1951 5213 2201 5270 scurata
2251 5205 2420 5267 eirca
2470 5205 2862 5285 appetibilia,
2913 5225 3054 5287 quae
3111 5208 3440 5288 proposuit

1954 5303 2264 5368 voluntati
2322 5302 2442 5365 sub
2491 5303 2732 5365 ratione
2790 5302 2964 5378 boni,
3016 5320 3142 5366 non
3201 5313 3438 5388 pertra-
