4334 6242
781 453 902 518 570

1358 645 1406 700 ll
1445 645 1700 701 REGUM.

778 822 870 886 Vl,
905 821 991 878 14.
1023 821 1204 879 David
1229 822 1479 880 saltabat
1504 821 1642 879 totis
1668 821 1891 880 viribus
1919 826 2052 880 ante
2074 820 2272 878 Domi-

851 928 1016 978 num,
1049 913 1153 968 162
1168 911 1251 968 Α’.

1341 1101 1412 1156 ΙΙΙ
1451 1101 1709 1156 REGUM.

777 1271 941 1336 XXII,
988 1272 1072 1327 19.
1106 1270 1235 1327 Vidi
1280 1269 1597 1327 Dominum
1643 1272 2004 1328 sedentem...
2047 1273 2106 1328 et
2151 1286 2277 1325 om-

852 1375 987 1417 nem
1020 1359 1340 1418 exercitum
1372 1358 1500 1417 coeli
1529 1359 1905 1417 adsistentem
1930 1358 1982 1416 ei
2002 1376 2037 1416 a
2056 1357 2278 1417 dextris

852 1453 910 1507 et
936 1466 973 1506 a
1001 1448 1271 1517 sinistris,
1303 1448 1504 1506 23413’.

1353 1637 1423 1692 IV
1458 1637 1716 1694 REGUM.

784 1807 852 1874 II,
883 1809 972 1873 21,
1003 1809 1094 1864 22.
1123 1807 1392 1881 (Eliseus)
1420 1806 1643 1864 misit...
1685 1807 1833 1864 sal...
1875 1809 2106 1865 Sanatae
2139 1810 2281 1865 sunt

855 1913 994 1970 ergo
1023 1913 1209 1970 aquoe,
1238 1897 1382 1952 628.

784 1986 848 2051 V,
882 1986 967 2042 11.
996 1986 1313 2060 (Naaman)
1335 1984 1474 2042 lavit
1502 1985 1563 2043 in
1591 1987 1908 2045 Jordane...
1942 1990 2000 2044 et
2029 1987 2279 2044 munda-

851 2077 950 2132 tus
977 2077 1085 2139 est,
1109 2075 1254 2130 620.

786 2163 878 2229 VI,
909 2164 962 2218 6.
1001 2161 1292 2220 Natavit...
1323 2161 1564 2230 sermm,
1597 2165 1666 2219 62
1682 2164 1743 2220 C.

775 2282 847 2292 —
869 2252 955 2307 16.
977 2251 1246 2310 Plures...
1285 2250 1590 2310 nobiscum
1611 2255 1749 2309 sunt
1767 2268 1946 2325 quam
1976 2267 2112 2309 cum
2142 2249 2278 2318 illis,

855 2341 962 2398 317
973 2340 1055 2396 D’.

1183 2528 1229 2583 11
1269 2528 1764 2586 PARALIPOMEN
1771 2529 1884 2586 ΟΝ.

783 2698 871 2765 VI,
907 2699 957 2754 1.
993 2696 1277 2756 Dominus
1323 2697 1618 2770 pollicitus
1657 2701 1745 2757 est
1786 2702 1850 2755 ut
1891 2699 2179 2758 habitaret
2218 2697 2276 2756 in

857 2787 1126 2862 caligine,
1156 2790 1262 2845 313
1274 2789 1356 2844 D’.

781 2878 894 2943 XV,
925 2879 976 2933 2.
1008 2876 1132 2934 Si...
1154 2877 1582 2951 dereliqueritis
1599 2895 1756 2945 eum,
1775 2879 2138 2952 derelinquet
2154 2896 2277 2947 vos,

783 3057 922 3122 XVI,
955 3058 1040 3113 12.
1074 3057 1250 3114 Asa...
1282 3074 1388 3116 nec
1416 3057 1474 3114 in
1509 3058 1849 3115 infirmitate
1880 3075 1988 3115 sua
2014 3058 2281 3132 quoesivit

855 3145 1193 3211 Dominum,
1245 3148 1346 3206 sed
1392 3145 1584 3220 magis
1631 3146 1690 3202 in
1742 3147 2107 3204 medicorum
2155 3149 2279 3204 arte

855 3235 1109 3292 confisus
1136 3239 1241 3303 est,
1272 3236 1470 3293 43713’.

782 3325 895 3390 XX,
939 3326 992 3380 6.
1021 3325 1164 3384 ·Nec
1219 3325 1532 3400 quisquam
1587 3325 1691 3382 tibi
1751 3328 1938 3398 potest
1991 3324 2277 3392 resistere,

853 3413 1017 3471 600.

1404 3604 1650 3661 TOBIAE.

785 3775 902 3842 XII,
937 3777 1022 3832 15.
1053 3777 1236 3849 EgO...
1267 3793 1400 3834 sum
1438 3775 1691 3849 Rapbael
1728 3775 1992 3848 angelus,
2019 3790 2173 3831 unus
2211 3791 2280 3832 ex

856 3868 1080 3938 septem
1110 3865 1210 3938 qui
1241 3866 1543 3923 adstamus
1572 3868 1706 3921 ante
1736 3863 2077 3931 Dominum,
2097 3865 2205 3920 227
2220 3866 2278 3931 C,

856 3955 1057 4020 519Α’,
1089 3955 1288 4011 54οΑ’.

781 4076 850 4086 -
882 4046 968 4101 19.
1001 4043 1314 4102 Videbar...
1347 4042 1650 4102 vobiscum
1681 4043 2058 4109 manducare,
2097 4043 2278 4100 4501).

784 4165 854 4177 —
881 4135 970 4190 20.
999 4135 1250 4206 Tempus
1291 4137 1438 4192 est...
1478 4137 1542 4191 ut
1581 4137 1838 4192 revertar
1879 4133 1953 4188 ad
1995 4149 2132 4191 eum
2178 4132 2279 4206 qui

856 4240 950 4281 me
980 4222 1159 4291 misit,
1191 4224 1387 4280 53913'.

1453 4411 1598 4467 JOB.

786 4585 826 4649 Ι,
857 4585 911 4639 6.
944 4584 1274 4650 Quadam...
1322 4583 1416 4640 die
1462 4598 1644 4656 quum
1689 4581 1982 4640 venissent
2027 4581 2131 4638 filii
2176 4582 2275 4639 Dei

858 4677 922 4731 ut
961 4671 1309 4731 adsisterent
1350 4690 1548 4730 coram
1586 4671 1856 4738 Domino,
1896 4670 2085 4728 adsuit
2127 4670 2280 4729 inter

857 4780 956 4820 eos
983 4763 1162 4821 etiam
1192 4765 1389 4828 Satan,
1419 4765 1527 4820 519
1541 4763 1618 4828 0,
1648 4763 1756 4819 526
1768 4761 1848 4818 Β’.

789 4853 882 4918 III,
911 4854 965 4909 5.
1000 4853 1321 4911 obscurent
1347 4869 1484 4910 eum
1515 4852 1769 4910 tenebrae
1797 4855 1854 4909 et
1882 4852 2094 4909 umbra
2122 4866 2277 4908 mor·

856 4941 950 5008 tis,
981 4942 1180 4999 4010’.

783 5063 857 5075 -—
888 5032 973 5088 17.
1008 5031 1089 5087 Ibi
1119 5030 1530 5104 requieverunt
1558 5030 1690 5089 sessi
1721 5031 1945 5094 robore,
1979 5030 2083 5086 115
2096 5030 2158 5084 D.

787 5122 878 5188 IV,
911 5123 996 5187 18,
1030 5122 1115 5178 19.
1160 5122 1303 5179 Ecce
1341 5120 1440 5194 qui
1481 5119 1741 5179 serviunt
1763 5119 1818 5177 ei
1848 5135 1964 5176 non
1997 5123 2136 5176 sunt
2163 5122 2277 5176 sta-

859 5212 1005 5270 biles
1031 5215 1089 5270 et
1117 5211 1177 5268 in
1217 5211 1442 5284 angelis
1478 5210 1600 5268 suis
1634 5209 1852 5283 reperit
1883 5207 2227 5282 pravitatem
2262 5227 2276 5265 :

862 5305 1084 5375 quanto
1123 5301 1312 5373 magis
1362 5300 1422 5358 hi
1471 5299 1572 5373 qui
1617 5298 1882 5356 habitant
1939 5299 2145 5354 domos
2190 5297 2277 5355 Iu·

1987 474 2177 522 INDEX
2226 476 2277 520 S.
2324 473 2667 522 scmrwrffl

2456 646 2641 700 teas...
2702 644 3126 700 consumentur
3178 642 3336 700 velut
3388 658 3425 698 a
3476 640 3677 698 tinea?
3724 641 3877 707 531),

2380 823 2444 887 X,
2474 823 2564 878 22.
2595 821 2703 878 Ubi
2746 821 2957 878 umbra
2995 820 3204 878 mortis
3242 824 3300 878 et
3338 819 3535 877 nullus
3572 821 3735 885 ordo,
3774 820 3879 877 sed

2450 911 2842 984 sempiternus
2869 911 3077 968 horror
3112 910 3416 977 inhabitat,
3448 910 3645 977 3550,
3668 910 3779 966 357
3792 909 3877 976 D’,

2446 1003 2556 1058 512
2571 1004 2633 1058 Β.

2381 1093 2471 1158 XI,
2502 1093 2556 1158 8,
2594 1094 2647 1148 9.
2690 1091 2984 1149 Excelsior
3030 1091 3173 1149 coelo
3219 1095 3324 1157 est,
3364 1094 3423 1148 et
3464 1089 3606 1163 quid
3654 1087 3879 1146 facies?

2452 1181 2805 1238 Profundior
2827 1181 3075 1245 inferno,
3097 1183 3156 1238 et
3176 1181 3331 1238 unde
3356 1177 3709 1253 cognosces?
3728 1179 3876 1234 Lon·

2457 1271 2585 1344 gior
2628 1275 2785 1328 terra
2842 1286 3121 1327 mensura
3173 1269 3318 1343 ejus,
3368 1273 3425 1326 et
3477 1267 3651 1325 latior
3706 1267 3877 1335 mari,

2457 1361 2559 1416 178
2580 1359 2661 1415 D’.

2381 1448 2496 1513 XII,
2528 1451 2582 1514 9,
2618 1448 2703 1504 10.
2737 1447 2878 1514 Quis
2921 1447 3153 1521 ignorat
3180 1448 3337 1520 quod
3366 1445 3569 1503 omnia
3596 1446 3722 1503 haec
3750 1463 3877 1502 ma-

2454 1555 2567 1595 nus
2596 1537 2830 1594 Domini
2870 1536 3116 1594 fecerit?
3144 1535 3204 1593 in
3246 1536 3414 1610 quus
3451 1552 3639 1593 manu
3674 1536 3877 1593 anima

2455 1627 2649 1684 omnis
2684 1626 2947 1694 viventis,
2987 1630 3047 1684 et
3084 1625 3323 1699 spiritus
3360 1625 3648 1683 universae
3684 1624 3878 1683 carnis

2454 1716 2731 1783 hominis,
2762 1717 2849 1773 31.

2383 1806 2547 1872 XXV,
2572 1807 2628 1862 2.
2660 1805 2821 1862 Facit
2848 1805 3225 1863 concordiam
3253 1805 3313 1861 in
3344 1802 3699 1862 sublimibus
3734 1803 3875 1869 suis,

2454 1897 2635 1963 5593,
2666 1895 2751 1951 D’.

2383 2016 2457 2027 —
2493 1985 2548 2041 3.
2588 1983 2889 2056 Numquid
2936 1988 3024 2042 est
3070 2000 3355 2043 numerus
3402 1982 3661 2040 militum
3708 1982 3881 2056 ejus?

2452 2076 2562 2131 219
2574 2074 2657 2141 D’,
2685 2074 2887 2142 229D’,
2916 2075 3113 2141 2310,
3141 2074 3339 2132 182Α’.

2385 2165 2572 2230 XXVI,
2600 2165 2656 2220 5.
2689 2165 2831 2220 Ecce
2876 2163 3141 2236 gigantes
3180 2167 3425 2237 gemunt
3461 2164 3569 2220 sub
3607 2161 3796 2236 aquis,
3822 2165 3883 2220 et

2458 2253 2559 2327 qui
2590 2253 2856 2311 habitant
2882 2271 3017 2310 cum
3049 2254 3151 2321 eis,
3181 2253 3379 2310 3330.

2385 2374 2457 2384 -
2486 2344 2574 2400 13.
2606 2342 2858 2416 Spiritus
2886 2344 3013 2417 ejus
3041 2342 3269 2400 ornavit
3307 2343 3501 2408 coelos,
3531 2345 3589 2400 et
3616 2341 3881 2400 obstetri-

2460 2435 2628 2490 cante
2665 2449 2850 2491 manu
2886 2433 3031 2506 eJus,
3067 2433 3313 2491 eductus
3358 2435 3446 2490 est
3491 2431 3729 2490 coluber
3763 2434 3885 2488 tor-

2457 2526 2681 2590 tuosus,
2709 2523 2799 2579 32.

2386 2612 2673 2678 XXXVIII,
2704 2612 2755 2678 ·1,
2788 2613 2841 2669 7.
2872 2611 2979 2669 Ubi
3010 2629 3204 2671 eras...
3236 2629 3421 2684 quum
3453 2627 3547 2668 me
3576 2605 3883 2668 laudarent-

2458 2702 2635 2759 simul
2666 2706 2822 2759 astra
2852 2699 3143 2760 matutina
3162 2702 3189 2757 2
3222 2703 3320 2758 151
3336 2701 3417 2757 Α’.

2387 2792 2495 2858 XL,
2556 2792 2639 2848 10.
2697 2793 2840 2849 Ecce
2896 2791 3216 2849 Bebemoth
3272 2807 3449 2863 quem
3505 2789 3613 2848 feci
3665 2793 3882 2856 tecum,

2458 2882 2566 2938 334
2582 2883 2646 2937 D.

2352 3003 2356 3008 -
2388 3002 2459 3012 —
2492 2971 2578 3028 11.
2611 2972 2737 3044 Ipse
2764 2975 2851 3028 est
2888 2970 3245 3044 principium
3270 2969 3499 3028 viarum
3532 2969 3654 3037 Dei,
3686 2970 3886 3036 123A’,

2389 3182 2461 3192 —
2488 3152 2577 3206 23.
2610 3150 2972 3223 Numquid...
3000 3148 3252 3222 accipies
3290 3166 3425 3207 eum
3464 3166 3697 3208 servum
3736 3165 3889 3206 sem-

2465 3239 2762 3313 piternum
2783 3238 2812 3295 2
2839 3241 2946 3296 363
2958 3240 3042 3295 D'.

2386 3361 2458 3374 —
2486 3331 2575 3386 28.
2616 3331 2758 3402 Spes
2802 3329 2931 3403 ejus
2972 3327 3352 3386 frustrabitur
3388 3344 3546 3394 eum,
3586 3332 3644 3385 et
3690 3327 3890 3385 viden-

2460 3419 2617 3476 tibus
2646 3418 2873 3476 cunctis
2903 3416 3384 3492 praecipitabitur,
3412 3417 3593 3473 3861).

2390 3509 2523 3574 XLI,
2555 3510 2609 3564 8.
2642 3508 2769 3564 Una
2794 3506 2963 3565 alteri
2994 3505 3334 3572 adhaerebit,
3364 3505 3565 3562 3550.

2389 3631 2460 3641 -
2492 3600 2577 3654 15.
2608 3599 2718 3655 Cor
2745 3599 2873 3671 ejus
2903 3595 3279 3654 indurabitur
3314 3599 3599 3669 tanquam
3637 3595 3803 3669 lapis,
3831 3601 3893 3654 et

2464 3688 2783 3761 stringetur
2835 3686 3003 3760 quasi
3061 3685 3420 3744 malleatoris
3468 3685 3655 3750 incus,
3704 3687 3806 3742 361
3819 3690 3887 3752 Α,

2390 3897 2461 3909 -
2492 3867 2578 3922 16.
2610 3867 2803 3932 Quum
2834 3865 3100 3922 sublatus
3130 3864 3322 3931 suerit,
3353 3863 3647 3922 timebunt
3673 3865 3885 3938 angeli,

2461 3957 2519 4013 et
2546 3953 2731 4012 territi
2762 3955 3192 4026 purgabuntur,
3222 3954 3323 4009 291
3340 3954 3403 4008 Β.

2920 4139 3366 4198 PSALMORUM.

2392 4314 2484 4380 VI,
2515 4315 2567 4369 6.
2603 4314 2667 4370 In
2696 4312 2925 4371 inferno
2954 4315 3153 4370 autem
3184 4313 3317 4386 quis
3344 4311 3716 4371 confitebitur
3740 4311 3889 4370 tibi?

2392 4402 2901 4558 Vlffiissbfflinuisti
2932 4491 3067 4548 eum
3100 4490 3274 4564 paulo
3310 4491 3511 4549 minus
3538 4493 3611 4549 ab
3642 4491 3889 4565 angelis,

2390 4582 3098 4742 le'issxhomprehensus
3126 4675 3215 4728 est
3243 4688 3343 4745 pes
3366 4688 3592 4738 eorum,
3624 4674 3731 4729 279
3742 4675 3803 4729 Β.

2388 4763 2452 4828 X,
2482 4763 2535 4818 5.
2569 4759 2853 4816 Dominus
2882 4759 2940 4816 in
2973 4760 3119 4818 coelo
3147 4761 3313 4818 sedes
3338 4761 3481 4834 ejus,
3516 4762 3619 4818 157
3632 4761 3715 4817 Α’.

2386 4883 2457 4892 -
2488 4852 2574 4916 17,
2610 4865 2723 4906 sec.
2767 4849 2935 4906 Hebr.
2976 4848 3408 4907 Desiderium...
3448 4850 3643 4908 cordis
3678 4867 3887 4909 eorum

2460 4939 2685 4997 audivit
2712 4936 2871 4996 auris
2900 4941 3019 5004 tua,
3052 4939 3158 4995 532
3170 4939 3253 4995 Λ’.

2389 5030 2501 5094 XV,
2549 5031 2601 5086 2.
2654 5029 2953 5085 bonorum
3010 5043 3280 5085 meorum
3328 5044 3446 5085 non
3496 5044 3651 5102 eges,
3704 5028 3889 5094 Ion,

2390 5119 2568 5272 ΧνΞΙῗ
2580 5119 2694 5264 Α12.
2744 5205 2943 5264 Posuit
2997 5207 3265 5264 tenebras
3322 5206 3634 5265 latibulum
3689 5224 3891 5273 suum,

2462 5297 2567 5353 313
2582 5295 2666 5351 D’.
