4334 6242
876 469 998 534 206

1554 487 1619 532 IN
1659 486 1880 532 LIBRUM
1922 485 1966 530 11
2008 482 2490 530 SENTENTIARUM.
2533 499 2614 510 -
2653 484 2806 530 msr.
2856 485 2956 546 1113
3000 486 3224 542 QUAEST.
3271 487 3315 532 11

879 658 1042 721 sime
1090 657 1333 733 scribit,
1378 657 1547 740 quod
1598 657 1664 719 in
1716 655 2155 737 intelligentiis
2203 655 2377 716 aliud
2407 654 2456 716 Α
2487 657 2590 720 tiae
2617 658 2838 719 oritur.
2864 656 2985 720 Sed
3013 657 3276 739 angelus
3307 657 3524 720 lumen
3555 656 3992 720 intellectuale

880 765 975 820 est
1022 778 1147 837 quo
1196 767 1288 818 esc
1337 775 1449 819 seu
1498 775 1658 830 esse,
1694 756 1869 818 aliud
1919 759 2093 834 quod
2138 764 2229 815 esc
2264 775 2287 813 .·
2317 760 2381 816 et

878 863 1090 917 tamen
1131 856 1285 918 dum
1325 855 1517 918 verba
1557 855 1758 936 ipsius
1804 855 2230 926 resolvuntur,
2266 870 2381 934 per

879 974 1009 1014 esse
1041 954 1496 1035 intelligentiae,
1531 953 1830 1033 intelligit
1869 952 2163 1026 formam,
2199 958 2377 1013 natu-

880 1072 1014 1115 ram
1072 1071 1184 1114 seu
1243 1052 1582 1114 essentiam
1642 1051 1827 1132 ejus;
1879 1069 1991 1132 per
2038 1053 2212 1130 quod
2259 1059 2376 1118 est,

879 1152 1283 1233 suppositum
1335 1169 1446 1213 seu
1497 1167 1832 1232 personam
1881 1149 2194 1230 ejusdem,
2236 1167 2377 1230 quae

879 1267 1005 1313 non
1054 1256 1148 1312 est
1200 1249 1323 1311 nisi
1375 1249 1507 1312 haec
1556 1248 1761 1310 forma
1814 1255 2101 1329 separata
2150 1265 2264 1328 per
2309 1264 2376 1308 se

877 1348 1253 1422 subsistens,
1287 1347 1449 1409 nihil
1492 1347 1656 1409 reale
1700 1347 1777 1408 de
1816 1364 2045 1427 genere
2085 1344 2376 1407 substan-

876 1447 980 1509 tiae
1038 1446 1469 1528 superaddens
1528 1445 1837 1508 essentiae.
1891 1445 1965 1506 Et
2024 1444 2077 1506 si
2128 1444 2378 1506 dicatur

876 1545 1300 1626 superaddere
1332 1544 1750 1626 proprietates
1792 1562 1905 1605 seu
1936 1539 2372 1614 accidentalia,

877 1643 985 1704 illa
1027 1644 1379 1706 secundum
1424 1642 1755 1704 Albertum
1806 1641 2374 1704 individuationem

876 1758 1002 1803 non
1060 1740 1324 1814 faciunt,
1386 1742 1495 1803 sed
1554 1741 1917 1814 ostendunt,
1980 1741 2143 1802 sicut
2204 1757 2374 1801 nunc

878 1840 1099 1920 patuit.

961 1937 1254 2019 Amplius
1310 1938 1529 2000 Petrus
1592 1938 2071 2021 responsionem
2128 1935 2369 1999 Alberti

876 2036 1258 2117 assequitur,
1292 2043 1354 2096 et
1384 2036 1577 2109 addit,
1613 2037 1781 2118 quod
1815 2036 2257 2108 individuatio,
2287 2054 2377 2097 se·

876 2134 1158 2196 cundum
1189 2134 1521 2215 quosdam,
1553 2133 1629 2195 fit
1660 2152 1786 2196 non
1822 2140 2064 2196 tantum
2099 2152 2213 2215 per
2242 2152 2378 2195 sen-

876 2232 1131 2294 sibilem
1164 2232 1273 2294 sed
1305 2232 1703 2314 spiritualem
1734 2251 1989 2314 quoque
2020 2232 2370 2294 materiam.

874 2365 955 2374 ——
987 2331 1255 2412 Insuper
1298 2331 1547 2413 quaerit,
1588 2331 1863 2413 qualiter
1904 2331 2376 2412 distinguantur

876 2437 1147 2509 quatuor
1185 2429 1489 2491 attributa
1528 2428 1897 2510 angelorum
1948 2428 2227 2510 praefata.
2262 2429 2374 2492 Re-

876 2528 1145 2608 spondet
1180 2545 1194 2589 :
1229 2528 1298 2589 In
1332 2545 1716 2610 unoquoque
1747 2535 1895 2590 ente
1933 2527 2252 2609 completo
2283 2527 2375 2588 in-

874 2626 1223 2688 veniuntur
1268 2625 1621 2688 substantia
1670 2644 1796 2707 qua
1842 2633 1937 2687 est
1983 2633 2047 2687 et
2096 2625 2377 2707 potentia

874 2742 1001 2805 qua
1029 2724 1177 2804 agit.
1214 2724 1581 2787 Substantia
1618 2724 1960 2805 dupliciter
1990 2724 2246 2798 dicitur,
2282 2732 2376 2785 ut-

876 2829 1023 2902 pote
1070 2829 1296 2884 natura
1336 2829 1397 2884 et
1442 2839 1540 2884 res
1584 2829 1844 2895 naturae,
1892 2822 1954 2883 id
1998 2830 2093 2884 est
2142 2839 2375 2903 suppo-

876 2920 1091 2984 situm.
1145 2921 1339 2983 Penes
1400 2921 1682 3002 primum
1736 2920 2106 2982 attribuitur
2152 2920 2377 3000 angelo

2490 774 2723 836 purum
2771 763 2833 816 et
2884 755 3364 838 impermixtum
3415 757 3768 838 participat.
3821 757 3992 818 Hinc

2487 854 2840 916 secundum
2871 853 2937 916 B.
2971 854 3366 937 Dionysium,
3401 856 3539 917 sine
3570 854 3990 936 inquisitione

2487 951 2882 1015 deiformiter
2928 953 3244 1035 intelligit.
3279 953 3588 1016 Similiter
3627 955 3992 1016 incommu-

2489 1049 2846 1113 nicabilitas
2884 1069 2998 1114 seu
3041 1051 3460 1115 individuatio
3489 1061 3584 1115 est
3621 1053 3684 1113 in
3723 1052 3990 1115 homine

2487 1166 2564 1210 ex
2595 1148 2716 1211 hoc
2745 1150 2915 1231 quod
2946 1169 3060 1212 sua
3099 1157 3322 1212 natura
3354 1151 3418 1212 in
3450 1151 3729 1214 materiae
3763 1150 3994 1213 funda-

2491 1255 2703 1309 mento
2753 1257 3006 1330 recepta
3053 1257 3148 1310 est
3194 1256 3382 1329 atque
3431 1249 3866 1312 determinata.
3915 1250 3988 1310 ln

2485 1347 2710 1427 angelo
2756 1354 2970 1409 autem
3015 1348 3078 1409 in
3125 1367 3192 1409 se
3243 1347 3379 1429 ipsa
3424 1347 3840 1410 determinata
3887 1355 3992 1408 est

2488 1463 2564 1506 ex
2603 1445 2722 1506 hoc
2767 1446 2936 1527 quod
2981 1446 3046 1507 in
3087 1446 3304 1528 aliquo
3346 1445 3543 1528 recipi
3595 1463 3722 1508 non
3773 1453 3988 1528 pote-st

2487 1543 2651 1604 sicut
2681 1542 2884 1605 forma
2913 1542 3417 1606 determinabilis
3451 1561 3465 1606 ε
3493 1552 3557 1606 et
3587 1564 3663 1605 ex
3693 1543 3812 1606 hoc
3843 1544 3991 1626 ipso

2487 1642 2638 1703 satis
2672 1642 3298 1705 incommunicabilis
3332 1650 3449 1717 est,
3483 1651 3544 1705 et
3574 1661 3702 1705 non
3735 1661 3848 1724 per
3876 1642 3991 1704 de-

2489 1741 2998 1804 terminationem
3030 1741 3155 1803 reci
3163 1741 3428 1822 pientis3
3450 1742 3990 1823 quemadmodum

2412 1836 2460 1897 B
2488 1836 2778 1899 divinum
2817 1856 2978 1910 esse,
3011 1845 3107 1899 est
3146 1837 3476 1920 proprium
3507 1847 3570 1899 et
3604 1838 3988 1900 determina-

2488 1944 2624 1996 tum
2668 1952 2794 1998 non
2840 1954 2956 2016 per
2993 1935 3382 1998 additionem
3425 1936 3697 2017 alicujus
3741 1945 3988 2000 contra·

2485 2033 2719 2107 hentis,
2762 2034 2890 2096 imo
2940 2053 3055 2116 per
3103 2035 3502 2116 negationem
3552 2035 3760 2098 omnis
3806 2035 3989 2097 addi-

2485 2131 2697 2194 tionis.
2748 2133 3007 2214 Propter
3055 2133 3222 2214 quod
3272 2133 3508 2195 dicitur
3561 2133 3624 2195 in
3683 2133 3847 2196 libro
3906 2134 3987 2196 de

2487 2230 2726 2303 Causis,
2761 2232 2929 2312 quod
2975 2231 3396 2294 individuatio
3439 2252 3551 2294 sua
3593 2240 3689 2294 est
3732 2232 3986 2295 bonitas

2487 2347 2664 2409 pura.
2700 2329 2893 2392 Multo
2932 2348 3082 2410 ergo
3121 2330 3398 2393 nobilior
3437 2331 3852 2412 personalitas
3885 2339 3986 2393 est

2487 2427 2553 2489 in
2582 2428 2805 2508 angelo
2837 2447 3028 2509 quam
3061 2428 3126 2490 in
3165 2427 3446 2501 homine,
3478 2430 3640 2491 sicut
3679 2438 3744 2492 et
3773 2438 3986 2493 cetera

2487 2545 2626 2607 quae
2673 2527 2766 2588 eis
2816 2527 3225 2600 conveniunt,
3281 2535 3350 2588 ut
3397 2528 3456 2590 S.
3509 2528 3847 2611 Dionysius
3899 2529 3988 2591 lo-

2487 2624 2722 2704 quitur.
2771 2625 2913 2686 Haec
2956 2624 3225 2687 Thomas
3271 2625 3336 2686 in
3381 2625 3648 2707 Scripto.

2567 2723 2878 2786 Consonat
2907 2723 3280 2796 Alexander,
3307 2724 3660 2786 concedens
3691 2725 3861 2806 quod
3896 2726 3990 2787 in-

2486 2821 2828 2883 dividuitas
2874 2840 2984 2883 seu
3027 2821 3440 2903 personalitas
3481 2839 3606 2885 non
3651 2823 3734 2886 sit
3772 2822 3840 2885 in
3877 2843 3992 2886 an-

2485 2919 2645 3000 gelis
2683 2938 2760 2980 ex
2801 2927 2978 3000 parte
3021 2919 3318 2982 materiae.
3354 2920 3583 3002 Sicque
3627 2920 3883 2982 videtur
3925 2921 3989 2982 in

876 3019 1253 3102 simplicitas
1285 3020 1597 3092 essentiae,
1634 3038 1827 3102 penes
1864 3019 2219 3082 secundum
2249 3019 2374 3080 dis·
2413 3021 2456 3083 C
2485 3017 2726 3097 angelis
2757 3016 3155 3099 spiritualem
3189 3018 3517 3080 materiam
3550 3035 3676 3080 non
3710 3035 3986 3100 ponere:

876 3117 1073 3180 cretio
1104 3135 1407 3199 personae.
1443 3118 1726 3181 Potentia
1753 3117 1943 3179 etiam
1976 3118 2212 3201 duplex
2242 3126 2372 3180 est:

875 3217 1164 3296 quaedam
1224 3215 1661 3288 determinata,
1714 3235 1857 3296 quae
1908 3216 2038 3296 agit
2084 3235 2200 3298 per
2248 3233 2376 3278 mo-

874 3314 1027 3376 dum
1060 3321 1335 3392 naturae3
1369 3315 1659 3396 quaedam
1693 3314 2200 3388 indeterminata,
2234 3333 2376 3396 quae

873 3413 1004 3494 agit
1052 3432 1165 3494 per
1211 3413 1471 3475 modum
1523 3411 1737 3474 liberae
1780 3412 2143 3475 voluntatis
2178 3413 2375 3474 Penes

876 3511 1149 3591 primam
1189 3510 1502 3591 accipitur
1534 3511 1981 3592 perspicacitas
2022 3510 2376 3593 intelligen-

876 3609 999 3683 tiae,
1042 3628 1156 3672 seu
1198 3608 1429 3690 triplex
1472 3609 1756 3690 potentia
1805 3609 2135 3689 imaginis3
2181 3629 2374 3690 penes

875 3707 1243 3780 secundam,
1296 3705 1557 3768 libertas
1615 3706 1881 3768 arbitrii.
1937 3707 2077 3768 Haec
2130 3707 2370 3770 Petrus.

875 3840 955 3849 —
995 3805 1165 3867 Idem
1208 3805 1581 3868 Alexander.

954 4003 1032 4064 At
1080 4021 1230 4066 vero
1278 4002 1548 4064 Thomas
1594 4018 1607 4063 :
1650 4001 2067 4064 Personalitas
2116 4002 2261 4082 (ait)
2309 4001 2376 4062 in

872 4100 1100 4181 angelo
1140 4110 1237 4164 est
1282 4100 1467 4163 aliter
1512 4119 1705 4182 quam
1756 4100 1822 4162 in
1872 4099 2149 4163 homine.
2200 4098 2376 4173 Quod

2487 3132 2719 3196 nempe
2769 3115 2880 3196 qui
2929 3115 3258 3177 materiam
3311 3115 3374 3177 in
3422 3114 3664 3196 angelis
3714 3124 3986 3198 ponunt,

2489 3212 3059 3276 individuationem
3099 3213 3158 3275 ei
3195 3212 3570 3276 attribuunt.
3604 3249 3685 3259 —
3720 3214 3992 3295 Insuper

2488 3312 2734 3393 quaerit,
2767 3312 3118 3375 secundum
3165 3331 3357 3394 quam
3403 3313 3710 3374 rationem
3759 3330 3990 3375 conve-

2487 3409 2619 3471 niat
2658 3411 3074 3491 personalitas
3111 3411 3354 3491 angelo.
3391 3410 3466 3472 Et
3505 3410 3674 3472 circa
3713 3409 3834 3472 hoc
3879 3429 3990 3492 po-

2488 3507 2582 3569 nit
2619 3516 2746 3570 tres
2795 3510 3012 3572 modos
3057 3508 3292 3591 quibus
3335 3509 3689 3571 secundum
3730 3509 3989 3572 Richar-

2486 3607 2663 3681 dum,
2707 3607 2940 3670 diversi
2985 3608 3193 3688 angeli
3239 3607 3664 3670 diversimode
3707 3607 3872 3668 inter
3919 3625 3989 3669 se

2487 3706 2901 3787 personaliter
2953 3705 3452 3786 distinguuntur,
3505 3705 3672 3767 sicut
3725 3704 3858 3785 jam
3917 3704 3988 3767 in

2487 3802 2896 3884 responsione
2935 3802 3176 3865 Alberti
3223 3812 3595 3884 praetactum
3635 3810 3750 3864 est.
3779 3803 3988 3884 Atque

2485 3900 2561 3962 ad
2593 3900 3009 3982 quaestionem
3041 3902 3401 3983 respondet,
3434 3902 3603 3984 quod
3647 3900 3712 3963 in
3742 3901 3988 3983 angelis

2485 4007 2582 4060 est
2629 3999 2954 4063 distinctio
3003 4000 3352 4082 personalis
3401 4000 3754 4062 secundum
3801 3998 3988 4062 abso-

2489 4098 2684 4159 lutam
2726 4106 2788 4160 et
2828 4099 3178 4160 naturalem
3220 4096 3588 4180 qualitatem
3625 4096 3988 4179 hypostasis

876 4207 1069 4280 patet,
1102 4200 1156 4261 si
1186 4200 1308 4261 tria
1336 4219 1479 4281 quae
1520 4205 1668 4260 sunt
1698 4198 1775 4259 de
1818 4199 2059 4260 ratione
2091 4215 2378 4279 personae
2406 4201 2457 4262 D
2487 4205 2727 4259 naturae
2756 4197 3056 4277 angelicae
3077 4214 3090 4257 :
3112 4215 3253 4278 quae
3285 4196 3621 4277 qualitates
3651 4203 3820 4270 sunt,
3848 4214 3990 4277 per-

876 4296 1377 4370 considerentur,
1417 4295 1736 4369 videlicet,
1778 4295 2146 4369 subsistere,
2191 4295 2376 4356 ratio·

878 4394 1100 4468 cinari,
1136 4394 1537 4456 individuum
1587 4412 1745 4456 esse.
1786 4392 2085 4456 Subsistit
2133 4393 2376 4476 quippe

876 4493 1069 4554 homo
1107 4493 1173 4554 in
1214 4491 1501 4573 partibus
1541 4492 1696 4566 suiS,
1730 4510 1808 4553 cx
1848 4491 2084 4574 quibus
2124 4510 2378 4574 compo-

878 4590 1086 4670 nitur-3
1116 4591 1379 4672 angelus
1410 4608 1560 4653 vero
1600 4591 1667 4652 in
1708 4590 1987 4672 simplici
2027 4611 2141 4652 sua
2170 4591 2375 4653 subsi-

876 4687 986 4751 stit
1024 4697 1269 4764 natura,
1303 4689 1481 4752 nullo
1521 4689 1812 4769 indigens
1855 4689 2129 4770 partium
2168 4708 2375 4772 neque

878 4786 1157 4850 materiae
1214 4786 1649 4850 fundamento.
1704 4787 2134 4850 Ratiocinatur
2183 4789 2376 4850 homo

875 4885 1291 4949 discurrendo
1330 4893 1393 4948 et
1434 4885 1814 4967 inquirendo
1855 4885 2097 4948 lumine
2134 4903 2251 4949 suo
2283 4887 2374 4949 in-

874 4984 1220 5047 tellectuali
1281 5003 1395 5066 per
1442 4992 1698 5066 tempus
1752 4991 1940 5065 atque
1999 4986 2373 5049 continuum

873 5081 1276 5157 obumbrato,
1328 5101 1407 5144 ex
1460 5083 1579 5145 hoc
1636 5083 1805 5164 quod
1862 5083 2288 5163 cognitionem
2338 5104 2375 5147 a

874 5201 1065 5246 sensu
1119 5181 1521 5263 imagineque
1579 5180 1813 5264 accipit
1865 5198 1880 5242 t
1932 5181 2236 5263 quoniam
2285 5201 2378 5245 se-

874 5282 1157 5346 eundum
1199 5281 1393 5356 Isaac,
1427 5279 1586 5342 ratio
1629 5278 1695 5341 in
1741 5279 1969 5342 umbra
2019 5281 2375 5362 intelligen-

2488 4294 2822 4377 spicacitas
2854 4295 3290 4376 intelligentiae
3319 4313 3392 4356 ac
3424 4293 3768 4357 voluntatis
3798 4292 3992 4355 facul-

2487 4402 2748 4476 taS‚quae
2778 4401 3135 4475 sequuntur
3162 4392 3638 4474 simplicitatem
3667 4391 3984 4454 essentiae.

2487 4491 2723 4554 Deinde
2771 4492 3108 4574 qualitates
3158 4491 3250 4552 sic
3298 4491 3783 4572 distinguenteS,
3835 4497 3990 4552 sunt

2485 4589 2726 4664 officia,
2777 4590 3114 4671 dignitates
3167 4597 3230 4651 et
3283 4606 3494 4671 opera.
3545 4589 3779 4650 Verum
3830 4588 3988 4668 quia

2485 4689 2810 4751 distinctio
2856 4707 2969 4771 per
3009 4687 3424 4750 accidentalia
3465 4687 3585 4749 ista
3625 4703 3753 4748 non
3797 4685 3986 4747 indu-

2485 4787 2573 4849 cit
2601 4786 3083 4849 substantialem
3114 4786 3612 4858 distinctionem,
3641 4792 3709 4846 ut
3740 4792 3984 4846 tactum

2485 4893 2601 4960 est,
2635 4886 2927 4948 concedit
2964 4884 3335 4956 Alexander,
3369 4883 3540 4966 quod
3580 4899 3867 4964 personae
3907 4882 3984 4944 il-

2487 4984 2560 5047 1ae
2608 4983 2920 5046 differunt
2969 5001 3081 5044 seu
3129 4981 3608 5062 distinguuntur
3655 4999 3722 5042 se
3769 4979 3980 5061 ipsis:

2486 5084 2654 5164 quod
2708 5082 2960 5145 videtur
3008 5080 3390 5143 concordare
3436 5078 3652 5142 verbis
3699 5079 3982 5152 Thomna,

2485 5182 2755 5244 dicentis
2812 5181 2981 5262 quod
3041 5188 3264 5242 natura
3319 5179 3528 5260 angeli
3589 5179 3652 5240 in
3713 5197 3780 5240 se
3840 5177 3986 5260 ipsa

2485 5279 2902 5342 determinata
2964 5276 3713 5360 incommunicabilisque
3771 5277 3984 5340 consi·

4075 871 4146 912 De
4173 871 4310 913 [bitin.

4023 946 4162 976 nu·-
4185 947 4230 976 c.
4251 949 4312 976 vu.

4035 2549 4155 2594 thid.
4183 2563 4226 2593 e-
4251 2565 4306 2592 2³.

4043 4814 4094 4856 p.
4125 4803 4276 4846 actu.
