4334 6242
1126 511 1328 557 mumn
1370 511 1462 556 sn·
1501 511 1747 556 TANTUM
1789 511 1956 556 nanu
1997 511 2345 557 rnmcirmu
2387 511 2731 559 mensuum
3397 488 3476 554 43

363 697 442 740 re
477 697 492 740 :
531 679 660 742 imo
689 699 806 742 nee
839 680 1190 744 efficaciter
1217 681 1538 753 reluctari,
1561 681 1711 762 quia
1740 697 1871 743 om-
1899 679 1950 741 A
1979 699 2118 742 esse
2151 682 2700 762 communicetur;
2742 690 2801 744 et
2834 683 2955 744 hoc
2984 700 3123 743 esse
3152 699 3279 744 non
3310 679 3477 742 valet

363 777 670 859 nipotens
709 786 825 842 est.
861 780 1008 841 Ideo
1045 779 1275 841 falsum
1311 787 1407 842 est
1436 779 1604 860 quod
1645 779 1868 840 asserit

361 877 753 940 Manichacus
785 879 864 940 de
896 887 1118 940 mutuo
1149 877 1317 941 bello
1349 879 1514 940 inter
1541 896 1866 938 summum

361 975 616 1038 bonum
659 983 722 1038 et
766 996 1090 1038 summum
1143 977 1400 1038 malum.
1432 1012 1514 1020 —
1551 975 1864 1057 AmpliuS,

362 1093 700 1135 summum
763 1075 1000 1136 malum
1054 1083 1161 1136 aut
1209 1082 1305 1135 est
1352 1074 1594 1156 aliquid
1651 1073 1870 1156 positi-

361 1192 552 1244 vum,
601 1179 709 1234 aut
759 1192 919 1255 pura
974 1173 1224 1254 negatio
1273 1173 1408 1234 sive
1459 1173 1746 1254 privatio,
1803 1172 1864 1233 Si

359 1277 467 1332 est
507 1271 746 1351 aliquid
789 1272 1155 1352 positivum,
1191 1289 1318 1332 non
1358 1279 1452 1332 est
1493 1289 1742 1332 summe
1780 1277 1868 1330 at-

359 1389 498 1450 que
533 1369 806 1430 totaliter
837 1369 1097 1442 malum,
1133 1389 1332 1451 quum
1371 1369 1580 1451 ipsum
1613 1387 1752 1430 esse
1785 1368 1866 1428 sit

359 1467 620 1530 bonitas
668 1468 976 1549 quaedam.
1024 1467 1088 1529 Si
1133 1475 1347 1528 autem
1397 1475 1492 1528 est
1541 1486 1713 1528 mera
1762 1486 1866 1528 ne·

355 1565 540 1644 gatio
569 1574 674 1626 aut
707 1565 1000 1645 privatio,
1033 1582 1160 1627 non
1204 1572 1408 1646 potest
1445 1565 1743 1626 invadere
1773 1583 1866 1624 re-

355 1683 568 1744 gnum
611 1662 758 1725 boni
800 1663 1202 1744 regionemve
1239 1663 1400 1724 lucis
1435 1680 1448 1724 ε
1483 1663 1652 1744 quod
1689 1662 1862 1724 enim

357 1779 494 1823 non
543 1769 659 1833 est,
702 1779 828 1823 nou
876 1762 1026 1842 agit,
1070 1781 1269 1843 quum
1319 1770 1498 1822 actus
1546 1762 1862 1823 secundus

1979 778 2100 840 nisi
2149 799 2368 842 unum.
2406 780 2482 842 Et
2513 780 2631 842 ista
2670 790 2765 843 est
2796 779 3084 862 probatio
3113 778 3470 841 Avicennffl.

1979 877 2189 940 Tertio
2230 885 2401 959 patet
2438 879 2603 940 idem
2644 897 2720 940 ex
2764 878 3299 941 immaterialitate
3338 877 3470 938 Dei.

1978 975 2046 1036 In
2091 974 2619 1037 immaterialibus
2668 975 2908 1058 quippe
2952 993 3077 1037 non
3129 981 3335 1056 potest
3384 993 3478 1036 es-

1979 1091 2045 1134 se
2091 1073 2425 1136 diversitas
2471 1073 2595 1135 nisi
2642 1074 2993 1135 secundum
3038 1073 3207 1154 quod
3250 1079 3477 1134 natura

1976 1171 2169 1232 unius
2213 1178 2308 1233 est
2350 1171 2549 1252 magis
2599 1173 2663 1232 in
2713 1180 2857 1232 actu
2900 1179 3089 1252 atque
3134 1170 3477 1252 perfectior

1977 1287 2168 1348 quam
2207 1277 2431 1331 natura
2462 1270 2742 1330 alterius,
2778 1270 2937 1330 Hinc
2970 1270 3137 1350 quod
3171 1268 3473 1351 pertingit

1975 1367 2051 1428 ad
2103 1367 2567 1448 plenitudinem
2617 1368 2998 1430 actualitatis
3047 1376 3107 1430 et
3152 1386 3467 1428 summam

1976 1466 2115 1546 ejus
2175 1465 2655 1547 perfectionem,
2706 1485 2845 1529 esse
2905 1485 3029 1529 non
3091 1473 3295 1547 potest
3345 1466 3468 1528 nisi

1978 1583 2201 1636 unum,
2236 1583 2271 1625 a
2302 1583 2428 1646 quo
2465 1564 2899 1645 proficiscitur
2927 1583 3115 1627 omne
3154 1566 3323 1646 quod
3364 1583 3471 1647 po-

1977 1662 2337 1723 tentialitati
2381 1662 2735 1724 admixtum
2780 1671 2897 1735 est,
2940 1663 3241 1744 quoniam
3290 1671 3469 1725 actus

1978 1760 2278 1842 przecedit
2308 1761 2743 1843 potentiamfflt
2781 1762 3169 1844 completum
3201 1761 3473 1824 diminu-

355 1867 686 1940 supponat
717 1860 1018 1940 primum.
1038 1860 1198 1921 Hinc
1229 1858 1618 1940 Augustinus
1651 1859 1712 1919 in
1745 1858 1865 1920 En·
1901 1855 1948 1917 B
1979 1867 2136 1932 tum,
2180 1868 2246 1920 ut
2294 1877 2459 1921 nono
2501 1860 2941 1942 Metaphysicae
2979 1861 3465 1922 demonstratur.

353 1958 642 2020 chiridio
685 1958 931 2040 probat,
963 1959 1131 2040 quod
1179 1977 1255 2020 ex
1301 1957 1485 2020 bonis
1532 1967 1666 2019 orta
1715 1967 1862 2020 sunt

357 2055 556 2129 mala,
590 2063 654 2118 et
681 2057 850 2137 quod
883 2074 1008 2117 non
1039 2055 1392 2118 subsistunt
1425 2056 1548 2118 nisi
1583 2056 1646 2117 in
1680 2055 1864 2118 bonis

351 2163 422 2217 et
477 2155 838 2236 dependent
885 2173 962 2216 ex
1015 2154 1162 2216 illis,
1211 2154 1461 2216 Etenim
1515 2154 1751 2216 bonum
1803 2163 1868 2216 et

355 2253 610 2315 malum
681 2252 1002 2314 moraliter
1068 2253 1258 2323 dicta,
1327 2253 1720 2314 reducuntur
1785 2253 1862 2312 ad

355 2371 572 2413 unum
621 2351 1036 2432 principium,
1084 2352 1253 2433 quod
1304 2359 1396 2412 est
1449 2350 1742 2412 voluntas
1793 2350 1864 2412 li-

353 2451 675 2513 berumve
717 2449 1076 2523 arbitrium,
1108 2450 1279 2532 quod
1325 2449 1392 2511 in
1433 2457 1741 2532 quantum
1786 2468 1864 2512 ex

351 2548 594 2623 nihilo,
629 2555 832 2630 potest
871 2547 1148 2610 deficere
1187 2555 1250 2610 et
1287 2566 1425 2610 esse
1472 2547 1860 2628 principium

353 2647 521 2709 mali
577 2646 830 2710 moralis
879 2665 993 2708 seu
1041 2646 1266 2728 culpae.
1320 2646 1464 2708 Haec
1511 2645 1865 2708 Alexander

351 2747 426 2808 in
459 2746 712 2828 Scripto
752 2743 1013 2807 secundi
1051 2761 1065 2807 ε
1100 2744 1212 2826 qui
1251 2752 1314 2806 et
1352 2744 1416 2806 in
1449 2744 1710 2806 Summa
1749 2763 1864 2806 sua

353 2845 444 2907 de
491 2843 594 2906 his
637 2843 890 2926 plenius
933 2843 1176 2905 scribit.

447 2943 640 3004 Porro
669 2950 926 3004 sanctus
958 2941 1206 3013 Doctor,
1241 2940 1540 3003 videlicet
1569 2941 1859 3013 ThomaS,

2055 1959 2507 2020 Verumtamen
2538 1958 2705 2020 circa
2737 1960 2856 2021 hoc
2888 1959 3225 2041 tripliciter
3254 1968 3350 2021 est
3377 1978 3471 2021 er-

1974 2056 2483 2129 ratum.Quidam
2517 2065 2900 2138 namque‚ut
2931 2057 3121 2137 primi
3154 2057 3469 2119 naturales

1975 2155 2499 2226 materiales‚non
2529 2162 2879 2236 posuerunt
2908 2155 3031 2216 nisi
3064 2174 3317 2217 causam
3352 2176 3473 2218 ma-

1975 2253 2279 2315 terialem.
2318 2254 2492 2314 Unde
2538 2253 2647 2335 qui
2694 2273 2770 2314 ex
2810 2253 2902 2315 eis
2940 2262 3289 2335 posuerunt
3334 2255 3471 2336 plu-

1972 2370 2038 2412 ra
2091 2351 2442 2413 materialia
2498 2351 2836 2432 principia,
2890 2359 3237 2432 posuerunt
3286 2353 3470 2434 plura

1976 2449 2291 2530 principia
2340 2449 2547 2530 prima
2595 2449 2993 2530 simpliciter,
3038 2457 3109 2512 ut
3154 2450 3471 2513 elementa

1974 2554 2263 2628 quatuor.
2298 2584 2377 2592 —
2408 2547 2672 2620 Quidam
2720 2565 2870 2610 vero
2914 2567 3061 2610 cum
3106 2567 3296 2611 causa
3340 2569 3467 2611 ma-

1977 2645 2181 2707 teriali
2227 2653 2575 2728 posuerunt
2618 2653 2682 2706 et
2725 2665 2981 2707 causam
3026 2654 3339 2727 agentem,
3376 2649 3468 2710 di-

1975 2752 2190 2806 centes
2255 2745 2382 2806 duo
2443 2762 2581 2807 esse
2645 2745 2960 2807 contraria
3026 2746 3233 2828 prima
3290 2748 3467 2829 prin-

1974 2843 2163 2924 cipia,
2227 2850 2445 2926 utpote
2510 2844 2687 2905 litem
2753 2851 2815 2905 et
2872 2844 3242 2918 amicitiam,
3304 2846 3471 2908 sicut

1974 2943 2408 3025 Empedocles.
2458 2943 2653 3024 Cujus
2704 2943 2923 3025 opinio
2971 2931 3309 3008 concordat
3356 2947 3468 3029 Py-

353 3041 464 3102 his
527 3058 879 3103 consonans
933 3057 946 3101 ε
998 3040 1280 3101 Primum
1331 3039 1475 3119 (ait)
1523 3038 1863 3121 dupliciter
1901 3035 1944 3098 C
1974 3041 2269 3121 thagorae‚
2314 3041 2422 3122 qui
2468 3041 2685 3103 divisit
2727 3043 2943 3104 omnia
2984 3043 3155 3105 entia
3197 3044 3262 3106 in
3306 3045 3471 3108 ordi-

353 3139 624 3208 dicitur‚
665 3146 840 3220 puta,
884 3137 1284 3218 simpliciter,
1328 3144 1392 3199 et
1437 3137 1500 3198 in
1547 3144 1718 3198 certo
1759 3155 1862 3217 ge-

355 3256 519 3299 nere
560 3255 672 3298 seu
717 3236 957 3298 ordine.
994 3236 1055 3298 Si
1102 3235 1381 3298 secundo
1425 3236 1610 3297 modo
1655 3255 1862 3297 suma-

355 3345 491 3405 tur,
525 3335 616 3396 sic
647 3335 1002 3396 secundum
1041 3353 1272 3415 genera
1314 3335 1497 3416 plura
1527 3353 1860 3396 causarum

351 3441 510 3495 sunt
558 3433 742 3514 plura
791 3433 1000 3514 prima
1047 3431 1363 3514 principia
1407 3449 1420 3493 :
1469 3438 1536 3493 ut
1580 3433 1863 3514 primum

357 3531 692 3594 materiale
755 3530 1167 3612 principium,
1220 3531 1388 3612 quod
1447 3539 1542 3592 est
1602 3531 1864 3593 materia

357 3631 610 3712 prima3
646 3637 710 3690 et
741 3629 1020 3711 primum
1055 3627 1340 3702 formale,
1375 3630 1542 3710 quod
1575 3636 1669 3690 est
1701 3649 1858 3691 esse.

353 3766 439 3775 —
489 3729 772 3790 Primum
823 3745 975 3789 vcro
1033 3726 1423 3809 principium
1487 3728 1866 3809 simpliciter

353 3834 721 3908 sumptum,
741 3825 1140 3908 impossibile
1170 3834 1266 3887 est
1297 3845 1433 3888 esse
1466 3826 1589 3887 nisi
1624 3844 1859 3888 unum:

353 3926 534 4009 quod
594 3932 768 4006 patet
822 3923 1176 4006 tripliciter.
1230 3923 1459 3996 Primo,
1513 3944 1590 3987 ex
1641 3926 1862 3987 ordine

357 4023 672 4096 universi,
706 4022 892 4103 cujus
939 4029 1149 4104 partes
1191 4029 1340 4083 sunt
1382 4021 1656 4084 invicem
1700 4024 1863 4085 ordi-

351 4131 545 4195 natae,
579 4121 1120 4203 quemadmodum
1167 4126 1375 4203 partes
1420 4139 1530 4181 seu
1577 4121 1864 4184 membra

1974 3157 2084 3200 nes
2145 3139 2327 3212 duOS,
2374 3146 2433 3200 et
2484 3139 2770 3202 ordinem
2834 3159 3033 3203 unum
3094 3143 3343 3205 reduxit
3402 3144 3465 3205 in

1975 3236 2213 3299 bonum
2256 3237 2416 3299 sicut
2454 3238 2514 3299 in
2553 3239 2829 3319 primum
2870 3240 3281 3322 principium,
3315 3243 3465 3304 alte-

1975 3354 2116 3396 rum
2161 3343 2373 3396 autem
2420 3337 2483 3397 in
2532 3337 2789 3399 malum.
2827 3339 2902 3399 Et
2944 3338 3089 3400 inde
3129 3340 3467 3421 pullulavit

1974 3434 2234 3496 haeresis
2278 3434 2626 3507 Manichaei,
2660 3437 2769 3518 qui
2811 3438 2969 3498 duos
3014 3438 3224 3518 posuit
3261 3439 3411 3502 deos
3448 3459 3461 3503 ε

1977 3553 2199 3606 unum,
2227 3541 2573 3594 creatorem
2606 3533 3053 3608 invisibilium,
3088 3536 3465 3619 incorrupti-

1975 3631 2331 3711 biliunlque
2370 3631 2707 3705 bonorum,
2744 3634 2890 3695 novi
2932 3633 3346 3714 Testamenti3
3377 3637 3465 3697 al-

1975 3737 2203 3801 terum,
2246 3736 2594 3792 creatorem
2640 3731 2973 3806 malorum,
3008 3733 3361 3795 visibilium
3404 3743 3466 3797 et

1973 3827 2512 3909 corruptibilium,
2536 3829 2768 3891 veteris
2799 3830 3201 3893 Testamenti.
3226 3868 3305 3876 —
3326 3833 3468 3895 Ter-

1971 3925 2098 3987 tius
2147 3944 2323 3989 error
2372 3926 2495 3989 suit
2544 3928 2917 4008 ponentium
2968 3948 3219 3991 causam
3278 3949 3465 4012 agen-

1972 4031 2096 4086 tem
2131 4032 2323 4107 atque
2358 4026 2707 4100 materiam,
2742 4028 2852 4089 sed
2884 4047 3137 4090 causam
3172 4037 3463 4109 agentem

1973 4140 2096 4185 non
2139 4143 2277 4185 esse
2320 4123 2708 4205 principium
2748 4122 3119 4187 effectivum
3161 4129 3461 4203 materiae,

351 4219 656 4283 animalis
709 4219 772 4282 in
827 4226 976 4292 totu,
1023 4239 1164 4300 quae
1215 4226 1435 4280 mutuo
1485 4219 1606 4281 sibi
1658 4221 1862 4282 deser·
1892 4226 1942 4287 D
1973 4222 2266 4303 quamvis
2310 4222 2393 4282 sit.
2432 4230 2676 4284 tantum
2726 4242 2923 4284 unum
2969 4242 3179 4304 agens,
3217 4226 3291 4288 Et
3330 4226 3464 4289 haec

353 4319 564 4380 viunt.
619 4316 788 4378 Talis
837 4334 988 4378 vero
1036 4316 1352 4378 ordinatio
1405 4317 1678 4397 partium
1734 4336 1861 4380 non

353 4426 476 4491 est,
513 4415 639 4478 nisi
687 4414 1018 4476 intendant
1057 4413 1315 4494 aliquod
1364 4433 1581 4475 unum.
1619 4416 1860 4478 Idcirco

353 4533 622 4578 neeesse
656 4519 752 4575 est
781 4530 921 4574 esse
955 4530 1152 4572 unum
1195 4530 1516 4572 summum
1560 4513 1856 4576 ultimum

353 4613 602 4676 bonum
653 4630 690 4672 a
741 4610 988 4671 cunctis
1045 4610 1495 4684 desideratum,
1547 4613 1717 4692 quod
1765 4621 1858 4676 est

355 4711 644 4793 primum
707 4706 1118 4790 principium.
1174 4708 1462 4770 Secundo
1522 4718 1690 4789 patet
1741 4711 1858 4772 hoc

349 4811 448 4872 sic
482 4827 498 4870 ε
531 4809 686 4891 quia
718 4808 782 4869 in
815 4807 1006 4869 rebus
1035 4815 1130 4870 est
1162 4807 1334 4869 aliud
1365 4827 1524 4880 esse,
1558 4809 1858 4891 aliudque

347 4907 650 4970 essentia.
687 4905 946 4986 Oportet
990 4923 1140 4986 ergo
1187 4905 1354 4987 quod
1406 4906 1678 4968 habeant
1720 4927 1857 4969 esse

347 5025 545 5068 suum
585 5003 667 5066 ab
699 5003 846 5076 aliu,
880 5021 1081 5084 quum
1116 5021 1254 5065 esse
1286 5021 1411 5066 non
1453 5004 1536 5066 sit
1569 5005 1647 5066 de
1681 5005 1859 5068 intel-

351 5105 528 5165 lectu
571 5121 793 5164 earum
845 5100 1013 5162 sicut
1055 5100 1328 5163 essentia
1363 5118 1378 5162 ε
1416 5102 1636 5184 sicque
1680 5120 1861 5185 opor·

351 5209 448 5263 tet
489 5198 791 5262 devenire
835 5199 914 5260 ad
967 5217 1164 5260 unum
1214 5199 1495 5280 primum
1541 5199 1724 5280 cujus
1768 5221 1859 5263 es-

351 5298 562 5364 sentia
607 5297 690 5360 sit
741 5315 933 5359 suum
981 5315 1143 5372 esse,
1188 5304 1250 5359 et
1297 5316 1334 5358 a
1381 5316 1510 5380 quo
1559 5299 1857 5363 omnibus

1972 4319 2094 4380 fuit
2153 4320 2371 4401 opinio
2424 4321 2805 4401 Anaxagorae
2862 4341 2935 4383 ac
2990 4322 3287 4397 Platonis,
3339 4325 3462 4387 nisi

1971 4419 2140 4498 quod
2191 4419 2362 4480 Plato
2419 4419 2854 4500 superaddidit.
2904 4421 3295 4504 principium
3345 4431 3462 4485 ter-

1972 4516 2155 4585 tium,
2201 4516 2446 4578 scilicet
2488 4517 2723 4578 formas
2772 4527 3111 4599 separataS,
3155 4541 3311 4602 quas
3359 4543 3462 4584 ex-

1971 4614 2281 4696 emplaria
2337 4614 2783 4696 nuncupabat;
2832 4637 2949 4679 nec
3003 4637 3192 4679 unam
3244 4639 3459 4683 earum

1971 4731 2108 4774 esse
2139 4731 2391 4774 causam
2434 4713 2693 4774 alterius
2715 4731 2729 4785 ;
2752 4715 3085 4778 'mundum
3116 4735 3369 4799 quoque
3400 4725 3462 4780 et

1971 4829 2069 4870 res
2119 4828 2197 4871 ex
2247 4809 2482 4891 quibus
2530 4818 2795 4878 constat.
2838 4814 3079 4875 causari
3130 4833 3206 4875 ex
3257 4814 3461 4877 tribus

1973 4907 2110 4968 istis
2145 4907 2498 4989 principiis,
2521 4943 2595 4952 —-
2618 4909 2761 4970 Haec
2792 4910 3060 4972 Thomas
3094 4911 3154 4973 in
3189 4911 3453 4995 Scripto.

2048 5005 2353 5067 Praeterea
2394 5005 2456 5066 in
2500 5006 2707 5086 prima
2746 5016 2921 5089 parte
2962 5009 3258 5083 Summa»,
3290 5029 3459 5092 quae-

1969 5102 2175 5164 stione
2204 5103 2687 5184 quadragesima
2721 5123 2906 5178 nona,
2941 5106 3238 5168 disseruit
3272 5127 3285 5170 :
3320 5109 3455 5170 Non
3548 5133 3631 5174 art.
3658 5135 3697 5174 ³.

1971 5208 2177 5283 potest
2206 5221 2345 5263 esse
2377 5221 2577 5264 unum
2610 5202 2999 5285 principium
3033 5204 3305 5286 primum
3336 5226 3459 5267 rna-

1972 5300 2200 5375 lorum,
2252 5299 2415 5361 sicut
2471 5308 2564 5362 est
2626 5320 2825 5362 unum
2884 5301 3273 5386 principium
3328 5305 3455 5388 pri-
