4334 6242
122 3929 225 3972 roh.
236 3935 341 3980 111st
352 3933 392 3975 5.

1300 499 1385 548 AN
1426 501 1626 548 OMNES
1670 500 1891 547 ANGELI
1935 499 2070 548 SINT
2111 501 2378 548 EJUSDEM
2421 501 2650 550 SPECIEI

3403 471 3524 550 227

414 667 483 730 in
514 667 891 731 substantiis
922 675 1137 730 tamen
1172 668 1577 751 simplicibus
1614 669 1919 751 separatis
1949 668 2000 731 A
2031 669 2288 750 pientiae
2337 672 2438 733 vel
2496 672 2752 735 virtutis
2801 692 2993 755 quam
3051 672 3244 752 alter;
3293 672 3528 736 habent

411 767 681 829 omnino
724 769 819 830 sic
866 786 1005 828 esse
1055 766 1475 829 convincitur.
1520 767 1726 841 Quum
1770 785 1919 848 ergo

410 884 757 946 supremus
788 874 851 926 et
885 866 1129 946 primus
1167 866 1431 944 angelus
1473 866 1601 939 illc,
1634 874 1919 947 apostata

408 962 642 1038 sactus,
706 964 890 1045 longe
950 964 1279 1046 inaequalis
1337 972 1527 1046 atque
1584 964 1917 1027 dissimilis

409 1061 609 1124 fuerit
639 1062 785 1124 aliis
816 1063 883 1124 in
913 1062 1225 1144 sapientia
1257 1064 1529 1124 naturali
1562 1057 1917 1144 ceterisque

408 1159 784 1234 virtutibuS‚
826 1179 904 1222 ex
951 1161 1325 1224 necessitate
1366 1161 1629 1224 alterius
1675 1161 1921 1223 exstitit

410 1259 671 1340 speciei.

492 1357 809 1440 AmpliuS,
858 1356 911 1419 si
966 1358 1269 1420 naturalis
1320 1365 1415 1420 est
1464 1357 1919 1420 dissimilitudo

411 1473 527 1517 seu
568 1457 905 1518 diversitas
947 1456 1011 1518 in
1053 1456 1314 1536 angelis,
1348 1456 1469 1518 hoc
1511 1475 1639 1519 non
1680 1455 1802 1517 fuit
1840 1475 1917 1518 ex

413 1553 689 1616 naturali
728 1563 791 1615 et
824 1554 1180 1616 necessaria
1214 1554 1552 1616 influentia
1582 1555 1913 1628 CreatoriS‚

415 1652 515 1714 cui
558 1669 689 1715 non
720 1654 1028 1735 competit
1057 1654 1135 1715 de
1168 1652 1542 1716 necessitate
1573 1654 1683 1716 sed
1721 1652 1917 1715 libere

415 1750 663 1833 operari
722 1750 798 1812 ad
849 1760 1064 1829 extra3
1118 1771 1233 1813 nec
1292 1769 1369 1813 ex
1430 1750 1917 1833 receptibilita'te

2029 785 2283 849 quoque
2327 769 2536 830 studia
2577 788 2650 832 ac
2693 770 2968 833 artificia
3012 771 3229 832 multa.

2109 866 2394 948 Denique
2448 868 2612 929 inter
2662 869 2826 930 vires
2879 869 3215 931 sensitivas
3266 869 3531 930 exterio-

2030 983 2151 1038 reS‚
2185 964 2360 1026 visus
2399 966 2753 1041 oculorum,
2791 968 3076 1029 interiori
3108 967 3297 1040 visui,
3333 966 3396 1028 id
3435 975 3531 1028 est

2030 1061 2406 1138 intellectui,
2439 1064 2560 1127 rite
2605 1065 2878 1127 similior
2916 1064 3306 1147 perhibetur.
3342 1064 3530 1126 Visus

2028 1169 2239 1223 autem
2266 1161 2538 1224 exterior
2570 1161 2634 1224 in
2667 1163 2936 1225 diversis
2965 1161 3341 1224 animalibus
3374 1163 3532 1224 mul-

2029 1259 2334 1340 tipliciter
2380 1261 2734 1323 secundum
2781 1261 3061 1342 speciem
3106 1260 3528 1324 diversificari

2030 1357 2300 1418 videtur.
2345 1358 2533 1419 Visus
2582 1359 2820 1420 etenim
2872 1359 3046 1434 catti,
3089 1367 3153 1421 et
3199 1359 3375 1421 visus
3425 1378 3530 1421 ve-

2030 1456 2420 1536 spertilionis
2460 1475 2532 1518 ac
2573 1464 2840 1530 noctuae,
2875 1463 3359 1540 ceterorumque
3398 1455 3532 1518 ani-

2030 1554 2297 1616 malium
2359 1575 2500 1636 quae
2548 1555 2770 1617 vident
2820 1555 2884 1617 in
2940 1554 3244 1629 tenebriS,
3295 1573 3530 1637 nequa-

2030 1670 2224 1732 quam
2274 1653 2525 1715 videtur
2569 1672 2708 1715 esse
2757 1653 2993 1735 speciei
3044 1653 3333 1734 ejusdem
3382 1672 3530 1715 cum

2030 1751 2172 1812 visu
2215 1752 2532 1832 human03
2579 1753 2878 1814 similiter
2917 1771 3034 1814 nec
3066 1752 3238 1814 visus
3277 1751 3528 1834 aquilae,

416 1867 525 1910 seu
578 1848 927 1930 capacitate
978 1849 1259 1924 illorum,
1302 1850 1455 1932 quia
1502 1857 1645 1913 ante
1694 1867 1915 1912 eorum
1954 1855 2002 1918 B
2032 1869 2224 1931 quem
2282 1850 2465 1931 juvat
2511 1850 2722 1932 fulgor
2777 1851 3022 1925 solariS,
3074 1851 3185 1933 qui
3234 1849 3533 1913 obtundit

417 1947 805 2010 creationem
866 1948 1035 2009 reale
1084 1948 1175 2009 nil
1235 1955 1369 2010 erat
1416 1948 1540 2010 nisi
1592 1949 1847 2011 Creator
1899 1964 1913 2009 t

414 2063 563 2127 ergo
598 2065 677 2107 ex
716 2046 851 2108 solo
888 2046 1288 2128 beneplacito
1321 2047 1631 2110 Creatoris
1672 2065 1921 2128 proees-

414 2143 515 2204 sit.
564 2143 741 2216 Quod
791 2144 845 2204 si
895 2144 1163 2218 dicatur,
1219 2145 1453 2207 mirum
1503 2145 1756 2207 videt-ur
1806 2163 1920 2206 cur

417 2247 657 2302 tantam
700 2241 1145 2304 excellentiam
1189 2243 1433 2305 dederit
1474 2242 1533 2304 ei
1575 2262 1767 2324 quem
1811 2259 1919 2304 no-

414 2348 588 2400 verat
622 2356 771 2402 mox
812 2339 1165 2402 abusurum
1204 2341 1504 2404 omnibus
1546 2341 1729 2404 donis
1766 2341 1917 2416 illis,

418 2456 1006 2521 conversurumque
1056 2439 1272 2501 omnia
1322 2440 1430 2501 illa
1479 2440 1544 2501 in
1595 2448 1921 2502 contume-

419 2534 569 2597 liam
620 2537 972 2618 largitoris3
1019 2537 1431 2600 inferioribus
1480 2556 1633 2600 vero
1681 2539 1921 2620 praesti-

417 2635 564 2696 terit
613 2635 779 2697 dona
832 2635 1099 2710 minora,
1142 2655 1301 2719 quos
1350 2637 1707 2718 praescierat
1759 2637 1921 2699 bene

418 2732 547 2794 illis
578 2751 830 2807 usurOS,
863 2753 937 2796 ac
968 2753 1387 2798 conversuros
1421 2735 1485 2797 in
1519 2736 1765 2797 cultum
1794 2735 1924 2816 glo-

420 2833 709 2915 riamque
756 2833 975 2914 ipsius.
1496 2899 1512 2918 ,

498 2931 762 3005 RursuS,
806 2933 859 2994 si
912 2933 1089 2994 nulla
1130 2940 1297 2994 esset
1340 2933 1407 2995 in
1455 2932 1695 3014 angelis
1744 2933 1923 2995 dissi-

2030 1949 2242 2011 visum
2293 1950 2664 2011 humanum.
2711 1950 2900 2012 Porro
2948 1950 3189 2032 lynceis
3230 1950 3328 2030 (ut
3375 1948 3530 2011 dici·

2032 2049 2161 2128 tur)
2191 2048 2397 2110 oculis
2422 2048 2786 2110 densissimi
2818 2048 3090 2129 parietes
3122 2048 3327 2130 pervii
3358 2055 3524 2110 sunt.

2032 2147 2183 2208 Sunt
2217 2153 2420 2208 autem
2450 2153 2512 2208 et
2541 2146 2679 2208 aliae
2710 2146 2924 2208 multae
2955 2145 3335 2208 differentiae
3363 2146 3528 2228 apud

2032 2263 2290 2306 sensum
2337 2244 2533 2306 visus.
2568 2244 2724 2306 Nam
2769 2251 2832 2305 et
2872 2243 3049 2306 visus
3094 2244 3426 2318 columbae,
3459 2252 3532 2306 ut

2031 2361 2310 2423 aucupes
2339 2342 2603 2415 dicunt,
2635 2361 2672 2402 a
2711 2341 2990 2404 caecitate
3040 2342 3258 2404 novies
3301 2342 3531 2404 revivi-

2031 2441 2161 2503 scit.
2177 2441 2241 2504 Si
2271 2459 2420 2521 ergo
2454 2447 2618 2502 tanta
2651 2440 2972 2503 invenitur
3000 2440 3334 2503 diversitas
3361 2441 3531 2522 apud

2032 2540 2243 2600 visum
2294 2539 2710 2620 corporalem,
2763 2539 2874 2620 qui
2922 2557 2998 2602 eo
3047 2557 3251 2620 usque
3301 2538 3531 2600 similis

2032 2645 2127 2700 est
2175 2637 2343 2699 visui
2391 2636 2714 2719 spirituali
2756 2656 2771 2700 ι
2815 2639 3135 2718 quomodo
3185 2656 3310 2700 non
3363 2645 3532 2700 tanta

2031 2743 2140 2797 aut
2187 2735 2388 2816 major
2427 2735 2762 2798 diversitas
2804 2744 2900 2798 est
2937 2737 3107 2818 apud
3153 2737 3363 2799 visum
3408 2737 3534 2818 spi-

2034 2834 2375 2896 ritualem?
2415 2836 2562 2909 Quae
2605 2834 2938 2897 diversitas
2989 2836 3054 2897 in
3101 2835 3344 2916 angelis
3392 2855 3531 2898 esse

2034 2952 2163 2995 non
2206 2933 2372 2994 valet
2417 2933 2481 2995 in
2525 2933 2739 3015 specie
2781 2953 2928 2995 una.

418 3029 719 3094 militudo
761 3031 1067 3092 naturalis
1106 3039 1169 3093 et
1208 3031 1565 3093 essentialis
1605 3031 1739 3093 sive
1782 3051 1922 3112 spe·
1959 3037 2001 3100 C
2116 3031 2268 3093 Dico
2317 3049 2487 3112 ergo,
2539 3031 2690 3113 quia
2747 3031 3017 3094 difficile
3064 3031 3246 3094 valde
3295 3038 3391 3093 est
3437 3032 3531 3093 in-

419 3127 629 3202 cifica,
685 3128 1057 3191 naturaliter
1110 3147 1238 3191 non
1295 3138 1461 3192 esset
1517 3131 1583 3191 in
1642 3131 1734 3192 eis
1795 3131 1925 3193 ulla

419 3245 611 3289 causa
648 3226 915 3289 alterius
955 3227 1339 3290 diversitatis
1382 3236 1490 3290 aut
1530 3228 1925 3290 dissimilitu-

418 3325 621 3404 dinis;
652 3331 821 3387 esset
853 3324 1045 3406 igitur
1076 3333 1204 3388 tota
1233 3345 1309 3388 ex
1351 3333 1528 3408 parte
1560 3327 1868 3390 Creatoris
1904 3345 1919 3390 t

417 3424 588 3506 quod
618 3423 813 3486 habet
840 3423 1327 3486 admirationem
1362 3443 1489 3486 non
1531 3444 1810 3506 parvam.
1848 3427 1924 3488 Ut

418 3523 573 3603 quid
631 3522 809 3585 enim
870 3523 1038 3605 apud
1104 3541 1209 3585 eos
1272 3530 1484 3585 essent
1541 3532 1634 3585 tot
1691 3525 1923 3604 gradus

417 3621 827 3701 dignitatum,
877 3640 953 3683 ac
1012 3619 1393 3684 differentiae
1451 3629 1661 3696 tantae,
1728 3629 1798 3683 ut
1857 3622 1920 3683 in

419 3719 766 3800 Scripturis
816 3718 1131 3780 habetur?
1177 3719 1252 3781 Ut
1302 3719 1455 3800 quid
1504 3720 1610 3782 alii
1662 3720 1918 3794 Thmui,

418 3815 527 3877 alii
580 3817 1080 3889 DominationeS,
1121 3817 1231 3878 alii
1278 3818 1557 3879 Virtutes
1610 3818 1921 3880 nominati

419 3917 691 3976 essent?
737 3914 813 3975 Et
863 3933 977 3976 cur
1034 3915 1311 3997 Raphael
1363 3915 1545 3990 dixit,
1598 3916 1728 3996 Ego
1778 3936 1923 3978 sum

422 4030 589 4074 unus
616 4029 697 4073 ex
727 4020 972 4094 septem
1004 4013 1115 4094 qui
1145 4015 1468 4076 adstamus
1500 4022 1645 4076 ante
1677 4015 1922 4076 Deum?

420 4109 482 4171 Si
515 4109 713 4190 igitur
746 4112 809 4172 in
854 4118 1075 4173 natura
1106 4119 1317 4174 essent
1346 4113 1643 4194 aequaleS,
1679 4113 1921 4176 irratio-

2034 3129 2254 3192 venire
2284 3129 2716 3192 diversitatem
2758 3131 3110 3191 secundum
3147 3130 3428 3212 speciem
3465 3131 3530 3192 in

2033 3226 2410 3288 substantiis
2451 3226 2610 3300 istis,
2643 3234 2906 3307 propter
2935 3226 3400 3306 elongationem
3433 3245 3533 3288 ea-

2035 3344 2177 3387 rum
2210 3344 2246 3386 a
2276 3325 2735 3387 consuetudine
2767 3333 2831 3387 et
2865 3324 3255 3406 experientia
3293 3332 3526 3388 nostra.

2032 3423 2361 3504 Prophetis
2405 3429 2617 3485 autem
2657 3431 2721 3485 et
2761 3423 2902 3485 aliis
2943 3423 3098 3485 viris
3141 3423 3377 3485 sanctis
3417 3423 3530 3505 qui

2034 3520 2533 3584 familiaritatem
2591 3521 2952 3604 aliquarum
3010 3541 3087 3583 ex
3146 3520 3276 3583 illis
3334 3520 3532 3583 habu-

2034 3628 2242 3694 erunt,
2284 3627 2474 3701 atque
2524 3619 2948 3702 alloquiorum
2997 3619 3424 3702 frequentiam
3468 3627 3532 3681 et

2032 3718 2527 3799 apparitionum,
2578 3717 2884 3800 possibile
2926 3717 3051 3780 fuit-
3098 3737 3172 3781 ac
3219 3718 3428 3792 facile,
3475 3719 3531 3780 si

2032 3816 2111 3878 ad
2147 3817 2267 3878 hoc
2301 3816 2629 3878 intendere
2662 3817 3029 3879 voluissent.
3065 3851 3146 3862 —
3175 3818 3349 3891 Quod
3380 3834 3531 3879 vero

2032 3914 2275 3976 dictum
2307 3923 2422 3988 est,
2443 3914 2744 3996 quoniam
2779 3915 3089 3997 quidquid
3121 3923 3217 3976 est
3244 3916 3528 3978 naturale

2033 4013 2141 4074 uni
2204 4013 2680 4075 individuorum
2741 4013 3206 4095 cujuscumque
3265 4015 3526 4096 speciei,

2030 4111 2314 4172 naturale
2371 4117 2467 4172 est
2515 4111 2810 4174 omnibus
2869 4111 3216 4174 individuis
3275 4113 3524 4185 ceteriS‚

416 4206 719 4270 nabiliter
766 4216 829 4271 et
876 4209 1013 4270 sine
1064 4228 1254 4272 causa
1301 4210 1627 4273 videretur
1674 4210 1839 4273 facta
1886 4217 2001 4278 aD
2031 4226 2156 4270 non
2216 4215 2311 4270 est
2364 4227 2610 4282 verum,
2664 4215 2734 4269 ut
2791 4216 2962 4289 patet
3010 4209 3086 4270 de
3136 4209 3363 4290 primis
3421 4209 3528 4272 ho-

417 4305 710 4369 Creatore
743 4307 809 4368 in
846 4307 974 4368 illis
1004 4313 1179 4369 tanta
1211 4308 1593 4388 dignitatum
1624 4310 1914 4373 varietas.

414 4439 497 4450 --·
542 4405 721 4478 Quod
771 4404 823 4467 si
874 4405 1018 4486 quis
1067 4405 1320 4480 dixerit,
1368 4406 1517 4488 quia
1566 4408 1919 4470 secundum

418 4502 603 4566 istam
651 4503 1093 4584 probationem
1136 4521 1264 4566 non
1304 4504 1564 4567 deberet
1607 4505 1771 4568 inter
1814 4506 1921 4568 ho-

420 4601 625 4664 mines
670 4620 809 4664 esse
856 4601 1221 4664 differentia
1269 4602 1649 4682 dignitatum
1694 4623 1766 4665 ac
1810 4623 1919 4685 po·

416 4707 741 4784 testatum,
786 4720 987 4782 quum
1031 4700 1160 4762 sint
1203 4709 1428 4763 natura
1470 4702 1781 4784 aequales;
1824 4721 1919 4764 re-

416 4799 721 4880 spondeo,
782 4798 935 4880 quia
992 4816 1210 4860 revera
1267 4799 1320 4860 si
1380 4799 1513 4861 sola
1570 4807 1793 4862 natura
1852 4801 1917 4862 in

414 4894 789 4958 hominibus
832 4905 1223 4978 operaretur,
1258 4915 1384 4959 non
1427 4905 1639 4960 essent
1678 4897 1743 4960 hi
1784 4917 1919 4978 gra-

416 4994 533 5055 dus
586 5002 698 5056 aut
743 4995 999 5057 ordines
1056 4996 1225 5076 apud
1275 5013 1405 5068 eOS,
1459 4995 1625 5057 sicut
1675 5015 1792 5057 nec
1853 4997 1917 5059 in

416 5089 639 5154 bestiis
681 5111 849 5154 unus
886 5111 1090 5174 equus
1120 5092 1259 5156 vult
1297 5093 1440 5154 aliis
1480 5094 1813 5156 dominari.
1850 5095 1917 5156 In

416 5189 793 5253 hominibus
838 5209 1011 5266 vero,
1065 5200 1294 5272 praeter
1338 5192 1657 5254 naturales
1715 5193 1919 5274 perfe-

418 5288 686 5364 ctiones,
720 5307 889 5350 unus
922 5289 1067 5371 plus
1107 5289 1297 5352 habet
1329 5290 1656 5354 industriae
1684 5298 1795 5352 aut
1824 5311 1917 5354 sa-

2030 4305 2338 4380 minibus,
2393 4324 2667 4387 quorum
2723 4306 3028 4369 naturalis
3076 4307 3408 4388 dispositio
3459 4307 3526 4369 in

2032 4402 2408 4486 corporibus
2464 4412 2528 4466 et
2577 4404 2912 4467 animabus
2969 4423 3212 4479 eorum,
3263 4405 3524 4468 alterius

2030 4503 2153 4564 fuit
2187 4503 2580 4565 habitudinis
2613 4523 2804 4587 quam
2843 4511 3262 4587 posterorum.
3299 4504 3528 4586 Corpo-

2030 4621 2099 4662 ra
2146 4620 2422 4682 namque
2482 4619 2702 4664 eorum
2763 4603 3006 4683 integra
3061 4602 3226 4664 facta
3284 4610 3433 4664 sunt
3489 4619 3526 4664 a

2030 4699 2320 4762 Creatore
2369 4699 2435 4760 in
2485 4698 2858 4763 fortitudine
2904 4708 2969 4761 et
3020 4701 3454 4781 magnitudine
3505 4717 3520 4762 :

2030 4799 2197 4859 unde
2237 4805 2300 4859 et
2338 4798 2554 4860 decuit
2591 4816 2809 4861 eorum
2854 4797 3228 4880 corporibus
3270 4797 3521 4861 infundi

2027 4895 2272 4958 animas
2317 4896 2630 4978 sapientia
2669 4896 3140 4978 virtutibusque
3182 4895 3517 4979 perfectaS,

2028 5014 2169 5076 quae
2208 4995 2284 5056 ad
2329 5002 2572 5057 motum
2607 5002 2669 5057 et
2697 4995 3220 5075 gubernationem
3261 4996 3518 5060 illorum

2028 5093 2404 5156 sufficerent
2447 5111 2802 5175 corporum.
2847 5094 3088 5156 Idcirco
3135 5095 3414 5158 scientiae
3456 5103 3521 5157 et

2026 5192 2295 5254 virtutes
2344 5191 2603 5254 fuerunt
2649 5193 2742 5254 eis
2788 5192 3128 5267 naturaleS,
3175 5193 3516 5274 statimque

2032 5291 2246 5354 inditae
2287 5299 2350 5353 et
2395 5291 2624 5353 innatae
2667 5290 2732 5352 in
2775 5291 3192 5372 plasmatione
3237 5309 3462 5355 eorum
3499 5309 3548 5357 :-
