4334 6242
1145 509 1424 560 arn-omn
1464 507 1929 558 nisrmcrioumt
1971 506 2129 553 Lisai
2174 507 2218 552 11
2261 472 2724 552 sam-ammaoni
3442 479 3481 546 9

373 693 524 754 tant,
585 691 938 764 quandoque
998 684 1469 745 denominantur.
1527 683 1624 738 Est
1681 683 1874 736 autem
1908 678 1959 741 Α

374 780 716 842 verisimile,
747 777 1007 852 quotidie
1045 775 1272 847 aliquos
1310 776 1646 830 daemonum
1688 771 1764 827 ad
1799 769 1880 824 in·

375 869 616 927 fernum
659 869 1025 933 descendere,
1067 868 1142 923 ad
1181 864 1412 921 animas
1457 861 1576 918 illic
1617 860 1880 917 crucian-

379 961 490 1016 das
534 960 968 1015 deducendum.
1020 954 1246 1012 Lucifer
1285 969 1418 1010 vero
1466 953 1544 1008 ibi
1591 950 1881 1022 relegatus

377 1066 418 1104 a
463 1048 820 1121 quibusdam
872 1049 1124 1118 putatur,
1155 1045 1227 1100 ab
1276 1059 1343 1099 eo
1389 1045 1648 1114 tempore
1689 1057 1804 1110 quo
1846 1055 1880 1092 a

379 1135 610 1192 Christo
654 1137 840 1192 victus
878 1138 979 1198 est,
1020 1133 1177 1190 circa
1229 1137 1496 1202 tempora
1539 1126 1880 1184 Antichristi

377 1227 715 1283 solvendus.
739 1225 988 1291 Quidam
1019 1227 1216 1279 tamen
1247 1223 1319 1278 ab
1349 1219 1516 1275 initio
1543 1217 1760 1290 peccati
1789 1217 1880 1273 sui

379 1316 502 1372 illic
543 1331 684 1372 eum
727 1313 902 1371 fuisse
941 1313 1161 1369 dicunt.
1202 1313 1312 1367 Sed
1351 1313 1410 1366 et
1448 1307 1544 1364 alii
1586 1309 1882 1363 doemones

379 1421 570 1478 quum
610 1421 645 1460 a
686 1403 852 1460 nobis
883 1401 1216 1464 vincuntur,
1245 1397 1510 1456 tentandi
1539 1397 1880 1469 potestatem

380 1495 654 1550 amittere
683 1493 956 1549 videntur
986 1508 999 1546 :
1033 1494 1089 1547 et
1113 1491 1224 1546 hoc
1263 1489 1520 1544 maxime
1555 1485 1611 1540 in
1647 1484 1786 1540 vitio
1821 1483 1878 1539 in

380 1584 552 1656 cujus
590 1581 920 1638 resistentia
957 1580 1092 1637 victi
1131 1583 1286 1636 sunt.

381 1699 704 1750 Obscurum
739 1697 998 1762 quamvis
1027 1695 1240 1746 habitet
1268 1694 1450 1744 malus
1480 1707 1612 1742 aera
1641 1691 1878 1749 da‘mon,

443 1773 712 1820 Attamen
743 1769 895 1820 hunc
923 1768 1128 1832 poterit
1155 1768 1374 1818 vincere
1404 1770 1598 1817 castus
1627 1763 1814 1814 hom0.

839 1980 1264 2044 DISTINCTIO
1307 1980 1430 2041 vll.

727 2109 931 2190 Supra
972 2107 1216 2170 dictum
1259 2113 1376 2179 est,
1421 2113 1540 2168 etc.

506 2295 906 2350 ERSTANTES
947 2293 1138 2366 angeli
1185 2293 1244 2348 in
1294 2294 1463 2356 bono,
1497 2308 1600 2362 per
1635 2290 1882 2362 gratiam

534 2387 678 2440 sunt
729 2383 1077 2447 confirmati,
1128 2382 1208 2439 ita
1262 2384 1418 2453 quod
1465 2382 1590 2452 jam
1648 2397 1886 2452 peccare

384 2490 502 2530 non
533 2476 808 2544 possunt3
831 2474 1101 2529 cadentes
1127 2489 1280 2536 vero,
1305 2470 1597 2534 obstinati,
1622 2470 1700 2525 ita
1731 2473 1884 2542 quod

373 2563 502 2635 jam
551 2562 662 2619 etsi
709 2563 931 2618 bonum
977 2561 1294 2634 aliquando
1340 2558 1417 2615 sit
1461 2561 1618 2630 quod
1663 2559 1883 2623 volunt,

383 2655 531 2710 bene
569 2656 768 2708 tamen
811 2650 952 2707 velle
991 2667 1106 2707 non
1149 2653 1412 2722 possunt.
1453 2649 1648 2720 Neque
1687 2652 1884 2704 tamen

381 2761 488 2816 per
515 2745 631 2799 hoc
655 2743 745 2798 vel
779 2741 840 2798 hi
868 2742 954 2798 vel
985 2741 1068 2796 illi
1099 2741 1347 2798 liberum
1377 2739 1704 2796 amiserunt
1740 2739 1888 2796 arbi-

379 2834 586 2896 trium,
630 2849 748 2889 non
797 2833 1060 2888 obstante
1107 2832 1263 2903 quod
1308 2830 1416 2887 hoc
1455 2832 1532 2886 ad
1571 2833 1885 2902 utrumque

379 2939 444 2980 se
479 2924 674 2986 habet,
707 2938 890 2993 quum
933 2921 1067 2977 boni
1107 2920 1294 2993 adjuti
1334 2920 1537 2992 gratia,
1570 2922 1886 2990 spontanee

2428 690 2852 755 DISTINCTIO
2895 689 3046 751 VIII.

2047 830 2218 892 Solet
2260 830 2450 893 etiam
2500 829 2565 890 in
2610 825 2959 909 quaestione
3001 823 3263 896 versari,
3305 828 3424 884 etc.
3528 869 3532 874 .

2108 1042 2392 1098 ORPORA
2422 1039 2767 1096 naturaliter
2794 1037 2904 1093 sibi
2934 1035 3099 1092 unita
3125 1033 3338 1106 angeli,
3369 1030 3487 1090 sive

2051 1133 2102 1190 A
2134 1131 2269 1187 boni
2316 1129 2433 1186 sive
2482 1129 2639 1192 mali,
2678 1143 2795 1183 non
2836 1126 3066 1182 habent.
3096 1127 3165 1180 Et
3204 1123 3338 1180 licet
3373 1123 3488 1178 Au-

1995 1221 2263 1294 gustinus
2300 1236 2398 1276 eos
2438 1234 2678 1289 corpora
2718 1215 2877 1272 aeria
2920 1215 3153 1276 habere,
3185 1212 3373 1268 dicere
3409 1209 3491 1265 vi-

1994 1312 2237 1375 deatur3
2278 1309 2385 1364 hoc
2430 1311 2627 1364 tamen
2666 1322 2783 1362 non
2823 1303 3114 1368 assertive,
3152 1303 3255 1359 sed
3299 1299 3489 1372 magis

1993 1399 2286 1457 recitative
2326 1397 2506 1471 ponit.
2540 1397 2869 1452 Assumunt'
2896 1397 3091 1450 autem
3135 1407 3391 1464 corpora,
3424 1393 3490 1446 ut

1990 1489 2296 1546 visibiliter
2324 1488 2489 1544 nobis
2520 1503 2623 1559 pro
2649 1486 2943 1542 voluntate
2972 1486 3069 1540 aut
3106 1479 3488 1554 permissione

1993 1579 2094 1636 Dei
2140 1581 2475 1651 appareant,
2517 1580 2574 1632 et
2618 1575 2774 1631 circa
2812 1591 2916 1630 nos
2957 1573 3285 1644 operentur.
3324 1569 3487 1626 Unde

1993 1672 2050 1726 et
2098 1669 2307 1724 iterum
2362 1667 2462 1722 illa
2510 1681 2751 1736 corpora
2798 1665 3115 1735 deponunt.
3164 1661 3227 1716 ln
3276 1659 3489 1732 quibus

1993 1758 2168 1815 etiam
2202 1757 2541 1828 corporibus
2579 1753 2893 1825 assumptis
2932 1751 3106 1808 locuti
3146 1753 3285 1806 sunt
3309 1764 3491 1822 quan-

1919 1843 1966 1906 B
1996 1851 2185 1920 doque
2232 1864 2301 1904 ex
2350 1850 2512 1918 parte
2558 1844 2735 1900 totius
2778 1841 3089 1904 Trinitatis
3141 1839 3489 1912 quandoque

1995 1941 2191 1994 autem
2252 1938 2311 1993 in
2369 1951 2616 2009 persona
2670 1933 2871 1995 Patris,
2931 1932 3283 2002 quandoque
3338 1927 3487 1990 Filii,

1995 2030 2346 2100 quandoque
2393 2029 2449 2082 et
2493 2023 2743 2095 Spiritus
2790 2020 3003 2078 Sancti.
3044 2021 3249 2076 Utrum
3292 2021 3487 2074 autem

1995 2118 2146 2174 Deus
2184 2116 2502 2188 aliquando
2542 2114 2601 2168 in
2644 2111 2847 2166 formis
2886 2108 3283 2181 corporalibus
3320 2123 3493 2180 appa-

1996 2207 2195 2272 ruerit,
2245 2209 2302 2262 et
2347 2209 2545 2260 utrum
2594 2202 2787 2275 angeli
2835 2201 2893 2256 in
2938 2199 3277 2272 corporibus
3315 2214 3490 2269 appa-

1996 2300 2206 2359 rente3‚
2238 2295 2297 2350 in
2328 2294 2447 2350 suis
2477 2295 2704 2348 tantum
2748 2289 3085 2363 corporibus
3127 2289 3238 2344 hoc
3278 2286 3492 2342 faciant

1995 2403 2060 2442 ea
2100 2385 2487 2458 ingrossando
2514 2383 2674 2448 (dato
2716 2382 2872 2452 quod
2910 2377 3167 2449 corporei
3208 2377 3383 2448 sunt),
3414 2392 3489 2430 an

1997 2475 2287 2547 grossiora
2329 2474 2598 2544 quaedam
2647 2468 3122 2541 superinducant,
3165 2467 3273 2522 sub
3314 2464 3490 2521 dubio

1997 2563 2275 2636 relinquit
2309 2562 2594 2635 Magister.
2637 2561 2747 2616 Sed
2786 2561 2951 2614 extra
2988 2559 3213 2613 textum
3257 2553 3486 2618 dicitur,

1997 2655 2152 2727 quod
2210 2651 2431 2708 faciunt
2485 2651 2542 2706 in
2598 2647 2938 2720 corporibus
2992 2645 3327 2717 assumptis.
3376 2644 3489 2717 Ipsi

1996 2744 2153 2800 enim
2186 2758 2428 2813 corpora
2458 2756 2572 2796 non
2604 2739 2837 2795 habent.
2867 2735 3128 2792 Essentia
3165 2739 3360 2790 autem
3392 2734 3493 2791 Dei

1997 2833 2134 2906 quia
2183 2829 2569 2887 immutabilis
2612 2833 2715 2892 est,
2758 2843 3059 2898 nunquam
3112 2825 3169 2879 in
3208 2841 3269 2880 se
3309 2823 3492 2880 videri

1997 2923 2187 2995 potuit
2239 2923 2311 2978 ab
2366 2920 2581 2992 aliquo.
2631 2919 2826 2988 Neque
2881 2932 3014 2972 vero
3072 2912 3357 2976 diabolus,
3406 2913 3492 2969 vel

378 3013 494 3068 hoc
541 3011 794 3078 faciant;
845 3009 986 3066 mali
1033 3009 1209 3067 etiam
1259 3027 1294 3066 a
1341 3009 1526 3080 gratia
1574 3008 1782 3065 deserti
1829 3013 1887 3065 et
1919 3005 1962 3069 C
1997 3013 2173 3068 etiam
2229 3009 2471 3082 angelus
2532 3010 2736 3072 bonus,
2800 3003 3257 3061 substantialiter
3312 3001 3493 3059 menti

381 3100 664 3172 corrupti,
705 3116 942 3172 surgere
981 3101 1056 3155 ad
1095 3101 1314 3156 bonum
1357 3098 1580 3153 nolunt.
1624 3099 1746 3154 lmo
1786 3115 1888 3169 per

380 3191 494 3248 hoc
523 3190 662 3246 boni
693 3188 1001 3246 arbitrium
1041 3188 1256 3244 habent
1293 3187 1551 3248 liberius.
1585 3187 1722 3259 quia
1763 3204 1888 3258 pec-

383 3283 516 3336 cato
544 3279 760 3336 servire
791 3293 906 3332 non
937 3279 1194 3348 possunt,
1211 3278 1367 3348 quod
1396 3281 1528 3332 ante
1558 3280 1881 3348 potuerant,

383 3371 560 3440 prout
607 3367 865 3438 loquitur
911 3366 1313 3437 Hieronymus.
1363 3365 1638 3431 Quamvis
1687 3369 1883 3422 autem

387 3457 530 3513 mali
558 3455 750 3528 angeli
783 3472 885 3527 per
913 3454 1200 3510 malitiam
1233 3455 1501 3510 obdurati
1531 3457 1683 3516 sunt,
1701 3454 1885 3510 vivaci

383 3549 586 3602 tamen
634 3560 810 3600 sensu
869 3560 985 3599 non
1039 3548 1178 3599 sunt
1232 3543 1464 3615 penitus
1511 3543 1735 3613 privati,
1785 3545 1887 3599 sed

383 3651 608 3706 magno
645 3632 906 3690 scientiae
949 3632 1221 3688 acumine
1259 3631 1472 3704 vigent,
1509 3635 1630 3687 tam
1680 3634 1890 3688 natura

385 3741 568 3796 quam
609 3721 984 3794 experientia,
1017 3737 1194 3794 quam
1233 3721 1410 3777 etiam
1450 3721 1736 3776 bonorum
1777 3721 1890 3792 spi-

383 3813 612 3869 rituum
641 3809 1007 3875 revelatione,
1031 3825 1164 3882 quae
1190 3810 1272 3866 eis
1302 3811 1651 3882 quandoque
1681 3809 1746 3864 fit
1775 3810 1888 3866 Deo

385 3901 446 3959 id
484 3900 731 3956 volente.
762 3901 1022 3965 Quorum
1063 3902 1121 3955 et
1157 3899 1450 3956 malorum
1490 3899 1731 3954 scientia
1770 3915 1892 3954 ma-

385 3990 534 4062 gicae
561 3991 718 4045 artes
745 3989 860 4045 Deo
893 3988 1263 4060 permittente
1291 3987 1440 4044 fiunt
1466 3990 1540 4044 ad
1571 3986 1888 4046 fallendum

383 4078 641 4142 fallaces,
663 4081 724 4135 et
747 4080 822 4134 ad
846 4079 1208 4134 monendum
1233 4076 1446 4142 fideles,
1473 4080 1531 4133 et
1549 4078 1625 4132 ad
1640 4077 1892 4148 proban-

2001 3103 2278 3158 humanae
2324 3098 2484 3155 illabi
2535 3101 2737 3170 potest,
2778 3099 2879 3153 sed
2923 3095 3081 3150 solus
3130 3095 3316 3158 Deus;
3362 3092 3496 3149 licet

1998 3192 2295 3246 daemones
2344 3203 2586 3259 corpora
2637 3184 2862 3259 ingredi
2918 3183 3143 3256 possint
3186 3186 3244 3238 et
3288 3199 3358 3239 ea
3401 3198 3495 3238 ve-

1997 3295 2152 3335 xare.

1997 3393 2248 3457 Angelus
2279 3391 2556 3443 interdum
2587 3391 2895 3441 commissa
2924 3388 3151 3452 negotia
3182 3385 3489 3450 complens,

2060 3467 2203 3516 Aere
2234 3464 2301 3514 de
2332 3462 2544 3527 liquido
2575 3475 2797 3512 sumere
2830 3460 3079 3511 membra
3112 3458 3271 3510 solet.

2464 3675 2888 3738 DISTINCTIO
2930 3675 3029 3736 IX.

2251 3804 2393 3866 Post
2437 3803 2735 3885 praedicta
2774 3807 3084 3884 superest,
3130 3807 3248 3862 etc.

2128 3991 2319 4047 OVEM
2365 3991 2706 4064 angelorum
2756 3989 2991 4046 ordines
3038 4005 3161 4045 esse
3201 3987 3499 4059 Scriptura

2153 4081 2377 4137 tradit:
2408 4080 2508 4153 qui
2548 4079 2608 4135 in
2649 4083 2765 4135 tres
2803 4077 3061 4134 distincti
3100 4080 3237 4134 sunt
3279 4077 3499 4132 hierar-

385 4169 532 4225 dum
582 4166 884 4238 patientes.
928 4165 1124 4238 Neque
1173 4181 1305 4220 vero
1354 4183 1456 4237 per
1501 4165 1606 4221 hoc
1646 4165 1891 4222 visibilis
1921 4167 1970 4228 D
2001 4170 2179 4232 chias,
2201 4173 2263 4224 ut
2284 4165 3287 4240 Seraphim‚Cherubim,Throni;et
3308 4165 3500 4220 Domi-

383 4273 588 4328 rerum
619 4259 830 4312 natura
871 4254 1043 4310 malis
1081 4255 1304 4328 angelis
1342 4258 1416 4311 ad
1458 4258 1667 4312 nutum
1699 4256 1890 4312 deser-

381 4347 485 4400 vit.
533 4346 650 4401 Nec
697 4343 806 4415 ipsi
854 4361 924 4400 ex
973 4344 1084 4400 hoc
1131 4346 1418 4399 creatores
1465 4343 1580 4400 dici
1629 4348 1888 4414 possunt,

387 4451 572 4507 quum
605 4434 718 4490 hoc
747 4433 823 4489 sit
851 4433 1032 4488 solius
1061 4433 1194 4497 θεὶς
1226 4434 1327 4488 sed
1357 4449 1460 4504 per
1489 4434 1714 4488 occulta
1740 4450 1892 4505 quae-

387 4525 527 4578 dam
556 4525 614 4578 et
643 4521 882 4578 latentia
913 4520 970 4575 in
1003 4522 1174 4577 rebus
1202 4521 1430 4576 semina
1457 4537 1522 4576 ea
1546 4520 1852 4592 perficiunt
1876 4540 1888 4578 :

384 4613 540 4668 sicut
579 4627 688 4667 nec
736 4615 1006 4682 parentes
1049 4609 1304 4666 filiorum
1355 4610 1632 4667 dicuntur
1678 4615 1893 4667 creato-

387 4717 518 4766 res;
568 4701 722 4756 sicut
775 4700 834 4755 in
891 4698 1092 4763 simili,
1144 4699 1322 4754 homo
1377 4699 1631 4756 exterius
1686 4703 1890 4756 docere

385 4793 592 4862 potest.
637 4790 770 4846 licet
808 4789 1120 4854 difficilius,
1163 4791 1262 4844 sed
1303 4789 1460 4846 solus
1501 4791 1650 4846 Deus
1689 4790 1893 4846 intrin-

387 4897 552 4936 secus
571 4879 912 4952 justificare.
945 4879 1194 4934 Possunt
1231 4881 1428 4935 tamen
1469 4883 1526 4934 et
1565 4879 1751 4935 multa
1790 4897 1892 4951 per

389 4973 616 5027 naturae
641 4969 1028 5026 subtilitatem
1069 4971 1383 5033 daemones,
1417 4984 1548 5040 quae
1584 4985 1620 5024 a
1658 4969 1773 5024 Deo
1813 4968 1893 5024 fa-

390 5075 516 5116 cere
565 5075 679 5114 non
731 5058 1168 5130 permittuntur,
1217 5057 1662 5128 prohibentibus
1713 5057 1887 5114 etiam

391 5149 662 5219 quaedam
705 5147 876 5203 bonis
914 5145 1154 5219 angelis.

389 5263 512 5314 Non
529 5263 676 5314 male
693 5267 932 5314 conatur
943 5263 1122 5313 bonus
1138 5261 1390 5326 angelus,
1405 5265 1500 5313 aut
1516 5261 1654 5312 bene
1667 5275 1890 5326 pravus,

451 5335 538 5386 Sit
558 5336 692 5386 licet
711 5333 942 5386 arbitrio
963 5333 1104 5384 liber
1121 5337 1356 5398 uterque
1379 5349 1502 5386 suo.

2001 4257 2283 4319 nationes,
2326 4255 2593 4320 Virtutes,
2626 4255 2970 4319 Potestates;
3011 4257 3069 4310 et
3109 4252 3492 4325 Principatus,

2000 4345 2345 4417 Archangeli
2374 4349 2432 4400 et
2450 4344 2675 4416 Angeli.
2700 4343 2921 4399 Dicitur
2946 4345 3141 4399 autem
3167 4345 3328 4407 ordo,
3349 4343 3497 4398 mul-

1999 4435 2189 4490 titudo
2238 4434 2557 4490 coelestium
2616 4433 2931 4506 spirituum
2980 4433 3081 4504 qui
3130 4431 3282 4487 inter
3324 4447 3385 4487 se
3432 4431 3490 4486 in

1999 4523 2196 4596 aliquo
2234 4539 2477 4579 munere
2521 4522 2723 4594 gratiae
2764 4521 3181 4585 assimilantur,
3223 4524 3290 4576 ut
3330 4522 3493 4577 Sera-

2000 4614 2166 4687 phim
2210 4612 2269 4667 in
2310 4612 2568 4667 caritatis
2606 4613 2830 4672 ardore,
2862 4609 3175 4666 Cherubim
3215 4609 3273 4665 in
3315 4610 3496 4667 scien-

1998 4703 2095 4757 tiae
2145 4699 2526 4773 plenitudine,
2575 4704 2632 4756 et
2676 4700 2759 4755 sic
2806 4703 2875 4756 de
2922 4699 3069 4754 aliis.
3119 4700 3249 4755 Haec
3296 4703 3491 4756 autem

2001 4790 2243 4848 nomina
2291 4788 2429 4860 ipsis
2474 4789 2827 4844 conveniunt
2868 4791 3099 4860 propter
3146 4805 3268 4844 noS.
3308 4790 3376 4844 Et
3419 4789 3493 4844 ab

2003 4879 2094 4934 his
2123 4878 2506 4934 nominantur
2535 4894 2667 4949 quaa
2694 4877 2751 4932 in
2786 4877 2925 4948 ipsis
2962 4877 3301 4948 praecellunt
3330 4893 3343 4933 :
3376 4893 3493 4932 non

2000 4971 2154 5040 quod
2194 4965 2294 5021 alii
2335 4966 2569 5022 ordines
2611 4966 2718 5022 hoc
2758 4983 2871 5022 non
2907 4966 3174 5030 habeant,
3216 4968 3317 5022 sed
3358 4966 3495 5038 quia

2002 5056 2084 5111 illi
2125 5056 2186 5111 in
2228 5056 2339 5112 hoc
2377 5055 2687 5118 excellunt,
2719 5055 2941 5112 scilicet
2973 5059 3233 5128 respectu
3266 5055 3497 5113 inferio-

2000 5163 2152 5202 rum.
2194 5146 2263 5200 Et
2299 5144 2359 5199 hi
2399 5145 2631 5201 ordines
2670 5145 2729 5200 in
2769 5146 2993 5218 angelis
3030 5147 3103 5201 ab
3144 5145 3307 5202 initio
3336 5163 3495 5202 crea-

1998 5235 2175 5290 tionis
2212 5251 2435 5298 eorum,
2468 5236 2789 5292 secundum
2830 5234 3186 5306 Magistrum,
3219 5252 3333 5291 non
3374 5234 3495 5292 fue-

2001 5327 2138 5380 runt
2168 5341 2183 5380 :
2215 5340 2281 5380 eo
2311 5324 2467 5396 quod
2495 5339 2529 5378 a
2560 5323 2826 5396 gratuitis
2860 5324 3331 5390 denominantur,
3364 5341 3495 5397 quae
