4334 6242
792 486 913 557 292

1454 507 1518 556 m
1557 507 1779 557 Lunum
1822 512 1864 557 n
1907 506 2388 557 snu'rnmlanuu.
2433 527 2515 538 -
2553 508 2706 556 Dts‘r.
2754 510 2854 571 1v;
2898 507 3121 565 QUAEST.
3169 503 3236 552 111

872 679 940 742 In
1009 681 1374 762 oppositum
1435 687 1584 743 sunt
1644 699 1787 763 quae
1847 680 2162 743 habentur
2223 681 2286 742 in
2318 679 2369 742 A
2479 681 2782 744 Praeterea
2819 680 2870 742 si
2904 686 3242 761 quaeratur‚
3275 697 3356 740 an
3395 674 3684 740 diabolus
3719 674 3905 756 prin-

792 777 1020 840 littera.

871 977 961 1038 Ad
1022 976 1155 1039 haec
1204 976 1557 1038 Alexander
1608 976 1946 1057 respondet.
1998 992 2013 1036 :
2064 973 2288 1055 Angeli

788 1074 937 1138 boni
973 1093 1100 1136 non
1132 1074 1491 1137 habuerunt
1519 1073 1982 1156 praescientiam
2015 1092 2143 1136 suae
2175 1081 2292 1134 sta-

790 1173 1055 1235 bilitatis
1098 1192 1211 1235 seu
1256 1173 1640 1250 mansionis;
1681 1171 1790 1234 sed
1834 1190 2005 1233 nunc
2054 1170 2290 1233 habent

787 1271 1122 1334 scient-iam
1165 1271 1359 1334 illam.
1393 1270 1497 1332 Ait
1526 1271 1699 1332 enim
1739 1270 1816 1332 ad
1848 1269 2137 1333 Orosium
2167 1269 2290 1330 Au-

788 1372 1081 1453 gustinus
1136 1389 1150 1434 :
1206 1371 1438 1434 Omnes
1496 1370 1702 1450 angeli
1762 1370 2035 1453 aequales
2095 1369 2288 1431 creati

789 1477 975 1550 sunt3
1016 1471 1127 1532 sed
1178 1470 1551 1532 cadentibus
1600 1489 1715 1551 per
1756 1469 2123 1551 superbiam
2175 1467 2291 1529 im-

790 1569 937 1651 piis,
970 1569 1163 1630 ceteri
1209 1569 1476 1631 Domino
1524 1569 1629 1650 pia
1674 1567 2038 1630 obedientia
2084 1566 2289 1628 adhae-

788 1675 1030 1740 serunt,
1062 1667 1447 1749 accipientes
1492 1673 1729 1729 certam
1780 1665 2111 1728 scientiam
2158 1683 2290 1727 suae

788 1764 1172 1838 stabilitatis,
1233 1783 1425 1846 quam
1487 1764 1740 1846 reprobi
1806 1763 1899 1825 illi
1958 1781 2288 1845 nunquam

2400 779 2680 860 cipatum
2729 797 2916 840 suum
2971 777 3263 859 praevidit
3311 794 3326 837 ε
3379 773 3904 856 respondendum

2398 879 2568 958 quod
2606 876 2954 940 dominatio
2993 876 3229 959 duplex
3267 883 3381 937 est.
3416 874 3549 936 Una
3589 891 3716 954 qua
3753 889 3908 953 pec-

2399 983 2572 1038 cator
2617 975 2912 1038 subditur
2960 974 3232 1048 diab010,
3281 971 3743 1054 acquiescendo
3789 987 3908 1031 vo-

2399 1075 2625 1136 luntati
2676 1082 2738 1137 et
2779 1073 3291 1156 suggestionibus
3335 1071 3476 1152 ejus
3519 1088 3534 1132 ε
3577 1089 3719 1152 quae
3765 1085 3908 1130 non

2398 1180 2494 1234 est
2542 1173 2679 1235 sine
2730 1181 2990 1254 peccato
3037 1171 3274 1234 diaboli
3325 1168 3744 1252 praecedenti3
3776 1185 3907 1228 nec

2399 1271 2561 1332 hanc
2595 1272 2904 1353 praevidit.
2939 1271 3078 1334 Alia
3106 1268 3457 1333 dominatio
3486 1274 3582 1330 est
3613 1267 3680 1328 in
3709 1283 3906 1347 ange-

2400 1369 2462 1431 lo
2489 1388 2566 1431 ex
2597 1371 2962 1433 conditione
3002 1377 3242 1432 naturae
3272 1366 3372 1430 vel
3411 1364 3729 1429 beneficio
3757 1382 3906 1444 gra-

2398 1469 2543 1546 tiae3
2594 1469 2884 1550 hancque
2943 1468 3150 1550 potuit
3207 1466 3574 1549 praevidere.
3624 1499 3708 1510 —-
3752 1463 3907 1525 Haec

2398 1567 2769 1630 Alexander.

2479 1665 2747 1729 Thomas
2779 1684 3034 1748 quoque
3067 1683 3081 1728 :
3115 1665 3394 1747 Aliquid,
3429 1661 3658 1744 inquit,
3691 1669 3910 1744 potest

2403 1764 2697 1844 cognosci
2746 1764 3110 1847 dupliciter,
3143 1763 3389 1825 scilicet
3430 1779 3444 1822 ε
3488 1759 3908 1823 certitudina-

788 1863 1148 1925 habuerunt
1194 1880 1208 1924 :
1257 1863 1477 1944 sicque
1528 1862 1828 1943 deinceps
1876 1861 2086 1941 angeli
2137 1859 2288 1923 boni
2323 1862 2370 1925 B
2403 1861 2566 1935 liter,
2603 1869 2670 1922 ut
2700 1880 2840 1943 quae
2871 1861 3108 1924 habent
3141 1861 3592 1924 determinatas
3619 1867 3680 1920 et
3713 1857 3906 1920 insal-

788 1969 937 2023 sunt
972 1962 1253 2042 undique
1281 1961 1482 2043 gratia
1512 1961 1621 2023 Dei
1654 1959 2051 2034 circumdati,
2086 1967 2155 2020 ut
2187 1977 2292 2020 ne-

790 2077 1109 2140 quaquam
1154 2059 1377 2120 cadere
1421 2057 1669 2120 valeant
1710 2077 1747 2118 a
1790 2057 1920 2119 vita
1962 2056 2163 2120 beata.

870 2158 1059 2219 Porro
1088 2157 1294 2238 angeli
1331 2156 1479 2218 mali
1513 2175 1730 2218 casum
1762 2175 1950 2217 suum
1980 2173 2104 2217 non
2138 2174 2292 2236 prae-

789 2255 1106 2317 viderunt.
1160 2256 1336 2318 Unde
1400 2254 1564 2317 libro
1622 2255 1699 2316 de
1760 2253 2168 2335 Correptione
2230 2258 2293 2314 et

788 2353 989 2433 gratia
1039 2353 1321 2435 loquitur
1368 2352 1759 2432 Augustinus
1812 2370 1825 2414 :
1879 2351 2179 2413 Diabolus
2229 2358 2290 2412 et

785 2450 994 2533 angeli
1050 2452 1191 2532 ejus
1240 2471 1309 2514 se
1360 2452 1423 2513 in
1480 2451 1804 2512 miseriam
1859 2468 2113 2512 casuros
2162 2467 2291 2511 non

785 2549 1223 2632 praesciebant.
1259 2550 1597 2612 Anselmus
1628 2566 1885 2630 quoque
1918 2549 1982 2610 in
2015 2547 2180 2610 libro
2212 2547 2290 2610 de

787 2647 948 2711 Casu
989 2647 1248 2721 diaboli,
1285 2648 1493 2728 arguit
1536 2646 1629 2709 sic
1664 2664 1677 2708 :
1714 2647 1991 2709 Scientia
2028 2665 2155 2708 non
2197 2653 2294 2708 est

784 2744 909 2806 nisi
943 2745 1111 2807 circa
1140 2764 1214 2808 ea
1251 2763 1393 2826 quae
1433 2752 1605 2806 certa
1644 2751 1791 2806 sunt
1830 2744 2073 2805 ratione
2108 2743 2292 2806 intel-

786 2842 1093 2924 ligibilia;
1125 2844 1293 2924 quod
1325 2851 1539 2905 autem
1571 2849 1774 2924 potest
1808 2860 1933 2904 non
1966 2861 2126 2915 esse,
2162 2859 2290 2904 non

786 2949 995 3023 potest
1025 2949 1195 3003 certa
1235 2940 1475 3002 ratione
1511 2940 1915 3021 intelligibile
1957 2959 2095 3002 esse
2131 2957 2145 3001 ε
2181 2940 2290 3002 sed

2403 1959 2611 2022 libiles
2654 1979 2895 2034 causaS,
2929 1960 3468 2042 quemadmodum
3507 1956 3706 2022 solem
3743 1956 3906 2018 oriri

2400 2076 2574 2136 cras3
2606 2066 2670 2119 et
2708 2058 3244 2139 conjecturaliter,
3280 2064 3349 2120 ut
3378 2076 3452 2120 ea
3491 2076 3633 2138 quae
3662 2055 3908 2117 habent

2400 2175 2620 2218 causas
2677 2157 3126 2218 determinatas
3178 2165 3248 2218 ut
3296 2156 3360 2218 in
3416 2163 3592 2237 parte
3647 2152 3905 2234 maiori,

2401 2253 2566 2316 sicut
2616 2255 2902 2317 medicus
2953 2255 3159 2317 noscit
3207 2254 3544 2317 sanitatem
3592 2253 3906 2324 futuram,

2403 2361 2721 2435 nautaque
2771 2361 3234 2435 tempestatem.
3289 2353 3622 2433 Quumque
3673 2349 3913 2413 confir·

2407 2452 2602 2514 matio
2651 2460 2713 2514 et
2766 2471 2949 2515 casus
3007 2452 3376 2532 angelorum
3425 2471 3504 2514 ex
3551 2450 3754 2513 libero
3801 2450 3914 2517 de-

2403 2551 2720 2631 pendeant
2795 2550 3082 2626 arbitri0,
3141 2550 3310 2633 quod
3370 2567 3498 2612 non
3557 2557 3654 2612 est
3713 2567 3916 2610 causa

2403 2649 2820 2710 determinata
2856 2649 2935 2711 ad
2978 2669 3201 2724 unum,
3235 2666 3362 2711 non
3401 2655 3692 2730 poterant
3722 2646 3914 2709 certi-

2401 2747 2772 2809 tudinaliter
2802 2747 3084 2828 praesciri
3123 2747 3247 2810 nisi
3287 2766 3326 2809 a
3365 2747 3512 2820 Deo,
3546 2746 3659 2828 qui
3687 2743 3914 2808 omnia

2403 2843 2888 2924 praesentialiter
2917 2845 3218 2906 intuetur.
3246 2843 3769 2924 conjecturaliter
3797 2861 3915 2905 au—

2403 2949 2532 3003 tem
2575 2949 2867 3024 poterant
2905 2961 3290 3024 praesumere
3333 2961 3400 3004 se
3443 2959 3666 3004 omnes
3703 2941 3912 3004 beati-

786 3040 1049 3120 angelus
1108 3039 1315 3122 potuit
1368 3056 1495 3101 non
1551 3057 1835 3120 peccare.
1888 3040 2155 3120 Insuper
2202 3038 2292 3100 ait
2324 3045 2367 3108 C
2406 3040 2694 3102 tudinem
2745 3041 3108 3122 adepturOS,
3143 3041 3295 3122 quia
3338 3041 3416 3103 ad
3466 3040 3586 3103 hoc
3629 3047 3764 3102 erat
3802 3057 3914 3102 co-

786 3137 1165 3212 Bernardus,
1194 3138 1459 3218 loquens
1489 3135 1821 3200 Lucifero:
1844 3137 1907 3199 Si
1940 3136 2290 3218 praevidisti

787 3235 1241 3318 praecipitium,
1265 3255 1407 3317 quae
1436 3233 1561 3296 fuit
1593 3235 1859 3309 insania,
1881 3242 1951 3295 ut
1981 3253 2128 3296 cum
2161 3241 2292 3296 tan-

789 3342 852 3396 ta
882 3335 1139 3397 miseria
1168 3353 1434 3417 cuperes
1467 3333 1921 3416 principatum,
1955 3341 2025 3395 ut
2060 3334 2290 3396 misere

788 3432 1011 3494 malles
1059 3451 1329 3514 praeesse
1383 3451 1575 3513 quam
1627 3431 1808 3493 beate
1858 3431 2165 3494 subesse?
2212 3466 2293 3476 —

786 3531 916 3594 Nec
956 3530 1163 3594 obstat
1205 3531 1376 3613 quod
1419 3530 1650 3592 iterum
1690 3529 1845 3591 dicit
1883 3530 2238 3592 Bernardus
2273 3548 2287 3591 :

788 3629 852 3693 Si
915 3629 981 3690 in
1048 3628 1447 3710 praescientia
1512 3629 1623 3691 Dei
1695 3636 1873 3689 tuum
1942 3627 2292 3709 praevidisti

789 3725 1246 3810 principatum,
1281 3745 1395 3788 cur
1438 3743 1566 3787 non
1610 3733 1673 3788 et
1722 3726 2147 3808 praecipitium
2196 3733 2291 3787 tu-

788 3828 944 3888 um?
974 3824 1163 3898 Quasi
1204 3824 1373 3886 dicat
1406 3841 1419 3886 :
1455 3824 1761 3886 Similiter
1796 3823 2143 3905 praevidere
2187 3841 2292 3906 po-

791 3925 970 3987 tuisti
1032 3931 1395 4006 utrumque.
1459 3923 1810 3985 Dicendum
1862 3923 2057 3996 enim,
2118 3924 2290 4004 quod

786 4041 915 4086 non
944 4030 1041 4085 est
1082 4021 1293 4084 simile
1330 4023 1409 4084 de
1451 4028 1742 4102 utroque,
1776 4021 2079 4103 quoniam
2119 4021 2292 4102 prin-

788 4122 1072 4205 cipatum
1104 4120 1436 4202 proprium
1470 4119 1839 4201 praevidere,
1859 4136 1985 4181 non
2020 4119 2291 4182 includit

786 4217 1745 4302 supplicium,quemadmodum
1776 4217 2107 4299 proprium
2140 4237 2290 4299 prae-
2318 4223 2368 4286 D
2399 4221 2684 4284 Christus
2727 4223 2907 4286 Petro
2957 4222 3248 4305 praedixit
3293 4241 3483 4285 suum
3532 4230 3892 4304 peccatum.
4005 4249 4236 4302 uda,

2396 4356 2477 4365 —
2506 4321 2659 4384 Dato
2687 4339 2942 4403 quoque
2978 4322 3148 4404 quod
3186 4321 3442 4384 Lucifer
3470 4320 3900 4402 praescivisset
3927 4323 4082 4368 *ιη
4109 4323 4200 4364 ³⁴·

786 4335 1049 4380 noscere
1081 4335 1299 4379 casum
1335 4333 1349 4377 t
1383 4335 1575 4398 quem
1608 4334 1999 4398 praenoscere
2028 4324 2125 4378 est
2154 4335 2287 4398 poe-

786 4416 975 4494 nale3
1022 4433 1211 4497 poena
1258 4421 1471 4477 autem
1516 4415 1583 4476 in
1626 4415 1866 4496 angelis
1910 4433 2037 4478 non
2080 4416 2290 4498 potuit

786 4514 1143 4598 praecedere
1185 4513 1461 4595 culpam.
1494 4548 1574 4558 —
1602 4515 1839 4576 Rursus
1878 4514 2185 4595 objicitur
2214 4515 2286 4576 il-

785 4613 896 4676 lud
936 4611 1271 4693 Augustini
1314 4611 1379 4672 in
1409 4611 1873 4685 Quaestionibus
1913 4613 2145 4676 veteris
2177 4615 2287 4677 Te-

784 4710 1082 4775 stamenti
1118 4727 1131 4772 :
1166 4710 1459 4773 Praevidit
1504 4710 1815 4786 diaboluS,
1849 4711 2019 4793 quod
2066 4713 2145 4774 ad
2188 4731 2289 4774 ac-

783 4810 1177 4873 cusationem
1207 4809 1347 4889 ejus
1378 4808 1583 4870 factus
1612 4816 1709 4871 est
1738 4809 1939 4873 homo.
1957 4811 2290 4875 Accusatio

782 4916 999 4970 autem
1040 4924 1167 4969 non
1210 4914 1307 4970 est
1345 4907 1468 4969 nisi
1509 4908 1588 4969 de
1619 4908 1825 4990 culpa.
1862 4908 2023 4991 Ergo
2063 4910 2289 4990 praevi-

784 5006 880 5069 dit
928 5024 1110 5068 suam
1158 5005 1413 5087 culpam
1459 5022 1473 5066 z
1518 5004 1709 5087 igitur
1756 5014 1820 5068 et
1866 5007 2137 5070 ruinam.
2185 5009 2285 5071 Di-

787 5104 1084 5178 cendum,
1147 5103 1316 5185 quod
1372 5104 1761 5185 Augustinus
1818 5105 1975 5167 dicit
2031 5107 2150 5170 hoc
2208 5108 2286 5170 dc

786 5198 1079 5265 Lucifero
1121 5220 1238 5285 pro
1280 5210 1447 5265 statu
1490 5220 1606 5266 suo
1643 5222 1835 5286 quem
1879 5204 2102 5268 habuit
2143 5213 2288 5288 post

788 5320 1059 5368 rumam.

2404 3156 2546 3199 rum
2596 3147 2818 3200 natura
2863 3138 3152 3202 instituta
3192 3158 3266 3200 ac
3317 3138 3636 3201 inclinata.
3671 3137 3910 3201 Casum

2401 3255 2553 3298 vero
2601 3256 2788 3299 suum
2847 3237 3141 3319 praescire
3193 3255 3318 3300 non
3369 3245 3660 3319 poterant
3706 3255 3782 3299 ex
3835 3255 3911 3299 se

2404 3335 2582 3416 ipsiS,
2627 3355 2833 3418 neque
2877 3355 2991 3418 per
3033 3337 3489 3417 conjecturam,
3531 3355 3740 3418 neque
3787 3355 3912 3416 per

2403 3434 2876 3508 certitudinem,
2909 3435 3018 3496 sed
3060 3442 3305 3496 tantum
3338 3434 3603 3496 cadendi
3633 3433 3913 3517 potenti-

2403 3549 2548 3612 am3
2582 3551 2698 3594 nec
2740 3533 3128 3613 congruebat
3165 3533 3256 3596 eis
3295 3533 3569 3614 desuper
3609 3532 3910 3606 revelari,

2403 3648 2482 3691 ne
2523 3648 2711 3712 poena
2750 3631 3004 3712 culpam
3047 3631 3468 3711 praecederet3
3513 3649 3630 3692 nec
3671 3630 3912 3693 iterum

2403 3728 2588 3791 bonis
2630 3748 2808 3790 suam
2850 3728 3432 3800 confirmationem,
3466 3747 3546 3791 ne
3577 3728 3912 3792 distinctio

2403 3827 2656 3909 culpam
2702 3827 3105 3909 praecederet.
3142 3828 3206 3891 Si
3246 3835 3460 3890 tamen
3499 3828 3592 3890 eis
3631 3827 3766 3890 haec
3805 3845 3908 3890 re-

2400 3926 2605 3988 velata
2667 3925 2961 4000 fuissent,
3017 3926 3481 3989 intellexissent
3533 3943 3662 3989 non
3716 3926 3908 4008 quasi

2401 4043 2514 4107 per
2553 4025 3023 4100 certitudinem,
3058 4027 3166 4088 sed
3207 4025 3520 4088 cautelam
3557 4032 3620 4087 et
3653 4024 3904 4088 advisa-

2400 4124 2657 4186 tionem.
2691 4124 2806 4186 Per
2836 4124 3003 4206 quod
3036 4124 3304 4187 solvitur
3333 4123 3503 4186 istud
3533 4123 3896 4204 objectum:

2399 4438 2464 4482 se
2526 4439 2720 4502 super
2776 4421 3028 4502 iniquos
3087 4415 3445 4483 dominium
3496 4420 3894 4496 habiturum,

2397 4538 2526 4582 non
2555 4527 2767 4581 tamen
2797 4519 3087 4601 sequitur
3116 4521 3284 4602 quod
3317 4539 3533 4582 casum
3565 4539 3752 4583 suum
3781 4541 3900 4584 seu

2398 4617 2654 4699 culpam
2698 4618 3065 4699 praescierit.
3101 4619 3264 4680 Dum
3309 4619 3480 4681 enim
3518 4619 3596 4681 ad
3634 4618 3898 4701 aliquod

2398 4733 2794 4796 consequens
2825 4735 2939 4798 per
2969 4715 3218 4778 diversa
3247 4717 3456 4779 media
3485 4717 3895 4799 pertingitur,

2395 4822 2603 4897 potest
2634 4831 3028 4896 consequens
3067 4815 3215 4877 sciri
3249 4816 3386 4878 sine
3425 4815 3547 4878 hoc
3583 4817 3755 4898 quod
3781 4835 3896 4880 an-

2395 4914 2691 4975 tecedens
2722 4913 3137 4976 determinate
3171 4914 3408 4976 sciatur
3441 4932 3454 4976 :
3487 4917 3900 4996 quemadmo-

2396 5011 2548 5074 dum
2578 5012 2808 5093 Joseph
2849 5012 3142 5093 praevidit
3173 5013 3530 5075 dominium
3569 5032 3760 5077 suum
3789 5035 3895 5078 su·
3923 5041 4286 5109 Gemxxxm,

2394 5129 2511 5193 per
2539 5109 2786 5184 fratreS,
2815 5129 2941 5173 non
2975 5119 3186 5173 tamen
3216 5111 3650 5176 venditionem
3681 5133 3890 5190 suam,
3923 5108 3982 5159 ⁷·
4011 5113 4066 5156 ⁹·

2394 5215 2458 5270 et
2517 5209 2642 5270 alia
2701 5227 2779 5271 ex
2839 5209 3076 5291 quibus
3138 5219 3517 5272 consecutus
3577 5219 3676 5274 est
3732 5212 3895 5276 illud

2400 5307 2778 5370 dominium.
2813 5309 2904 5370 lta
2943 5310 3020 5371 de
3060 5307 3344 5372 daemone
3387 5317 3484 5372 est
3521 5309 3892 5392 dicendum,
