4334 6242
858 463 983 530 202

1542 487 1604 533 m
1644 487 1865 533 unnim
1910 487 1951 532 11
1993 486 2476 532 SENTENTtAmm.
2522 505 2602 514 —
2643 487 2796 533 ms‘r.
2843 484 2949 548 1113
2993 487 3215 542 QUAEST.
3263 487 3284 533 1

944 656 1116 720 Hanc
1146 665 1358 721 autem
1390 659 1804 741 quaestionem
1834 676 1961 722 non
1992 658 2200 740 reperi
2232 675 2360 720 mo·
2389 657 2438 720 A
2471 657 2632 720 nihil
2663 665 2778 733 est,
2811 665 2873 720 et
2911 659 3150 722 distans
3187 667 3376 740 atque
3415 658 3725 722 deficiens
3763 677 3802 722 a
3831 658 3964 742 ple-

865 762 995 817 tam
1045 755 1110 818 in
1160 757 1364 820 Scoto.
1406 758 1625 820 Postea
1670 765 1880 820 tamen
1930 756 2172 839 patebit
2217 757 2356 836 ejus

867 852 1153 917 intentio.

942 953 1161 1015 Verior
1194 954 1475 1028 demum,
1510 955 1919 1036 probabilior,
1954 954 2269 1027 subtilior,
2293 962 2356 1015 et

860 1050 1293 1132 Peripateticis
1334 1053 1533 1134 magis
1576 1053 1921 1116 conformis
1961 1053 2212 1115 videtur
2247 1071 2354 1134 po-

861 1150 1027 1224 sitio,
1062 1151 1229 1231 quod
1263 1149 1327 1212 in
1368 1152 1609 1231 angelis
1649 1170 1776 1214 non
1808 1152 1888 1212 sit
1918 1169 2066 1214 vera
2104 1169 2216 1213 seu
2249 1168 2356 1212 no-

860 1248 1054 1310 minis
1102 1249 1236 1310 veri
1298 1249 1581 1322 materia,
1632 1258 1695 1312 et
1742 1251 1911 1331 quod
1962 1268 2087 1312 non
2146 1250 2230 1310 sit
2288 1249 2351 1311 in

857 1347 1073 1428 aliquo
1113 1346 1464 1429 spiritualis
1508 1347 1789 1410 materia.

938 1543 1032 1606 Ad
1078 1543 1358 1625 primum
1401 1560 1551 1624 ergo
1594 1543 1657 1606 in
1702 1543 2067 1625 oppositum
2116 1551 2214 1606 est
2260 1543 2352 1604 di-

862 1641 1157 1716 cendum,
1193 1642 1360 1723 quod
1403 1642 1731 1704 actualitas
1770 1642 2140 1704 substantiae
2179 1661 2356 1723 sepa-

861 1748 1009 1802 ratae
1047 1739 1423 1821 quandoque
1456 1748 1716 1801 vocatur
1744 1740 1987 1802 actuale
2028 1758 2165 1802 esse
2207 1739 2354 1821 ipsi-

2469 757 2758 819 nitudine
2805 757 3075 820 infinitae
3121 759 3500 821 actualitatis
3551 759 3742 840 primi
3794 760 3966 841 prin·

2469 855 2644 937 cipii,
2674 855 3038 938 jugiterque
3077 856 3442 938 dependens
3479 857 3560 919 ab
3597 857 3737 939 ipso
3774 865 3837 920 et
3868 859 3966 919 in-

2466 954 2687 1034 digens
2719 955 3195 1018 conservatione
3227 956 3442 1038 ipsius,
3457 956 3682 1018 multas
3713 974 3968 1038 quoque

2467 1051 2822 1114 bonitatum
2853 1072 2926 1114 ac
2961 1054 3276 1116 luminum
3311 1053 3680 1117 influentias
3710 1055 3790 1117 ab
3823 1056 3968 1137 ipso

2468 1151 2741 1212 mediate
2779 1160 2888 1213 aut.
2927 1152 3292 1213 immediate
3333 1153 3668 1233 recipienS,
3705 1152 3824 1215 rite
3859 1171 3970 1216 vo-

2467 1256 2644 1310 catur
2693 1249 3014 1329 potentia3
3065 1257 3128 1311 et
3174 1249 3309 1312 haec
3359 1250 3496 1331 ipsa
3541 1250 3838 1325 essentia,
3893 1260 3969 1312 ut

2465 1346 2660 1429 primi
2701 1366 2776 1409 ac
2820 1347 2963 1428 puri
3005 1355 3208 1422 actus,
3243 1347 3350 1429 qui
3397 1349 3561 1410 Deus
3603 1356 3721 1422 est,
3753 1348 3969 1430 perfe-

2467 1445 2740 1507 ctionem
2794 1445 3202 1528 participanS,
3251 1465 3324 1509 ac
3375 1447 3650 1510 Creatori
3703 1447 3970 1528 propin-

2465 1562 2666 1624 quans
2717 1561 2790 1604 ac
2839 1543 3092 1618 similis,
3141 1543 3411 1626 ejusque
3468 1545 3652 1607 donis
3704 1545 3966 1619 referta,

2465 1649 2634 1703 recte
2692 1649 2955 1704 vocatur
3010 1649 3209 1704 actus.
3261 1643 3548 1705 Potentia
3603 1644 3796 1705 etiam
3855 1663 3972 1726 ap-

2465 1739 2756 1821 pellatur,
2808 1748 3118 1821 quantum
3165 1741 3244 1802 ad
3295 1761 3476 1803 suam
3527 1743 3832 1804 rationem
3887 1762 3970 1806 ac

861 1858 955 1912 us,
979 1837 1148 1920 quod
1178 1838 1530 1900 secundum
1562 1838 1867 1920 quosdam
1900 1845 2227 1920 receptum
2257 1845 2354 1900 est
2391 1837 2438 1900 B
2466 1837 2921 1919 perfectionem
2972 1857 3402 1912 communem,
3445 1859 3572 1921 qua
3619 1859 3766 1902 cum
3815 1841 3970 1903 aliis

858 1944 917 1998 et
968 1936 1311 1998 limitatum
1362 1935 1426 1997 in
1479 1935 1619 2016 ejus
1668 1937 1962 2008 essentia,
2014 1937 2180 1998 sicut
2229 1957 2352 2015 quo

856 2044 949 2094 est
982 2034 1045 2096 in
1087 2038 1261 2114 quod
1297 2045 1407 2095 est.
1442 2035 1663 2096 Melius
1698 2052 1849 2097 vero
1890 2034 2350 2115 respondend0‚

856 2133 1198 2196 dicendum
1229 2133 1397 2214 quod
1437 2133 1767 2196 actualitas
1796 2133 2005 2214 angeli
2044 2140 2141 2194 est
2170 2133 2352 2213 quid-

855 2231 1019 2293 ditas
1050 2231 1191 2311 ejus
1220 2230 1427 2313 quoad
1459 2231 1914 2312 perfectionem
1946 2249 2123 2292 suam
2156 2231 2357 2311 speci-

856 2329 1071 2404 ficam,
1104 2329 1530 2405 essentialem,
1575 2329 1987 2392 intrinsecam
2032 2337 2094 2390 et
2136 2347 2354 2410 supre-

858 2446 1064 2507 mam3
1098 2436 1157 2490 et
1197 2429 1332 2492 haec
1373 2429 1438 2491 in
1477 2449 1545 2492 se
1585 2428 1721 2510 ipsa
1757 2436 1853 2490 est
1884 2446 1997 2509 per
2028 2427 2350 2509 propriam

855 2526 1285 2590 differentiam
1333 2526 1601 2589 limitata
1640 2534 1829 2608 atque
1877 2526 2083 2600 finita,
2118 2526 2183 2587 id
2232 2534 2348 2599 est,

856 2625 921 2687 in
964 2633 1135 2687 certo
1173 2625 1717 2706 determinatoque
1755 2625 1951 2705 gradu
1991 2624 2352 2687 intrinsecae

858 2723 1265 2805 perfectionis
1298 2724 1499 2786 locata
1527 2730 1591 2785 et
1629 2723 1970 2785 constituta
2004 2741 2018 2784 z
2053 2722 2204 2804 quia
2233 2721 2351 2784 dif-

854 2821 1125 2883 ferentia
1182 2819 1272 2883 rei
1336 2821 1691 2883 ultimatam
1750 2821 1891 2901 ejus
1947 2819 2348 2883 essentialem

858 2918 1315 3000 perfectionem
1355 2919 1664 3000 designat,
1700 2937 1817 2981 nec
1856 2937 2017 3000 opus
2057 2926 2153 2980 est
2185 2925 2253 2979 ut
2284 2918 2350 2980 in

2467 1936 2684 1998 multis
2733 1936 3184 2010 communicat,
3236 1956 3273 1998 a
3321 1957 3446 2019 qua
3497 1938 3772 2000 sumitur
3817 1938 3971 2019 ejus

2461 2053 2684 2115 genuS,
2728 2035 3044 2106 videlicet,
3089 2043 3276 2116 prout
3323 2043 3419 2097 est
3467 2035 3822 2099 substantia
3871 2037 3972 2098 in-

2461 2132 2860 2194 tellectualis.
2896 2133 3016 2194 Sed
3047 2133 3279 2194 dicitur
3307 2141 3506 2208 actus,
3540 2142 3850 2216 quantum
3881 2137 3968 2198 ad

2464 2251 2642 2294 suam
2677 2230 3133 2312 perfectionem
3165 2232 3592 2306 essentialem,
3615 2233 3970 2314 specialem

2463 2339 2526 2393 et
2577 2331 2955 2404 ultimatam,
3006 2350 3042 2393 a
3095 2349 3222 2412 qua
3271 2331 3549 2394 sumitur
3595 2330 3972 2395 differentia

2463 2429 2626 2508 eJuS,
2661 2448 2802 2510 quae
2833 2428 2984 2490 latet
3013 2447 3148 2503 noS‚
3179 2428 3360 2510 juxta
3400 2429 3557 2491 illud
3587 2431 3970 2492 Damasceni

2465 2527 2629 2589 libro
2659 2528 2959 2602 secundo,
2994 2527 3274 2609 capitulo
3311 2527 3498 2590 tertio
3531 2545 3545 2590 ε
3581 2527 3774 2609 Cujus
3813 2529 3976 2591 sub-

2461 2625 2708 2688 stantiae
2751 2625 3031 2706 speciem
3075 2625 3604 2706 specialissimam
3645 2633 3708 2688 et
3749 2627 3976 2688 termi-

2463 2742 2618 2785 num
2661 2723 2832 2784 solus
2877 2723 2987 2804 qui
3035 2729 3278 2785 creator
3315 2731 3433 2797 est,
3468 2724 3689 2786 noscit.
3723 2759 3803 2768 —
3831 2724 3968 2786 Alii

2462 2820 2704 2894 dicunt,
2751 2821 2919 2901 quod
2966 2820 3031 2882 in
3073 2820 3300 2900 angelo
3339 2828 3518 2882 actus
3561 2829 3626 2882 et
3667 2838 3794 2902 quo
3835 2831 3967 2897 est,

2461 2917 2544 2979 sit
2591 2937 2730 2980 esse
2779 2937 2889 2980 seu
2939 2918 3204 2980 actualis
3254 2917 3623 2981 exsistentia
3669 2919 3830 2999 ejuS.
3867 2919 3972 2982 Ex

852 3016 1069 3097 aliquo
1110 3017 1419 3079 materiali
1458 3017 1845 3098 suscipiente
1882 3035 1956 3078 ac
1998 3023 2352 3078 sustentan-
2389 3021 2431 3084 C
2463 3035 2589 3098 quo
2621 3025 3012 3098 sequeretur,
3045 3019 3214 3100 quod
3245 3018 3452 3098 angeli
3495 3019 3560 3079 in
3592 3037 3706 3081 sua
3735 3027 3974 3082 natura

853 3123 915 3178 te
966 3115 1328 3197 recipiatur.
1363 3151 1444 3160 —-
1482 3115 1602 3178 Sed
1653 3114 1850 3196 objici
1900 3121 2127 3196 potest,
2181 3115 2347 3196 quod

854 3213 913 3277 S.
949 3214 1218 3276 Thomas
1259 3214 1326 3276 in
1371 3221 1637 3275 tractatu
1678 3232 1793 3276 suo
1836 3214 1915 3275 de
1957 3213 2109 3276 Esse
2149 3220 2212 3274 et
2259 3232 2352 3275 es-

854 3313 1057 3374 sentia
1088 3312 1311 3374 scribit
1346 3331 1359 3373 :
1394 3312 1833 3393 Intelligentiae
1872 3312 2167 3393 superius
2202 3320 2351 3374 sunt

856 3410 1078 3485 finitae,
1114 3409 1380 3473 inferius
1414 3409 1702 3473 infinitae.
1739 3410 1959 3473 Finitae
1996 3418 2143 3472 sunt
2175 3411 2349 3472 enim

856 3517 1166 3592 quantum
1208 3510 1287 3571 ad
1332 3527 1471 3572 esse
1510 3528 1721 3582 suum,
1754 3510 1922 3590 quod
1962 3528 1998 3571 a
2036 3509 2350 3590 superiori

858 3608 1213 3690 recipiunt3
1254 3626 1380 3670 non
1432 3614 1641 3669 tamen
1689 3607 2007 3669 finiuntur
2056 3607 2346 3680 inferiuS,

856 3707 1010 3789 quia
1048 3725 1265 3769 earum
1306 3707 1527 3769 formae
1571 3723 1697 3768 non
1739 3706 2094 3768 limitantur
2130 3707 2207 3768 ad
2251 3725 2349 3768 ca-

857 3805 1193 3888 pacitatem
1224 3805 1497 3885 alicujus
1530 3804 1808 3866 materiae
1840 3804 2226 3886 recipientis.
2255 3805 2348 3866 Ad

854 3905 1021 3987 quod
1056 3903 1491 3985 respondetur,
1524 3902 1692 3984 quod
1727 3903 1947 3983 utique
1977 3921 2198 3964 earum
2229 3902 2351 3964 for-

854 4023 973 4066 mae
1002 4009 1191 4084 atque
1220 4001 1513 4064 essentiae
1545 4001 1827 4064 limitatae
1857 4008 2089 4063 suntet
2121 3999 2346 4074 finitae,

851 4101 1145 4183 quamvis
1204 4118 1331 4162 non
1381 4099 1445 4161 in
1503 4099 1720 4181 aliquo
1778 4099 2146 4180 recipiente,
2201 4099 2352 4181 quia

2462 3124 2523 3176 et
2553 3116 2787 3196 specie,
2823 3116 3071 3178 secluso
3101 3133 3176 3178 eo
3207 3117 3374 3197 quod
3411 3117 3668 3178 advenit
3702 3117 3820 3199 ipsi
3853 3137 3974 3179 na-

2461 3221 2638 3288 turae,
2691 3231 2816 3276 non
2871 3213 3172 3276 haberent
3230 3222 3442 3276 actum
3491 3222 3683 3297 atque
3741 3224 3974 3297 poten-

2462 3312 2614 3373 tiam
2650 3329 2664 3373 :
2701 3312 2829 3374 imo
2869 3313 3222 3374 secundum
3251 3331 3391 3374 esse
3425 3332 3614 3375 suum
3646 3314 3974 3396 quiddita-

2460 3408 2664 3470 tivum
2715 3417 2778 3470 et
2831 3409 3153 3490 propriam
3215 3409 3544 3485 rationem,
3595 3419 3806 3474 essent
3855 3413 3968 3474 vel

2463 3527 2660 3588 purus
2690 3515 2888 3582 actuS,
2922 3507 3022 3569 vel
3056 3527 3214 3589 pura
3243 3509 3525 3589 potentia
3558 3526 3572 3571 ε
3606 3509 3773 3590 quod
3809 3529 3970 3572 cen-

2459 3613 2634 3668 setur
2671 3623 3027 3668 erroneum.

2539 3704 2632 3765 Ad
2693 3703 2950 3766 tertium
3011 3706 3348 3786 respondet
3404 3707 3732 3780 AverroeS,
3782 3710 3972 3789 quod

2461 3802 2879 3884 proprietates
2920 3802 3202 3868 materiae
3239 3803 3654 3866 inveniuntur
3683 3805 3976 3887 aequivo—

2460 3919 2531 3963 ce
2572 3901 2638 3963 in
2679 3901 3000 3982 corporeis
3037 3909 3102 3963 et
3141 3901 3530 3983 incorporeis
3569 3902 3777 3966 rebus.
3811 3905 3974 3966 For—

2462 4019 2580 4062 mae
2617 4007 2831 4060 autem
2863 4006 3088 4062 creatae
3117 4018 3192 4062 eo
3225 4000 3363 4081 ipso
3394 4001 3560 4082 quod
3595 4009 3800 4063 ereata
3831 4011 3967 4078 est,

2459 4105 2820 4179 competere
2869 4106 3113 4179 queunt
3163 4099 3578 4180 proprietates
3631 4100 3764 4163 istae
3809 4120 3974 4182 quae

854 4199 1167 4262 limitibus
1198 4217 1329 4261 suae
1366 4198 1721 4260 essentialis
1762 4197 2172 4279 perfectionis
2201 4204 2350 4259 sunt
2379 4203 2427 4264 D
2459 4203 2627 4269 sunt,
2681 4196 2984 4277 recipere,
3031 4196 3342 4270 substare,
3389 4199 3638 4279 perfici,
3687 4200 3968 4275 moveri,

852 4297 1226 4369 terminatae,
1276 4305 1339 4357 et
1392 4294 2010 4357 circumscribuntur
2060 4295 2350 4357 terminis

856 4415 985 4458 suae
1026 4393 1456 4476 perfectioniS,
1490 4395 1617 4456 Deo
1658 4401 1937 4455 creatore
1973 4411 2079 4455 eos
2120 4394 2206 4454 ita
2249 4394 2351 4454 dc.-

856 4492 1260 4565 terminante,
1294 4491 1478 4571 cujus
1522 4491 1718 4554 solius
1762 4510 1899 4553 esse
1940 4499 2037 4553 est
2081 4491 2350 4554 indeter-

602 4621 831 4664 Ἥρῃ-ως-
860 4591 1208 4653 minatum*
1246 4597 1435 4671 atque
1478 4588 2125 4671 incircumscriptum,
2164 4599 2352 4671 prout

562 4687 709 4726 natum

859 4689 1022 4752 libro
1070 4687 1349 4750 secundo
1394 4687 1674 4769 loquitur
1716 4688 2158 4749 Damascenus.
2194 4687 2352 4750 Tho-

860 4808 993 4852 mas
1030 4795 1244 4850 autem
1288 4786 1571 4868 loquitur
1608 4787 1960 4848 secundum
2001 4806 2182 4849 suam
2222 4786 2354 4868 opi-

856 4888 1115 4950 nionem
1146 4905 1272 4967 qua
1310 4885 1477 4947 inter
1513 4903 1652 4948 esse
1692 4893 1754 4946 et
1793 4885 2133 4947 essentiam
2175 4885 2355 4966 ponit

857 4987 923 5050 in
966 4985 1209 5066 angelis
1250 4983 1727 5047 distinctionem
1772 4982 2025 5046 realem.

934 5084 1027 5146 Ad
1068 5082 1445 5154 secundum,
1479 5081 1647 5163 quod
1690 5081 1753 5142 in
1792 5081 2034 5162 angelis
2076 5088 2225 5142 sunt
2254 5100 2355 5142 ac-

858 5190 957 5244 tus
1006 5188 1069 5244 et
1120 5180 1423 5263 potentia,
1476 5197 1601 5242 non
1653 5178 1905 5241 realiter
1948 5178 2029 5242 ab
2080 5179 2356 5242 invicem

859 5279 1230 5352 differentes
1256 5297 1270 5341 :
1296 5278 1449 5360 quia
1478 5277 1616 5359 ipsa
1644 5277 1939 5351 essentia,
1964 5287 2152 5358 prout
2183 5297 2260 5341 ex
2291 5297 2358 5341 se

2459 4313 2535 4356 eo
2587 4295 2773 4357 modo
2823 4313 2948 4376 quo
2996 4295 3236 4375 angelis
3283 4296 3754 4370 adscribuntur,
3787 4298 3972 4361 sicut

2458 4401 2782 4455 ostensum
2816 4400 2929 4454 est.
2963 4429 3044 4437 —
3070 4393 3164 4456 Ad
3194 4402 3514 4475 quartum,
3547 4396 3714 4477 quod
3745 4405 3974 4460 aucto-

2461 4490 2613 4553 ritas
2661 4489 2860 4554 Boetii
2909 4491 3320 4573 intelligenda
3369 4501 3466 4554 est
3509 4495 3573 4555 in
3617 4513 3848 4574 genere
3895 4506 3973 4558 et

2461 4589 2684 4652 ordine
2714 4598 2886 4652 certo
2920 4608 2934 4652 :
2968 4590 3120 4671 quia
3161 4591 3226 4652 in
3257 4590 3631 4654 substantiis
3671 4594 3978 4657 materia-

2463 4687 2630 4749 libus
2669 4705 2892 4749 verum
2931 4696 3028 4749 est
3065 4689 3233 4768 quod
3279 4696 3560 4752 extrema
3599 4709 3676 4752 ex
3721 4691 3978 4771 quibus

2463 4794 2754 4848 constant
2808 4793 2872 4847 et
2935 4795 3428 4869 componuntur,
3490 4805 3614 4851 non
3679 4797 3824 4851 sunt
3897 4791 3976 4854 in

2465 4884 2958 4966 praedicamento
3011 4885 3290 4966 proprie,
3343 4886 3453 4948 sed
3506 4886 3716 4968 potius
3773 4889 3982 4952 redu-

2465 4982 2654 5056 ctive,
2706 4989 3009 5063 tanquam
3069 4990 3278 5064 partes
3327 4991 3391 5046 et
3439 4983 3757 5065 principia
3809 4986 3980 5048 sub—

2466 5081 2712 5144 stantiae
2770 5080 3160 5162 compositae,
3210 5100 3352 5163 quae
3409 5101 3523 5164 per
3571 5101 3638 5144 se
3687 5082 3974 5148 exsistit-

2468 5179 2853 5242 Substantiis
2893 5198 3043 5243 vero
3084 5179 3389 5261 separatis
3434 5180 3636 5244 multo
3677 5181 3982 5246 eminen-

2469 5278 2596 5340 tius
2628 5278 3114 5352 convenitratio
3143 5277 3690 5360 substantiae-,quae
3719 5287 3815 5341 est
3845 5299 3982 5364 per·

4035 4323 4294 4377 (Ἰζρλῖδῡ

4011 4390 4066 4427 et.
4089 4399 4130 4428 a.
