4334 6242
155 2842 363 2896 Nauna,

151 3433 197 3477 lle
207 3435 362 3480 eolat.

135 3499 217 3543 llice.
236 3514 269 3542 e.
291 3515 317 3544 ι.

678 487 764 535 ΑΝ
805 489 1030 536 ΑΝΕΕῙᾸ
1071 489 1360 536 ΗΑΒΒΑΝΤ
1399 487 1674 536 GORPORA
1717 485 2140 535 Numanum
2182 487 2257 532 m·
2299 487 2839 535 INSEPARABILITER
2882 487 3001 535 SIBI
3040 489 3225 558 UNJTA

3389 467 3509 533 445

401 666 609 721 torum
645 676 659 720 :
699 660 810 722 sed
850 668 1159 742 quantum
1197 661 1276 723 ad
1317 668 1562 726 motum
1604 660 1894 734 localem,
1927 659 1978 722 A
2005 678 2229 740 guram
2278 667 2514 742 queant
2559 660 2843 743 recipere
2894 667 3347 740 congruentem
3396 678 3505 721 an-

400 775 512 838 per
541 776 736 839 quem
768 758 944 820 nulla
981 759 1187 822 forma
1217 759 1476 841 ponitur
1507 758 1575 820 in
1605 777 1673 820 re
1704 765 1894 832 mota,

398 855 614 917 obedit
660 874 892 939 corpus
937 857 1159 919 virtuti
1203 857 1562 940 spirituali3
1604 864 1668 918 et
1710 863 1900 937 prout

397 953 600 1014 virtus
655 954 1007 1036 spiritualis
1060 963 1276 1017 movet
1328 973 1582 1036 corpus,
1637 953 1900 1034 conjun-

396 1051 565 1131 gitur
604 1052 665 1114 ei
707 1059 776 1114 ut
817 1060 1024 1115 motor
1063 1053 1306 1116 mobili.
1342 1053 1676 1134 Quumque
1715 1069 1900 1132 ange-

398 1148 496 1211 lus
537 1147 772 1213 format
818 1169 1049 1233 corpus
1094 1151 1215 1214 hoc
1260 1150 1469 1213 taliter
1503 1150 1674 1232 quod
1717 1149 1782 1211 in
1823 1167 1900 1212 eo

396 1257 743 1330 appareant
781 1249 1202 1332 proprietates
1237 1248 1524 1312 visibiles
1563 1247 1696 1310 suis
1738 1247 1897 1310 invi-

396 1345 696 1408 sibilibus
727 1348 1227 1428 proprietatibus
1267 1353 1712 1427 congruenteS,
1745 1354 1898 1408 tunc

395 1443 634 1505 dicitur
675 1462 907 1527 corpus
950 1445 1109 1508 illud
1151 1464 1494 1508 assumere.

472 1543 782 1605 Praeterea
809 1543 864 1605 si
896 1551 1237 1625 quaeratur,
1263 1563 1344 1607 an
1373 1542 1636 1624 angelus
1667 1561 1897 1624 corpus

393 1649 677 1705 assumat
734 1642 1086 1704 secundum
1135 1641 1468 1705 veritatem
1530 1649 1770 1706 naturae
1830 1641 1895 1704 in

393 1759 521 1820 qua
549 1740 837 1818 videtur3
871 1740 1237 1815 dicendum,
1261 1741 1430 1821 quod
1460 1740 1730 1822 qualitas
1761 1758 1897 1802 cor-

2006 759 2148 838 gelo
2190 759 2545 840 apparenti,
2578 767 2828 841 oportet
2866 760 3033 842 quod
3073 766 3381 841 quantum
3426 758 3504 820 ad

2008 858 2354 919 terminum
2415 858 2871 940 assumptionis
2934 876 3041 920 aer
3103 857 3503 938 inspissetur,

2007 954 2229 1037 sicque
2268 956 2347 1018 ad
2388 956 2805 1038 proprietates
2844 965 3029 1034 terrae
3068 955 3347 1027 accedat,
3380 972 3509 1016 ser-

2007 1060 2151 1114 vata
2190 1053 2355 1116 aeris
2386 1053 2652 1116 veritate
2688 1071 2703 1115 :
2736 1055 2905 1136 quod
2944 1071 3129 1135 agere
3163 1052 3372 1133 angeli
3405 1071 3510 1114 va-

2009 1149 2140 1212 lent
2180 1159 2306 1213 tam
2349 1171 2464 1234 per
2503 1158 2749 1214 motum
2789 1152 3053 1216 localem
3094 1158 3307 1234 partes
3345 1150 3511 1212 aeris

2009 1249 2469 1330 congregando,
2495 1269 2688 1331 quam
2720 1268 2834 1332 per
2863 1250 3109 1313 semina
3140 1249 3205 1312 in
3239 1248 3512 1312 elemen-

2007 1346 2090 1408 tis
2139 1365 2445 1429 respersa.
2488 1383 2572 1393 —
2610 1348 2755 1412 Haec
2802 1347 3072 1411 Thomas
3121 1347 3185 1410 in
3235 1348 3503 1430 Scripto.

2087 1445 2278 1508 Porro
2319 1445 2380 1508 in
2424 1446 2635 1528 prima
2672 1455 2848 1529 parte
2883 1448 3181 1521 Summae,
3215 1446 3509 1528 quaestio-

2007 1561 2088 1604 ne
2137 1542 2668 1625 quinquagesima
2716 1545 2943 1626 prima,
2996 1544 3221 1607 scribit
3267 1561 3282 1606 ε
3329 1544 3505 1618 Quod

2005 1641 2240 1703 accidit
2282 1649 2521 1704 naturae
2565 1642 2781 1717 alicui,
2816 1661 2943 1705 non
2994 1643 3321 1706 invenitur
3370 1642 3507 1705 uni-

2007 1739 2339 1802 versaliter
2378 1739 2443 1801 in
2485 1740 2593 1802 illa
2637 1749 2861 1804 natura
2894 1759 2909 1805 :
2944 1750 3015 1804 ut
3054 1760 3193 1805 esse
3240 1741 3503 1818 alatum,

395 1839 568 1920 poris
599 1839 910 1921 assumpti
942 1839 1022 1902 ab
1052 1839 1278 1920 angelo
1319 1839 1660 1921 dupliciter
1689 1846 1898 1922 potest
1933 1839 1980 1900 Β
2009 1856 2209 1919 quum
2270 1854 2398 1901 non
2457 1839 2539 1902 sit
2596 1839 2673 1902 de
2720 1839 2961 1904 ratione
3009 1840 3327 1916 animaliS,
3378 1861 3508 1906 non

395 1938 635 2020 inquiri
671 1955 686 2000 ε
719 1938 951 2020 primo,
985 1945 1294 2020 quantum
1325 1938 1404 2000 ad
1435 1937 1766 2000 veritatem
1797 1956 1900 2000 na-

393 2046 554 2100 turae
599 2056 790 2119 quam
845 2035 1072 2116 habet;
1117 2037 1419 2111 secundo,
1469 2045 1778 2120 quantum
1817 2039 1895 2100 ad

396 2144 690 2199 naturam
731 2155 844 2198 seu
885 2135 1218 2198 materiam
1259 2137 1336 2198 de
1375 2155 1500 2218 qua
1540 2154 1771 2218 corpus
1804 2155 1898 2199 as-

395 2233 694 2297 sumitur.
729 2234 944 2307 Quoad
993 2233 1274 2316 primum
1325 2234 1690 2308 dicendum,
1726 2233 1895 2316 quod

395 2351 628 2415 corpus
673 2332 833 2394 illud
875 2350 1002 2395 non
1047 2331 1238 2394 habet
1280 2331 1611 2394 veritatem
1657 2339 1898 2396 naturae

395 2451 536 2513 quae
577 2431 953 2493 ostenditur.
990 2431 1166 2493 Unde
1205 2430 1322 2493 etsi
1356 2430 1676 2492 interdum
1710 2449 1898 2511 ange·

397 2529 492 2592 lus
526 2535 779 2592 moveat
809 2546 1039 2611 corpus
1069 2529 1205 2591 veri
1235 2528 1550 2602 animalis,
1581 2547 1710 2592 non
1743 2528 1896 2591 dici-

391 2637 498 2690 tur
525 2626 786 2710 proprie
828 2627 987 2690 illud
1025 2646 1349 2690 assumere
1384 2644 1399 2688 :
1431 2627 1598 2690 sicut
1635 2646 1754 2690 nec
1793 2647 1900 2690 an-

389 2727 571 2808 gelus
615 2727 854 2788 dicitur
899 2725 1322 2808 assumpsisse
1372 2725 1653 2807 linguam
1703 2725 1897 2789 asinae

393 2843 506 2906 per
555 2843 750 2907 quam
799 2824 1114 2887 allocutus
1161 2831 1256 2886 est
1305 2823 1577 2897 Balaam,
1611 2841 1730 2886 nec
1774 2824 1898 2886 dae-

393 2941 544 2986 mon
587 2941 819 3005 corpus
863 2923 1032 3005 quod
1072 2929 1260 2984 vexat
1300 2929 1365 2983 et
1411 2920 1662 2984 obsidet
1694 2939 1708 2984 ε
1743 2939 1895 3003 quo-

2009 1936 2307 1998 eonvenit
2346 1936 2611 1999 cuilibet
2647 1937 2927 2000 animali.
2961 1938 3297 2021 Quumque
3328 1939 3510 2003 intel-

2007 2032 2205 2115 ligere
2244 2051 2371 2097 non
2411 2033 2493 2096 sit
2534 2042 2713 2098 actus
2756 2036 3062 2118 corporiS,
3095 2056 3215 2100 nec
3252 2037 3509 2100 virtutis

2007 2149 2347 2214 corporeae,
2380 2133 2615 2196 habere
2654 2152 2885 2216 corpus
2924 2134 3048 2196 sibi
3091 2136 3341 2199 unitum
3380 2154 3510 2198 non

2005 2238 2102 2292 est
2132 2232 2211 2294 de
2240 2232 2480 2295 ratione
2515 2232 2963 2295 intellectualis
2992 2232 3509 2308 substantiae,sed

2005 2329 2241 2392 accidit
2277 2331 2336 2393 ei
2374 2349 2452 2393 ex
2492 2351 2607 2394 sua
2647 2331 3153 2414 imperfectione,
3188 2352 3313 2415 qua
3348 2333 3513 2396 indi-

2006 2435 2110 2508 get
2140 2429 2472 2491 scientiam
2510 2430 2777 2512 adipisci
2814 2430 3169 2494 ministerio
3200 2433 3503 2514 corporis,

2005 2526 2262 2607 Angelis
2292 2545 2442 2608 ergo
2481 2528 2549 2590 in
2579 2537 2806 2591 natura
2845 2529 3258 2592 intellectuali
3301 2529 3507 2613 perfe-

2007 2624 2147 2699 ctiS,
2181 2633 2245 2688 et
2282 2625 2519 2707 quibus
2547 2635 2645 2689 est
2684 2627 2951 2691 scientia
2991 2636 3345 2704 concreata,
3378 2648 3507 2693 non

2007 2723 2307 2786 convenit
2350 2741 2580 2807 corpus
2622 2715 2875 2788 habere.

2084 2821 2206 2884 Sed
2254 2820 2452 2902 objici
2497 2831 2723 2905 potest,
2758 2824 2910 2907 quia
2950 2824 3017 2886 in
3064 2824 3229 2887 libro
3269 2826 3507 2889 Periar-

2004 2919 2168 2981 chon
2214 2919 2441 2982 asserit
2483 2921 2780 3002 Origenes
2814 2940 2828 2985 ε
2864 2922 3073 2986 Solius
3120 2923 3230 2986 Dei
3271 2925 3365 3005 (id
3411 2933 3510 2987 est

392 3021 568 3083 niam
599 3021 1020 3103 proprietates
1053 3039 1193 3102 quae
1221 3038 1371 3083 vere
1401 3027 1550 3082 sunt
1581 3020 1645 3081 in
1677 3019 1893 3102 aliquo
1929 3023 1974 3088 C
2003 3017 2199 3080 Patris
2246 3037 2319 3080 ac
2370 3017 2510 3081 Filii
2554 3027 2617 3080 et
2658 3020 2931 3102 Spiritus
2975 3021 3217 3103 Sancti)
3266 3030 3509 3087 naturae

393 3137 682 3202 corpore,
717 3119 962 3181 ducunt
991 3119 1056 3181 in
1089 3117 1515 3199 cognitionem
1550 3118 1894 3200 principio-

389 3238 537 3280 rum
568 3215 869 3298 subjecti,
901 3225 966 3278 et
1004 3234 1132 3279 non
1171 3224 1315 3278 actu
1358 3216 1424 3278 in
1462 3217 1892 3297 cognitionem

389 3316 743 3399 spiritualis
791 3314 1195 3394 substantiae3
1228 3334 1369 3396 quae
1406 3314 1625 3377 ductio
1665 3323 1762 3376 est
1804 3323 1893 3377 to-

389 3423 493 3476 tus
533 3413 690 3476 sinis
737 3411 1138 3476 formationis
1187 3411 1532 3486 sensibiliS,
1576 3419 1646 3474 ut
1685 3413 1744 3475 S.
1791 3413 1892 3475 Di-

389 3511 656 3595 onysius
707 3512 910 3574 docet.
969 3509 1129 3572 Hinc
1183 3517 1494 3591 quantum
1547 3511 1626 3572 ad
1687 3509 1890 3573 finem

387 3609 832 3693 apparitionis,
884 3616 1132 3691 oportet
1179 3608 1348 3689 quod
1395 3608 1526 3670 sint
1573 3608 1698 3672 illae
1747 3628 1890 3690 pro-

389 3707 692 3790 prietates
723 3706 1077 3768 secundum
1108 3703 1598 3768 similitudinem
1631 3712 1887 3779 tantum,

389 3812 706 3887 quatenus
735 3821 862 3866 non
907 3803 1299 3883 intelligatur
1329 3803 1457 3865 illis
1498 3803 1758 3866 subesse
1789 3823 1889 3866 res

387 3904 604 3986 aliqua
633 3903 758 3964 nisi
789 3902 1074 3983 angeluS,
1109 3909 1179 3964 ut
1207 3902 1386 3983 quasi
1421 3919 1652 3983 corpus
1681 3902 1888 3982 angeli

388 4021 528 4067 esse
587 4001 900 4074 videatur,
962 4000 1507 4082 proprietatesque
1565 3999 1706 4080 ejus
1763 4001 1892 4063 sint

388 4100 812 4183 proprietates
850 4098 1078 4179 angeli.
1112 4133 1194 4143 —
1222 4097 1286 4160 Si
1327 4106 1541 4159 autem
1575 4107 1892 4180 quaeratur

389 4200 467 4262 de
511 4198 815 4272 secunde,
849 4195 1149 4259 videlicet
1189 4195 1374 4277 quale
1419 4196 1502 4258 sit
1547 4215 1777 4279 corpus
1822 4197 1893 4259 il·
1921 4206 1970 4269 D
2001 4213 2233 4278 corpus

389 4298 500 4360 lud
531 4296 886 4360 secundum
923 4294 1288 4371 materiam;
1323 4294 1688 4369 dicendum,
1723 4296 1890 4377 quod

390 4394 658 4458 materia
689 4393 974 4477 corporis
1002 4393 1314 4475 assumpti
1343 4392 1423 4454 ab
1462 4393 1708 4473 angelo,
1746 4412 1892 4457 con-

389 4494 658 4558 siderari
715 4501 924 4575 potest
970 4492 1312 4574 dupliciter
1359 4508 1373 4552 ε
1423 4491 1653 4574 primo,
1699 4512 1893 4575 quan-

389 4601 529 4654 tum
559 4592 638 4653 ad
671 4589 1064 4672 principium
1095 4589 1581 4671 assumptionis;
1601 4591 1888 4665 secundo,

391 4698 704 4774 quantum
749 4690 828 4752 ad
871 4689 1220 4752 terminum
1261 4689 1421 4768 ejus,
1455 4687 1664 4751 Primo
1705 4689 1892 4752 modo

393 4789 662 4853 materia
717 4788 859 4870 ejus
907 4795 1003 4850 est
1049 4806 1177 4861 aer,
1229 4806 1429 4869 quum
1484 4787 1566 4848 sit
1617 4787 1892 4850 maxime

393 4885 900 4951 transmutabilis
945 4887 1012 4948 in
1057 4886 1504 4968 quodcumque
1540 4903 1554 4948 ε
1589 4886 1774 4966 cujus
1814 4887 1894 4948 si-

389 5006 588 5069 gnum
621 4993 738 5060 est,
773 4985 944 5067 quod
984 4983 1242 5066 quidam
1282 4983 1556 5046 nitentes
1596 5001 1826 5066 corpus
1856 5003 1893 5046 a

392 5087 679 5149 daemone
707 5091 1110 5165 assumptum
1141 5081 1428 5144 scindere
1459 5089 1567 5142 aut
1605 5082 1894 5163 perfode-

394 5203 460 5247 re
499 5184 732 5266 gladio,
767 5200 894 5245 non
938 5188 1305 5263 potuerunt,
1339 5179 1642 5262 quoniam
1683 5188 1894 5260 partes

393 5283 556 5347 aeris
587 5281 779 5345 divisi
809 5281 1022 5343 statim
1055 5279 1525 5342 continuantur.
1560 5278 1682 5341 Sed
1717 5285 1786 5339 ut
1815 5278 1892 5340 fi-

2003 3114 2068 3176 id
2100 3115 2431 3197 proprium
2463 3124 2581 3190 est,
2606 3125 2676 3178 ut
2704 3118 2842 3181 sine
2874 3119 3184 3183 materiali
3217 3119 3508 3184 substan-

2001 3214 2088 3276 tia
2117 3223 2181 3275 et
2209 3213 2451 3296 absque
2482 3214 2613 3276 ulla
2649 3232 2966 3298 corporeae
3003 3218 3381 3300 adiectionis
3412 3236 3507 3281 so-

1999 3312 2227 3374 cietate
2258 3312 2652 3394 intelligatur
2680 3314 3039 3378 subsistere.
3058 3316 3324 3379 Sanctus
3355 3334 3507 3398 quo-

2002 3428 2124 3493 que
2155 3410 2511 3472 Bernardus
2543 3410 2797 3474 homilia
2826 3421 3001 3475 sexta
3032 3432 3221 3495 super
3244 3414 3505 3477 Cantica

2000 3509 2285 3590 loquitur
2320 3525 2333 3569 :
2369 3509 2603 3570 Demus
2634 3509 2753 3571 soli
2785 3510 2912 3574 Deo
2946 3511 3502 3594 incorporeitatem

2001 3607 2168 3670 sicut
2197 3614 2261 3668 et
2290 3607 2868 3688 immortalitatem3
2902 3609 3085 3691 cujus
3116 3609 3250 3673 sola
3277 3617 3503 3672 natura

2001 3722 2120 3766 nec
2159 3712 2422 3788 propter
2462 3724 2553 3780 se,
2588 3725 2705 3768 nec
2749 3714 3009 3789 propter
3044 3708 3241 3783 aliud,
3277 3707 3502 3771 solatio

2002 3803 2243 3884 indiget
2301 3805 2707 3866 instrumenti
2762 3807 3069 3887 corporei.
3121 3805 3349 3889 Liquet
3393 3824 3501 3868 au-

2000 3908 2130 3962 tem
2188 3919 2448 3964 omnem
2502 3902 2801 3984 spiritum
2863 3911 3143 3966 creatum
3200 3923 3503 3987 corporeo

2001 3999 2287 4080 indigere
2317 3999 2559 4063 solatio.
2577 4001 2748 4063 —Et
2780 4003 3314 4084 respondendum,
3334 4005 3504 4086 quod

2000 4097 2261 4178 quidam
2324 4099 2643 4172 dixerunt,
2704 4117 2895 4162 omne
2959 4101 3127 4182 quod
3188 4109 3304 4175 est,
3364 4119 3503 4166 esse

2286 4214 2301 4258 ε
2353 4215 2433 4260 ex
2486 4216 2614 4279 qua
2667 4198 3085 4262 aestimatione
3144 4200 3501 4264 derivatum

1999 4293 2276 4369 videtur,
2324 4297 2493 4377 quod
2548 4296 2809 4378 quidam
2860 4305 3244 4379 putaverunt
3292 4300 3501 4364 nullas

2001 4391 2389 4456 substantias
2449 4394 2854 4476 incorporeas
2911 4414 3049 4459 esse
3108 4396 3233 4459 nisi
3292 4399 3501 4462 unitas

2001 4491 2399 4574 corporibuS,
2433 4492 2499 4554 in
2538 4500 2787 4556 tantum
2828 4496 2997 4576 quod
3036 4496 3297 4577 quidam
3330 4497 3502 4560 dixe·

2001 4599 2152 4652 runt
2182 4589 2383 4653 Deum
2424 4609 2563 4654 esse
2603 4593 2881 4655 animam
2922 4595 3169 4671 mundi,
3205 4604 3275 4658 ut
3308 4597 3499 4678 septi-

2003 4707 2108 4751 mo
2139 4690 2216 4751 de
2249 4690 2514 4753 Civitate
2545 4690 2657 4754 Dei
2688 4692 2911 4755 recitat
2936 4694 3347 4774 Augustinus.
3378 4695 3499 4759 Sed

2001 4788 2152 4868 quia
2201 4788 2321 4850 hoc
2362 4787 2516 4851 fidei
2559 4798 2871 4872 repugnat
2907 4791 3254 4868 catholicae,
3292 4793 3502 4875 Orige-

2000 4904 2114 4948 nes
2145 4904 2447 4950 recusans
2484 4888 2563 4950 de
2601 4890 2729 4951 Deo
2764 4888 2883 4952 hoe
2922 4891 3155 4966 dicere,
3188 4899 3497 4974 quantum

1999 4985 2078 5046 ad
2121 4984 2279 5046 alias
2319 4985 2780 5049 intellectuales
2819 4987 3205 5052 substantias
3242 5000 3499 5055 secutus

1999 5090 2095 5144 est
2122 5083 2395 5145 aliorum
2426 5102 2727 5160 errorem,
2761 5086 2928 5148 sicut
2964 5096 3028 5149 et
3059 5088 3123 5150 in
3162 5090 3305 5152 aliis
3335 5091 3499 5153 mul-

1999 5181 2083 5243 tis
2149 5182 2456 5264 deceptus
2521 5191 2637 5258 est,
2698 5186 3021 5266 sequendo
3087 5189 3496 5272 antiquorum

2001 5279 2335 5362 opiniones
2376 5281 2921 5364 philosophorum.
2953 5287 3311 5350 Auctoritas
3344 5306 3497 5352 vero

3597 1562 3680 1603 art.
3737 1591 3747 1603 .
