4334 6242
1561 508 1705 566 oum
1746 508 1839 555 srr
1879 506 2260 556 manahem
3350 487 3469 555 473

363 678 468 740 dia
497 677 564 742 in
594 678 833 742 ultima.
852 679 1122 755 -Quod
1153 679 1632 761 intelligendum
1663 686 1758 742 est
1787 680 1864 742 de
1895 679 1946 743 A
1976 679 2146 762 quod
2200 678 2451 742 nullum
2510 679 2739 742 horum
2797 679 3091 743 convenit
3150 677 3472 760 superglo-

363 777 574 860 primo
621 777 976 840 secundum
1024 778 1194 841 viam
1243 761 1689 860 generatio'niS,
1738 763 1864 842 non
1977 777 2342 842 riosissimae
2387 777 2696 840 Trinitati.
2745 814 2828 824 —
2875 778 3248 852 Dicendum,
3302 776 3472 859 quod

363 875 777 958 perfectionis
800 895 814 939 :
840 877 969 940 imo
999 877 1280 959 primum
1311 877 1663 939 secundum
1693 877 1864 940 viam
1975 875 2221 959 antiqui
2254 877 2679 939 communiter
2707 876 3131 939 distinxerunt
3158 874 3473 959 triplicem

362 974 1084 1057 perfectioniS,includit
1111 975 1486 1058 potestative
1515 975 1859 1057 sequentia.
1976 974 2420 1049 hierarchiam,
2461 983 2701 1056 utpote,
2744 973 3284 1057 supercoelestem,
3325 981 3473 1047 etc.,

361 1074 508 1137 Ideo
553 1073 772 1136 subdit
804 1073 1101 1137 Albertus
1135 1092 1150 1136 ε
1184 1074 1727 1148 Quemadmodum
1773 1091 1866 1136 se·
1975 1080 2048 1135 ut
2096 1093 2307 1156 supra.
2342 1074 2487 1137 Ideo
2532 1073 3069 1156 respondendum,
3102 1073 3273 1155 quod
3313 1071 3478 1133 hier-

364 1173 576 1235 cundo
618 1173 698 1234 de
742 1173 973 1235 Anima
1017 1173 1174 1236 dicit
1220 1173 1662 1256 PhilosophuS,
1696 1173 1864 1254 quod
1975 1171 2193 1260 archia
2247 1172 2453 1255 accipi
2482 1180 2715 1254 ,potest
2772 1172 3125 1234 secundum
3181 1170 3480 1234 essentia-

362 1271 794 1350 vegetativum
834 1279 930 1333 est
969 1272 1035 1333 in
1078 1271 1404 1345 sensitivo,
1439 1271 1866 1351 vegetativum
1977 1271 2102 1334 lem
2151 1291 2330 1333 suam
2371 1271 2811 1334 definitionem
2847 1279 3211 1354 praetactam
3246 1288 3261 1332 z
3296 1278 3357 1332 et
3393 1269 3480 1330 ita

363 1386 622 1451 quoque
651 1387 726 1430 ac
757 1369 1136 1432 sensitivum
1171 1369 1236 1431 in
1270 1368 1702 1431 intellectuali.
1727 1369 1868 1431 Pro-
1977 1388 2106 1432 non
2156 1369 2393 1432 dicitur
2439 1371 2505 1432 in
2556 1369 2814 1443 diviniS,
2851 1369 3017 1431 sicut
3064 1369 3261 1431 verba
3306 1387 3479 1430 nunc

365 1474 507 1548 pter
536 1467 706 1548 quod
737 1467 796 1530 S.
832 1467 1170 1551 Dionysius
1211 1475 1274 1530 et
1302 1467 1556 1530 Boetius
1595 1467 1818 1530 dicunt
1848 1485 1863 1529 :
1979 1474 2145 1529 tacta
2182 1468 2633 1530 demonstrant.
2668 1467 2877 1529 Potest
2912 1467 3103 1529 etiam
3143 1466 3347 1548 accipi
3388 1485 3482 1528 se-

127 1583 336 1626 nectem
364 1564 688 1646 Quidquid
736 1573 945 1646 potest
990 1566 1276 1649 potentia
1327 1565 1609 1640 inferior,
1663 1573 1870 1648 potest
1980 1565 2263 1627 cundum
2312 1564 2590 1627 nominis
2640 1563 3166 1646 compositionem
3215 1581 3229 1624 :
3282 1573 3344 1626 et
3394 1563 3481 1626 ita

115 1646 298 1690 ⁵⁵²¹·⁶·'·
366 1663 662 1744 superior
701 1663 1078 1738 eminenter,
1121 1683 1247 1727 non
1292 1664 1664 1728 econtrari0.
1980 1680 2107 1725 non
2166 1670 2265 1725 est
2318 1661 2441 1724 nisi
2500 1681 2677 1724 sacra
2722 1670 2786 1725 et
2833 1662 3121 1725 ordinata
3178 1669 3475 1744 potestas.

447 1761 526 1823 Et
556 1761 643 1823 ita
670 1770 765 1824 est
797 1762 861 1824 in
893 1761 1053 1837 istis,
1075 1782 1275 1844 quum
1307 1763 1542 1826 dicitur
1575 1781 1589 1824 :
1624 1762 1866 1824 Hierar-
1980 1761 2156 1835 Quod
2186 1760 2242 1822 si
2272 1759 2425 1823 ordo
2464 1759 2775 1822 referatur
2800 1761 2878 1822 ad
2918 1759 3208 1823 ordinem
3239 1767 3481 1823 naturae

367 1860 512 1922 chia
563 1867 660 1922 est
714 1861 869 1923 ordo
916 1867 980 1922 et
1032 1859 1298 1923 scientia
1347 1867 1410 1924 et
1464 1861 1648 1925 actio.
1703 1861 1867 1924 Ordo
1904 1861 1952 1924 B
1980 1858 2179 1921 Patris
2209 1867 2273 1921 et
2302 1857 2443 1921 Filii
2473 1877 2547 1920 ac
2586 1858 2857 1940 Spiritus
2897 1857 3131 1932 Sancti,
3166 1876 3292 1940 quo
3321 1859 3481 1920 alter

367 1958 543 2020 enim
583 1957 740 2020 dicit
770 1958 1191 2020 hierarchiam
1231 1960 1584 2022 secundum
1624 1959 1865 2042 aliquid
1979 1966 2183 2022 estex
2212 1958 2431 2033 altero,
2466 1976 2591 2021 non
2632 1976 2758 2039 quo
2797 1957 2955 2020 alter
2994 1957 3168 2040 prior
3196 1965 3293 2020 est
3328 1957 3480 2020 alte-

367 2075 500 2118 suae
549 2056 917 2138 potestatis;
967 2056 1235 2118 scientia
1280 2075 1432 2120 vero
1489 2056 1870 2120 determinat
1980 2074 2071 2132 το,
2123 2057 2217 2119 sic
2264 2056 2487 2138 procul
2536 2055 2733 2118 dubio
2788 2056 2853 2117 in
2901 2055 3206 2118 Trinitate
3262 2073 3481 2137 super-

366 2173 510 2217 eam
560 2155 629 2216 in
677 2173 804 2236 qua
849 2161 944 2216 est
993 2155 1188 2234 ordo;
1238 2155 1404 2217 actio
1449 2161 1660 2217 autem
1713 2155 1870 2218 dicit
1979 2157 2299 2218 mundana
2326 2154 2789 2236 supercoelestis
2818 2161 2915 2217 est
2941 2154 3299 2216 hierarchia
3328 2173 3485 2235 quae·

365 2253 660 2314 eamdem
727 2259 1103 2334 potestatem
1165 2254 1517 2316 secundum
1586 2253 1868 2335 comple-
1979 2255 2144 2317 dam.
2182 2255 2292 2316 Est
2338 2254 2509 2316 enim
2555 2271 2731 2315 sacra
2772 2261 2834 2315 et
2874 2253 3164 2316 ordinata
3204 2259 3481 2334 potestas

367 2359 678 2414 mentum.
715 2350 880 2413 Ordo
910 2368 1164 2433 quoque
1198 2351 1540 2434 dupliciter
1568 2352 1866 2426 sumitur,
1982 2353 2047 2414 in
2087 2351 2246 2415 Filio
2282 2370 2361 2414 ex
2400 2343 2598 2424 P'atre,
2630 2360 2821 2433 atque
2860 2351 2927 2412 in
2967 2350 3207 2432 Spiritu
3253 2350 3481 2413 Sancto

365 2451 635 2523 scilicet,
687 2467 802 2531 pro
857 2449 1064 2511 forma
1117 2450 1440 2512 rationeve
1493 2450 1756 2525 ordiniS,
1807 2459 1871 2514 et
1980 2469 2058 2512 ex
2087 2450 2265 2512 Patre
2304 2457 2369 2510 et
2407 2449 2581 2512 Filio.
2619 2449 2695 2511 Et
2724 2449 2843 2512 hoc
2879 2448 3152 2512 intendit
3188 2449 3481 2528 Magister

367 2565 486 2631 pro
533 2546 726 2610 rebus
775 2547 1102 2609 ordinatis.
1139 2547 1499 2611 Secundum
1552 2549 1722 2631 quod
1771 2567 1869 2611 or·
1983 2548 2050 2610 in
2081 2565 2249 2610 nona
2280 2547 2399 2609 ista
2436 2547 2863 2620 distinctione,
2898 2546 3169 2608 dicendo
3203 2563 3217 2607 :
3253 2547 3321 2608 ln
3350 2546 3477 2608 sin·
3523 2559 3769 2616 emaus.

365 2646 450 2708 do
487 2645 648 2708 dicit
689 2663 789 2707 res
831 2645 1172 2719 ordinatas,
1212 2645 1304 2708 sic
1352 2647 1704 2709 secundum
1751 2647 1871 2710 Ma·
1982 2645 2150 2728 gulis
2188 2645 2561 2708 hierarchiis
2601 2652 2727 2707 tres
2757 2644 3013 2707 ordines
3042 2653 3212 2718 sunt,
3245 2651 3319 2706 ut
3347 2644 3478 2706 Tri-

365 2743 662 2824 gistrum,
699 2743 854 2805 ordo
901 2751 1163 2805 vocatur
1209 2743 1553 2806 multitudo
1601 2745 1870 2808 coelesti-
1982 2744 2201 2806 nitatis
2230 2743 2295 2806 in
2326 2744 2419 2805 eis
2450 2743 2801 2805 similitudo
2832 2743 3193 2805 insinuetur
3222 2742 3484 2825 impres-

365 2861 480 2904 um
519 2841 864 2924 spirituum
903 2841 1015 2923 qui
1056 2841 1223 2902 inter
1251 2860 1320 2904 se
1351 2843 1416 2904 in
1455 2842 1668 2924 aliquo
1706 2844 1888 2912 dono.
1983 2861 2069 2904 sa.
2102 2877 2184 2887 —
2217 2841 2359 2904 Hoec
2396 2839 2691 2902 Albertus
2735 2839 2801 2902 in
2844 2841 3125 2903 Summa.

365 2941 586 3020 gratiae
624 2938 1006 3014 similantur,
1040 2938 1208 3001 sicut
1245 2947 1310 3002 et
1350 2940 1414 3002 in
1457 2959 1721 3004 munere
1764 2961 1872 3003 na·
2063 2942 2134 3002 In
2176 2939 2340 3001 libro
2383 2938 2642 3001 demum
2687 2938 2765 3001 de
2803 2939 2880 3001 IV
2922 2938 3305 3021 Coaequaevis
3349 2939 3484 3001 haec

365 3037 674 3100 turalium
706 3039 1018 3100 donorum
1061 3037 1468 3100 conveniunt.
1505 3039 1580 3100 Et
1621 3037 1706 3104 ita
1743 3056 1872 3102 non
1910 3039 1954 3102 C
1985 3038 2207 3101 eadem
2239 3036 2483 3110 scribit,
2517 3043 2580 3098 et
2610 3036 2718 3111 ait,
2745 3036 2915 3119 quod
2945 3037 3299 3099 secundum
3331 3037 3438 3099 def
3444 3037 3486 3098 i-

366 3136 630 3218 ponitur
659 3135 723 3197 in
756 3136 1134 3199 definitione
1163 3135 1554 3210 hierarchiae,
1590 3138 1700 3199 sed
1731 3156 1873 3219 pro·
1984 3137 2261 3198 uitiones
2298 3155 2336 3198 a
2368 3135 2433 3197 B.
2470 3135 2769 3218 Dionysio
2808 3135 2885 3196 de
2926 3134 3284 3198 hierarchia
3318 3136 3487 3217 dige-

367 3242 436 3296 ut
465 3242 566 3296 est
604 3233 812 3297 forma
848 3253 958 3297 seu
999 3235 1160 3297 ratio
1199 3234 1440 3297 ordinis
1480 3234 1545 3297 in
1585 3237 1872 3317 personis
1985 3242 2134 3308 stas,
2166 3233 2523 3296 hierarchia
2560 3250 2687 3295 non
2717 3232 3028 3295 dividitur
3064 3233 3130 3294 in
3166 3253 3486 3316 supercoe-

365 3332 694 3396 ordinatis.
729 3369 806 3379 -—
837 3333 912 3396 Ut
942 3333 1135 3394 etiam
1165 3332 1390 3394 asserit
1418 3333 1616 3414 liugn,
1641 3333 1874 3396 hierar·
1986 3333 2234 3405 lestem,
2268 3332 2588 3394 coelestem
2621 3340 2684 3393 et
2714 3330 3185 3406 subcoelestem,
3216 3340 3281 3394 et
3314 3332 3484 3414 quod

365 3431 512 3492 chia
541 3430 966 3492 essentialiter
994 3431 1060 3492 in
1091 3429 1341 3493 duobus
1372 3431 1680 3505 consistit,
1704 3433 1874 3495 vide·
1985 3431 2097 3494 illa
2137 3429 2370 3493 divisio
2400 3430 2481 3491 sit
2510 3429 2757 3509 analogi
2800 3429 2865 3490 in
2897 3437 3194 3492 contenta
3233 3429 3354 3491 sub
3384 3447 3478 3492 eo,

366 3529 540 3602 licet,
575 3528 642 3590 in
683 3527 1168 3609 participatione
1208 3528 1422 3609 gratiae
1467 3527 1875 3593 illuminatio-
2081 3529 2179 3592 lbi
2241 3546 2497 3611 quoque
2562 3527 2751 3589 latius
2817 3527 3149 3609 exprimit,
3210 3528 3484 3610 qualiter

365 3627 574 3700 nis,et
606 3626 673 3688 in
703 3625 844 3707 ejus
873 3624 1190 3688 effusione
1221 3645 1413 3708 super
1444 3626 1761 3691 inferiora.
1779 3629 1873 3691 Ad
1984 3627 2342 3690 hierarchia
2373 3626 2455 3688 sit
2484 3633 2687 3688 totum
2720 3625 3169 3707 potestativum
3206 3643 3221 3687 :
3255 3627 3482 3688 Totum

365 3724 922 3807 participationem
961 3731 1174 3786 autem
1204 3724 1420 3804 gratiae
1461 3724 1872 3788 illuminatio·
1983 3725 2259 3806 (dicens)
2313 3723 2762 3806 potestativum
2820 3731 2916 3786 est
2974 3724 3258 3786 medium
3317 3725 3483 3786 inter

365 3823 468 3884 nis
521 3822 639 3884 tria
685 3820 1048 3902 exiguntur,
1096 3840 1239 3902 quae
1289 3829 1439 3883 sunt
1483 3839 1496 3882 :
1541 3824 1871 3886 conversio
1983 3831 2189 3887 totum
2239 3822 2597 3885 universale
2644 3830 2708 3885 et
2754 3831 2958 3885 totum
3008 3823 3332 3905 integrale.
3368 3824 3481 3886 To-

362 3921 442 3982 ad
476 3920 870 4002 principium
904 3919 1411 3982 illuminationis.
1439 3921 1586 3994 Quae
1616 3939 1873 3985 conver·
1982 3929 2120 3983 tum
2172 3920 2346 3983 enim
2390 3919 2747 3982 universale
2789 3928 2885 3982 cst
2928 3920 2993 3983 in
3035 3921 3320 4002 qualibet
3368 3938 3483 3983 sua

365 4019 464 4081 sio
502 4017 762 4082 nomine
802 4017 1045 4080 ordinis
1087 4018 1470 4099 designatur.
1507 4019 1869 4082 Secundum
1983 4027 2184 4102 parte,
2216 4026 2279 4080 et
2310 4016 2689 4099 praedicatur
2718 4017 2795 4079 de
2826 4036 2900 4080 ea
2932 4036 2946 4079 :
2980 4019 3131 4100 quia
3161 4027 3231 4080 ut
3259 4018 3485 4101 probat

365 4125 462 4180 est
492 4116 782 4199 receptio·
805 4116 1068 4178 luminis
1104 4135 1118 4179 :
1152 4125 1214 4179 et
1244 4118 1365 4180 hoc
1399 4118 1555 4181 dicit
1583 4118 1868 4193 scientia,
1981 4115 2402 4197 Philosophus
2461 4115 2735 4197 septimo
2792 4116 3251 4200 Metaphysicae,
3315 4119 3484 4199 quod

364 4234 511 4296 quae
539 4222 637 4277 est
677 4213 897 4277 lumen
925 4214 1004 4277 ab
1047 4215 1475 4279 illuminatore
1517 4223 1865 4298 receptum.
1901 4221 1951 4283 D
1983 4224 2078 4278 est
2124 4233 2238 4297 per
2283 4213 2649 4289 essentiam,
2685 4213 2853 4277 idem
2898 4223 2991 4277 est
3037 4215 3379 4278 universali
3422 4225 3486 4278 et

365 4313 653 4376 Tertium
673 4321 772 4376 est
811 4313 1046 4376 effusio
1087 4314 1348 4376 luminis
1388 4316 1454 4377 in
1487 4315 1817 4379 inferiores
1851 4333 1866 4378 :
1983 4313 2372 4398 particulari.
2407 4314 2633 4376 Totum
2678 4331 2830 4376 vero
2875 4313 3179 4394 integrale
3222 4333 3349 4377 non
3388 4324 3485 4377 est

363 4412 538 4493 quod
581 4412 885 4494 exprimit
927 4412 1108 4474 actio.
1984 4415 2049 4477 in
2079 4414 2295 4497 aliqua
2325 4431 2582 4476 suarum
2616 4412 2915 4493 partium,
2948 4431 3067 4475 nec
3106 4415 3486 4495 praedicatur

105 4533 317 4580 quamn.
438 4510 745 4573 Praeterea
773 4509 972 4591 quaeri
1005 4515 1225 4590 potest,
1245 4527 1324 4570 an
1357 4509 1438 4570 sit
1470 4509 1684 4592 aliqua
1714 4511 1872 4573 hier·
1983 4515 2060 4577 de
2122 4515 2268 4575 illis.
2323 4511 2440 4574 Sed
2502 4518 2703 4572 totum
2764 4511 3211 4592 potestativum
3271 4522 3367 4575 est
3416 4514 3481 4576 in

363 4608 582 4671 archia
645 4608 1120 4691 supercoelestis
1179 4608 1395 4670 divina
1447 4617 1510 4671 et
1571 4611 1864 4674 increata.
1983 4613 2270 4695 qualibet
2321 4608 2621 4691 partium,
2674 4608 2965 4689 quamvis
3021 4628 3147 4672 non
3206 4613 3481 4694 aequipo·

363 4709 631 4771 Videtur
661 4709 830 4790 quod
863 4726 1009 4771 non.
1033 4708 1136 4769 Ait
1166 4708 1404 4790 quippe
1439 4709 1698 4772 divinus
1727 4712 1868 4774 Dio·
1984 4720 2208 4784 tenter,
2242 4709 2353 4771 sed
2394 4707 2459 4768 in
2498 4707 2705 4788 prima
2745 4703 3097 4771 secundum
3143 4708 3377 4784 minus,
3413 4711 3477 4773 in

115 4823 338 4873 Decoeloet.
367 4807 605 4890 nysius,
622 4808 791 4889 quod
821 4807 1178 4871 hierarchia
1209 4807 1398 4870 habet
1429 4809 1629 4872 Deum
1662 4811 1870 4875 omnis
1982 4809 2259 4873 secunda
2305 4823 2458 4869 vero
2506 4806 2851 4888 potentiuS,
2898 4814 2960 4869 et
3008 4807 3073 4869 in
3124 4807 3367 4883 ultima,
3414 4811 3477 4872 id

135 4903 320 4937 ²¹·‘·¹¹'·
367 4907 652 4969 scientiae
697 4906 1094 4987 actionisque
1151 4906 1400 4972 ducem.
1457 4909 1532 4973 Et
1581 4929 1799 4973 rursus
1851 4927 1866 4971 ε
1980 4915 2074 4970 est
2123 4923 2445 4987 suprema,
2498 4905 2849 4968 secundum
2898 4913 3101 4967 totum
3150 4924 3355 4988 posse.
3404 4907 3480 4969 Et

135 5025 298 5074 maen.
365 5003 733 5068 Hierarchia
761 5012 858 5066 est
887 5003 1197 5068 deiforme
1227 5015 1536 5088 quantum
1569 5007 1870 5088 possibile
1981 5006 2102 5068 tale
2140 5012 2347 5066 totum
2394 5013 2489 5067 est
2531 5002 2905 5066 hierarchia.
2934 5038 3020 5048 -—
3047 5003 3116 5065 In
3158 5005 3479 5086 potestati-

331 5102 679 5177 ·similans,
710 5103 880 5165 etad
921 5103 1154 5166 inditas
1191 5105 1249 5167 ei
1291 5105 1597 5166 divinitus
1639 5104 1872 5166 illumi·
1981 5106 2100 5167 bus
2145 5105 2322 5166 enim
2364 5103 2669 5169 ordinatis
2713 5119 2966 5183 semper
3008 5119 3281 5184 sequens
3327 5123 3480 5185 prae—

368 5202 656 5264 nationes
689 5200 754 5263 in
784 5201 897 5264 Dei
929 5202 1411 5264 similitudinem
1443 5202 1871 5285 proportiona-
1980 5203 2287 5284 supponit
2318 5203 2876 5284 praecedentem,et
2908 5199 3097 5262 habet
3128 5200 3287 5282 plus.
3304 5202 3480 5275 Quod

369 5300 513 5364 liter
541 5300 912 5365 ascendens.
948 5301 1023 5364 Et
1062 5309 1304 5365 certum
1334 5307 1429 5366 est
1462 5301 1864 5383 intelligenti,
1981 5300 2289 5385 probatur
2316 5306 2441 5363 tam
2474 5299 2539 5361 in
2569 5296 2989 5382 potestatibus
3021 5305 3479 5383 naturae,quam
