<?xml version="1.0" encoding="UTF-8"?>
<!DOCTYPE html PUBLIC "-//W3C//DTD XHTML 1.0 Transitional//EN"
    "http://www.w3.org/TR/xhtml1/DTD/xhtml1-transitional.dtd">
<html xmlns="http://www.w3.org/1999/xhtml" xml:lang="en" lang="en">
 <head>
  <title>
</title>
<meta http-equiv="Content-Type" content="text/html;charset=utf-8" />
  <meta name='ocr-system' content='tesseract 3.04.00' />
  <meta name='ocr-capabilities' content='ocr_page ocr_carea ocr_par ocr_line ocrx_word'/>
</head>
<body>
  <div class='ocr_page' id='page_1' title='image "./doctorisecstati01denigoog_0317.png"; bbox 0 0 4334 6242; ppageno 0'>
   <div class='ocr_carea' id='block_1_1' title="bbox 200 4322 329 4363">
    <p class='ocr_par' dir='ltr' id='par_1_1' title="bbox 200 4322 329 4363">
     <span class='ocr_line' id='line_1_1' title="bbox 200 4322 329 4363; baseline 0.023 -12"><span class='ocrx_word' id='word_1_1' title='bbox 200 4322 329 4363; x_wconf 75' lang='lat'>1111111</span> 
     </span>
    </p>
   </div>
   <div class='ocr_carea' id='block_1_2' title="bbox 798 495 2980 562">
    <p class='ocr_par' dir='ltr' id='par_1_2' title="bbox 798 495 2980 562">
     <span class='ocr_line' id='line_1_2' title="bbox 798 495 2980 562; baseline -0.004 -14"><span class='ocrx_word' id='word_1_2' title='bbox 798 501 951 548; x_wconf 83' lang='lat' dir='ltr'>ms&#39;r.</span> <span class='ocrx_word' id='word_1_3' title='bbox 1000 502 1061 548; x_wconf 86' lang='lat' dir='ltr'>lv</span> <span class='ocrx_word' id='word_1_4' title='bbox 1102 499 1353 562; x_wconf 79' lang='lat' dir='ltr'>smfflA3</span> <span class='ocrx_word' id='word_1_5' title='bbox 1396 499 1619 556; x_wconf 72' lang='lat' dir='ltr'>QUAEST.</span> <span class='ocrx_word' id='word_1_6' title='bbox 1665 500 1684 545; x_wconf 86' lang='lat'>1</span> <span class='ocrx_word' id='word_1_7' title='bbox 1728 499 1741 544; x_wconf 88' lang='lat'><strong>:</strong></span> <span class='ocrx_word' id='word_1_8' title='bbox 1790 497 1873 545; x_wconf 71' lang='lat' dir='ltr'>AN</span> <span class='ocrx_word' id='word_1_9' title='bbox 1914 498 2139 544; x_wconf 71' lang='lat' dir='ltr'><strong>ANGEM</strong></span> <span class='ocrx_word' id='word_1_10' title='bbox 2181 496 2395 544; x_wconf 70' lang='lat' dir='ltr'>cnssATt</span> <span class='ocrx_word' id='word_1_11' title='bbox 2439 496 2574 544; x_wconf 79' lang='lat' dir='ltr'>SINT</span> <span class='ocrx_word' id='word_1_12' title='bbox 2615 496 2813 553; x_wconf 72' lang='lat' dir='ltr'>BEATt,</span> <span class='ocrx_word' id='word_1_13' title='bbox 2854 495 2980 542; x_wconf 73' lang='lat' dir='ltr'>mc.</span> 
     </span>
    </p>
   </div>
   <div class='ocr_carea' id='block_1_3' title="bbox 592 766 1589 997">
    <p class='ocr_par' dir='ltr' id='par_1_3' title="bbox 592 766 1589 997">
     <span class='ocr_line' id='line_1_3' title="bbox 914 766 1269 830; baseline -0.006 0"><span class='ocrx_word' id='word_1_14' title='bbox 914 766 1269 830; x_wconf 83' lang='lat' dir='ltr'><strong>SUMMA</strong></span> 
     </span>
     <span class='ocr_line' id='line_1_4' title="bbox 592 931 1589 997; baseline -0.001 -10"><span class='ocrx_word' id='word_1_15' title='bbox 592 932 1197 988; x_wconf 84' lang='lat' dir='ltr'>DISTlNCTlONlS</span> <span class='ocrx_word' id='word_1_16' title='bbox 1254 931 1589 997; x_wconf 72' lang='lat' dir='ltr'><strong>QL&#39;ARTAE</strong></span> 
     </span>
    </p>
   </div>
   <div class='ocr_carea' id='block_1_4' title="bbox 340 1161 1840 1833">
    <p class='ocr_par' dir='ltr' id='par_1_4' title="bbox 465 1161 1840 1227">
     <span class='ocr_line' id='line_1_5' title="bbox 465 1161 1840 1227; baseline -0.004 0"><span class='ocrx_word' id='word_1_17' title='bbox 465 1164 996 1227; x_wconf 78' lang='lat' dir='ltr'>RAECEDENTI</span> <span class='ocrx_word' id='word_1_18' title='bbox 1026 1164 1433 1226; x_wconf 85' lang='lat' dir='ltr'>distinctione</span> <span class='ocrx_word' id='word_1_19' title='bbox 1463 1161 1840 1226; x_wconf 86' lang='lat' dir='ltr'>determina-</span> 
     </span>
    </p>

    <p class='ocr_par' dir='ltr' id='par_1_5' title="bbox 340 1261 1839 1833">
     <span class='ocr_line' id='line_1_6' title="bbox 488 1261 1837 1344; baseline -0.001 -21"><span class='ocrx_word' id='word_1_20' title='bbox 488 1271 625 1324; x_wconf 92' lang='lat' dir='ltr'>tum</span> <span class='ocrx_word' id='word_1_21' title='bbox 656 1269 751 1325; x_wconf 90' lang='lat' dir='ltr'>est</span> <span class='ocrx_word' id='word_1_22' title='bbox 783 1264 861 1324; x_wconf 93' lang='lat' dir='ltr'>de</span> <span class='ocrx_word' id='word_1_23' title='bbox 890 1263 1129 1344; x_wconf 87' lang='lat' dir='ltr'>angelis</span> <span class='ocrx_word' id='word_1_24' title='bbox 1170 1270 1477 1344; x_wconf 88' lang='lat' dir='ltr'>quantum</span> <span class='ocrx_word' id='word_1_25' title='bbox 1520 1261 1598 1323; x_wconf 89' lang='lat' dir='ltr'>ad</span> <span class='ocrx_word' id='word_1_26' title='bbox 1627 1279 1837 1322; x_wconf 88' lang='lat' dir='ltr'>essen-</span> 
     </span>
     <span class='ocr_line' id='line_1_7' title="bbox 342 1359 1837 1442; baseline -0.003 -20"><span class='ocrx_word' id='word_1_27' title='bbox 342 1361 495 1422; x_wconf 86' lang='lat' dir='ltr'>tiam</span> <span class='ocrx_word' id='word_1_28' title='bbox 548 1369 611 1422; x_wconf 90' lang='lat' dir='ltr'>et</span> <span class='ocrx_word' id='word_1_29' title='bbox 669 1361 1100 1422; x_wconf 80' lang='lat' dir='ltr'>innocentiam</span> <span class='ocrx_word' id='word_1_30' title='bbox 1157 1369 1347 1442; x_wconf 88' lang='lat' dir='ltr'>atque</span> <span class='ocrx_word' id='word_1_31' title='bbox 1396 1359 1725 1430; x_wconf 90' lang='lat' dir='ltr'>malitiam,</span> <span class='ocrx_word' id='word_1_32' title='bbox 1777 1365 1837 1418; x_wconf 87' lang='lat' dir='ltr'>et</span> 
     </span>
     <span class='ocr_line' id='line_1_8' title="bbox 340 1456 1837 1539; baseline -0.003 -19"><span class='ocrx_word' id='word_1_33' title='bbox 340 1466 653 1539; x_wconf 83' lang='lat' dir='ltr'>quantum</span> <span class='ocrx_word' id='word_1_34' title='bbox 694 1459 772 1519; x_wconf 88' lang='lat' dir='ltr'>ad</span> <span class='ocrx_word' id='word_1_35' title='bbox 812 1459 1129 1520; x_wconf 77' lang='lat' dir='ltr'>naturales</span> <span class='ocrx_word' id='word_1_36' title='bbox 1162 1477 1381 1520; x_wconf 91' lang='lat' dir='ltr'>eorum</span> <span class='ocrx_word' id='word_1_37' title='bbox 1423 1456 1837 1539; x_wconf 79' lang='lat' dir='ltr'>proprietates</span> 
     </span>
     <span class='ocr_line' id='line_1_9' title="bbox 340 1555 1839 1634; baseline -0.002 -18"><span class='ocrx_word' id='word_1_38' title='bbox 340 1575 453 1616; x_wconf 89' lang='lat' dir='ltr'>seu</span> <span class='ocrx_word' id='word_1_39' title='bbox 502 1555 827 1618; x_wconf 87' lang='lat' dir='ltr'>attributa.</span> <span class='ocrx_word' id='word_1_40' title='bbox 861 1557 997 1617; x_wconf 88' lang='lat' dir='ltr'>Jam</span> <span class='ocrx_word' id='word_1_41' title='bbox 1042 1562 1345 1617; x_wconf 87' lang='lat' dir='ltr'>tractatur</span> <span class='ocrx_word' id='word_1_42' title='bbox 1388 1555 1465 1616; x_wconf 91' lang='lat' dir='ltr'>de</span> <span class='ocrx_word' id='word_1_43' title='bbox 1509 1555 1601 1615; x_wconf 90' lang='lat' dir='ltr'>eis</span> <span class='ocrx_word' id='word_1_44' title='bbox 1645 1572 1839 1634; x_wconf 91' lang='lat' dir='ltr'>quan-</span> 
     </span>
     <span class='ocr_line' id='line_1_10' title="bbox 344 1652 1839 1735; baseline -0.002 -22"><span class='ocrx_word' id='word_1_45' title='bbox 344 1661 477 1714; x_wconf 90' lang='lat' dir='ltr'>tum</span> <span class='ocrx_word' id='word_1_46' title='bbox 522 1654 603 1715; x_wconf 91' lang='lat' dir='ltr'>ad</span> <span class='ocrx_word' id='word_1_47' title='bbox 641 1671 861 1715; x_wconf 87' lang='lat' dir='ltr'>eorum</span> <span class='ocrx_word' id='word_1_48' title='bbox 910 1653 1199 1734; x_wconf 83' lang='lat' dir='ltr'>gloriam,</span> <span class='ocrx_word' id='word_1_49' title='bbox 1242 1673 1383 1735; x_wconf 75' lang='lat' dir='ltr'>quae.</span> <span class='ocrx_word' id='word_1_50' title='bbox 1431 1652 1699 1714; x_wconf 90' lang='lat' dir='ltr'>debetur</span> <span class='ocrx_word' id='word_1_51' title='bbox 1745 1652 1839 1711; x_wconf 92' lang='lat' dir='ltr'>in-</span> 
     </span>
     <span class='ocr_line' id='line_1_11' title="bbox 342 1750 1835 1833; baseline -0.001 -21"><span class='ocrx_word' id='word_1_52' title='bbox 342 1752 677 1824; x_wconf 66' lang='lat' dir='ltr'>nocentiae,</span> <span class='ocrx_word' id='word_1_53' title='bbox 713 1759 777 1814; x_wconf 86' lang='lat' dir='ltr'>et</span> <span class='ocrx_word' id='word_1_54' title='bbox 822 1753 1167 1824; x_wconf 90' lang='lat' dir='ltr'>miseriam,</span> <span class='ocrx_word' id='word_1_55' title='bbox 1210 1771 1351 1833; x_wconf 82' lang='lat' dir='ltr'>quae</span> <span class='ocrx_word' id='word_1_56' title='bbox 1402 1750 1716 1832; x_wconf 76' lang='lat' dir='ltr'>infligitur</span> <span class='ocrx_word' id='word_1_57' title='bbox 1762 1768 1835 1810; x_wconf 94' lang='lat' dir='ltr'>ac</span> 
     </span>
    </p>
   </div>
   <div class='ocr_carea' id='block_1_5' title="bbox 3309 473 3430 542">
    <p class='ocr_par' dir='ltr' id='par_1_6' title="bbox 3309 473 3430 542">
     <span class='ocr_line' id='line_1_12' title="bbox 3309 473 3430 542; baseline -0.017 0"><span class='ocrx_word' id='word_1_58' title='bbox 3309 473 3430 542; x_wconf 80' lang='lat'>283</span> 
     </span>
    </p>
   </div>
   <div class='ocr_carea' id='block_1_6' title="bbox 1864 663 3438 847">
    <p class='ocr_par' dir='ltr' id='par_1_7' title="bbox 1864 663 3438 847">
     <span class='ocr_line' id='line_1_13' title="bbox 1864 663 3436 749; baseline -0.003 -19"><span class='ocrx_word' id='word_1_59' title='bbox 1864 667 1915 730; x_wconf 82' lang='lat' dir='ltr'><strong>A</strong></span> <span class='ocrx_word' id='word_1_60' title='bbox 1944 668 2103 730; x_wconf 86' lang='lat' dir='ltr'>ratio</span> <span class='ocrx_word' id='word_1_61' title='bbox 2132 667 2273 748; x_wconf 84' lang='lat' dir='ltr'>ejus</span> <span class='ocrx_word' id='word_1_62' title='bbox 2304 665 2836 749; x_wconf 85' lang='lat' dir='ltr'>contemplatione</span> <span class='ocrx_word' id='word_1_63' title='bbox 2875 664 3167 728; x_wconf 88' lang='lat' dir='ltr'>altissimi</span> <span class='ocrx_word' id='word_1_64' title='bbox 3207 663 3436 727; x_wconf 86' lang='lat' dir='ltr'>intelli-</span> 
     </span>
     <span class='ocr_line' id='line_1_14' title="bbox 1942 764 3438 847; baseline -0.001 -20"><span class='ocrx_word' id='word_1_65' title='bbox 1942 765 2182 846; x_wconf 84' lang='lat' dir='ltr'>gibilis,</span> <span class='ocrx_word' id='word_1_66' title='bbox 2215 766 2564 828; x_wconf 91' lang='lat' dir='ltr'>secundum</span> <span class='ocrx_word' id='word_1_67' title='bbox 2600 765 3010 847; x_wconf 87' lang='lat' dir='ltr'>philosophos</span> <span class='ocrx_word' id='word_1_68' title='bbox 3047 772 3236 846; x_wconf 88' lang='lat' dir='ltr'>atque</span> <span class='ocrx_word' id='word_1_69' title='bbox 3265 764 3438 826; x_wconf 89' lang='lat' dir='ltr'>theo-</span> 
     </span>
    </p>
   </div>
   <div class='ocr_carea' id='block_1_7' title="bbox 1946 862 3448 1832">
    <p class='ocr_par' dir='ltr' id='par_1_8' title="bbox 1946 862 3448 1832">
     <span class='ocr_line' id='line_1_15' title="bbox 1946 862 3435 944; baseline -0.001 -19"><span class='ocrx_word' id='word_1_70' title='bbox 1946 864 2138 944; x_wconf 65' lang='lat' dir='ltr'>logos</span> <span class='ocrx_word' id='word_1_71' title='bbox 2174 865 2320 937; x_wconf 81' lang='lat' dir='ltr'>Quae</span> <span class='ocrx_word' id='word_1_72' title='bbox 2349 864 2674 927; x_wconf 80' lang='lat' dir='ltr'>beatitudo</span> <span class='ocrx_word' id='word_1_73' title='bbox 2704 863 3098 944; x_wconf 59' lang='lat' dir='ltr'>inaequaliter</span> <span class='ocrx_word' id='word_1_74' title='bbox 3127 863 3290 925; x_wconf 89' lang='lat' dir='ltr'>inest</span> <span class='ocrx_word' id='word_1_75' title='bbox 3321 862 3435 935; x_wconf 68' lang='grc' dir='ltr'>οἱς,</span> 
     </span>
     <span class='ocr_line' id='line_1_16' title="bbox 1946 961 3440 1045; baseline -0.001 -21"><span class='ocrx_word' id='word_1_76' title='bbox 1946 964 2298 1026; x_wconf 88' lang='lat' dir='ltr'>secundum</span> <span class='ocrx_word' id='word_1_77' title='bbox 2359 964 2526 1045; x_wconf 88' lang='lat' dir='ltr'>quod</span> <span class='ocrx_word' id='word_1_78' title='bbox 2589 965 2787 1044; x_wconf 88' lang='lat' dir='ltr'>magis</span> <span class='ocrx_word' id='word_1_79' title='bbox 2845 969 2952 1024; x_wconf 89' lang='lat' dir='ltr'>aut</span> <span class='ocrx_word' id='word_1_80' title='bbox 3007 961 3220 1024; x_wconf 90' lang='lat' dir='ltr'>minus</span> <span class='ocrx_word' id='word_1_81' title='bbox 3273 962 3440 1024; x_wconf 88' lang='lat' dir='ltr'>clare</span> 
     </span>
     <span class='ocr_line' id='line_1_17' title="bbox 1948 1059 3442 1141; baseline -0.001 -17"><span class='ocrx_word' id='word_1_82' title='bbox 1948 1062 2276 1124; x_wconf 83' lang='lat' dir='ltr'>intuentur</span> <span class='ocrx_word' id='word_1_83' title='bbox 2325 1081 2648 1124; x_wconf 91' lang='lat' dir='ltr'>summum</span> <span class='ocrx_word' id='word_1_84' title='bbox 2704 1061 2861 1123; x_wconf 88' lang='lat' dir='ltr'>illud</span> <span class='ocrx_word' id='word_1_85' title='bbox 2911 1059 3256 1141; x_wconf 89' lang='lat' dir='ltr'>objectum.</span> <span class='ocrx_word' id='word_1_86' title='bbox 3307 1062 3442 1122; x_wconf 90' lang='lat' dir='ltr'>Imo</span> 
     </span>
     <span class='ocr_line' id='line_1_18' title="bbox 1946 1159 3442 1242; baseline -0.001 -20"><span class='ocrx_word' id='word_1_87' title='bbox 1946 1168 2008 1222; x_wconf 86' lang='lat' dir='ltr'>et.</span> <span class='ocrx_word' id='word_1_88' title='bbox 2038 1161 2223 1223; x_wconf 84' lang='lat' dir='ltr'>aliter</span> <span class='ocrx_word' id='word_1_89' title='bbox 2257 1161 2556 1222; x_wconf 88' lang='lat' dir='ltr'>convenit</span> <span class='ocrx_word' id='word_1_90' title='bbox 2585 1162 2712 1222; x_wconf 91' lang='lat' dir='ltr'>Deo</span> <span class='ocrx_word' id='word_1_91' title='bbox 2743 1169 2803 1222; x_wconf 92' lang='lat' dir='ltr'>et</span> <span class='ocrx_word' id='word_1_92' title='bbox 2834 1161 3074 1242; x_wconf 82' lang='lat' dir='ltr'>angelis</span> <span class='ocrx_word' id='word_1_93' title='bbox 3113 1167 3302 1241; x_wconf 88' lang='lat' dir='ltr'>atque</span> <span class='ocrx_word' id='word_1_94' title='bbox 3333 1159 3442 1221; x_wconf 90' lang='lat' dir='ltr'>ho-</span> 
     </span>
     <span class='ocr_line' id='line_1_19' title="bbox 1950 1257 3444 1321; baseline -0.001 -1"><span class='ocrx_word' id='word_1_95' title='bbox 1950 1258 2231 1320; x_wconf 91' lang='lat' dir='ltr'>minibus</span> <span class='ocrx_word' id='word_1_96' title='bbox 2281 1258 2632 1320; x_wconf 91' lang='lat' dir='ltr'>secundum</span> <span class='ocrx_word' id='word_1_97' title='bbox 2677 1276 2897 1321; x_wconf 90' lang='lat' dir='ltr'>eorum</span> <span class='ocrx_word' id='word_1_98' title='bbox 2945 1257 3258 1320; x_wconf 91' lang='lat' dir='ltr'>naturalia</span> <span class='ocrx_word' id='word_1_99' title='bbox 3300 1276 3444 1320; x_wconf 90' lang='lat' dir='ltr'>con-</span> 
     </span>
     <span class='ocr_line' id='line_1_20' title="bbox 1946 1357 3442 1438; baseline -0.002 -20"><span class='ocrx_word' id='word_1_100' title='bbox 1946 1357 2255 1418; x_wconf 84' lang='lat' dir='ltr'>sideratis.</span> <span class='ocrx_word' id='word_1_101' title='bbox 2293 1357 2458 1418; x_wconf 91' lang='lat' dir='ltr'>Deus</span> <span class='ocrx_word' id='word_1_102' title='bbox 2499 1357 2738 1438; x_wconf 89' lang='lat' dir='ltr'>quippe</span> <span class='ocrx_word' id='word_1_103' title='bbox 2783 1375 2850 1418; x_wconf 90' lang='lat' dir='ltr'>se</span> <span class='ocrx_word' id='word_1_104' title='bbox 2891 1357 3064 1419; x_wconf 90' lang='lat' dir='ltr'>videt</span> <span class='ocrx_word' id='word_1_105' title='bbox 3107 1375 3220 1438; x_wconf 93' lang='lat' dir='ltr'>per</span> <span class='ocrx_word' id='word_1_106' title='bbox 3263 1374 3442 1416; x_wconf 88' lang='lat' dir='ltr'>suam</span> 
     </span>
     <span class='ocr_line' id='line_1_21' title="bbox 1946 1453 3448 1536; baseline -0.002 -19"><span class='ocrx_word' id='word_1_107' title='bbox 1946 1456 2310 1530; x_wconf 84' lang='lat' dir='ltr'>essentiam,</span> <span class='ocrx_word' id='word_1_108' title='bbox 2344 1473 2470 1516; x_wconf 90' lang='lat' dir='ltr'>non</span> <span class='ocrx_word' id='word_1_109' title='bbox 2503 1474 2616 1536; x_wconf 92' lang='lat' dir='ltr'>per</span> <span class='ocrx_word' id='word_1_110' title='bbox 2645 1455 2919 1536; x_wconf 85' lang='lat' dir='ltr'>aliquam</span> <span class='ocrx_word' id='word_1_111' title='bbox 2953 1456 3052 1517; x_wconf 90' lang='lat' dir='ltr'>sui</span> <span class='ocrx_word' id='word_1_112' title='bbox 3083 1453 3448 1516; x_wconf 91' lang='lat' dir='ltr'>similitudi-</span> 
     </span>
     <span class='ocr_line' id='line_1_22' title="bbox 1948 1552 3444 1634; baseline -0.003 -18"><span class='ocrx_word' id='word_1_113' title='bbox 1948 1573 2113 1616; x_wconf 87' lang='lat' dir='ltr'>nem.</span> <span class='ocrx_word' id='word_1_114' title='bbox 2134 1554 2410 1634; x_wconf 88' lang='lat' dir='ltr'>Angelus</span> <span class='ocrx_word' id='word_1_115' title='bbox 2443 1571 2593 1616; x_wconf 88' lang='lat' dir='ltr'>vcro</span> <span class='ocrx_word' id='word_1_116' title='bbox 2623 1555 2796 1616; x_wconf 90' lang='lat' dir='ltr'>videt</span> <span class='ocrx_word' id='word_1_117' title='bbox 2824 1573 2972 1615; x_wconf 89' lang='lat' dir='ltr'>eum</span> <span class='ocrx_word' id='word_1_118' title='bbox 3005 1572 3118 1634; x_wconf 90' lang='lat' dir='ltr'>per</span> <span class='ocrx_word' id='word_1_119' title='bbox 3152 1552 3444 1614; x_wconf 90' lang='lat' dir='ltr'>similitu-</span> 
     </span>
     <span class='ocr_line' id='line_1_23' title="bbox 1947 1650 3442 1732; baseline -0.001 -20"><span class='ocrx_word' id='word_1_120' title='bbox 1947 1651 2161 1714; x_wconf 91' lang='lat' dir='ltr'>dinem</span> <span class='ocrx_word' id='word_1_121' title='bbox 2196 1651 2335 1732; x_wconf 91' lang='lat' dir='ltr'>ejus</span> <span class='ocrx_word' id='word_1_122' title='bbox 2365 1651 2740 1732; x_wconf 85' lang='lat' dir='ltr'>acquisitam</span> <span class='ocrx_word' id='word_1_123' title='bbox 2773 1670 2883 1714; x_wconf 90' lang='lat' dir='ltr'>seu</span> <span class='ocrx_word' id='word_1_124' title='bbox 2915 1652 3041 1714; x_wconf 90' lang='lat' dir='ltr'>sibi</span> <span class='ocrx_word' id='word_1_125' title='bbox 3071 1650 3442 1721; x_wconf 77' lang='lat' dir='ltr'>infusanl,et</span> 
     </span>
     <span class='ocr_line' id='line_1_24' title="bbox 1949 1749 3441 1832; baseline -0.001 -21"><span class='ocrx_word' id='word_1_126' title='bbox 1949 1769 2062 1832; x_wconf 91' lang='lat' dir='ltr'>per</span> <span class='ocrx_word' id='word_1_127' title='bbox 2109 1769 2288 1812; x_wconf 88' lang='lat' dir='ltr'>suam</span> <span class='ocrx_word' id='word_1_128' title='bbox 2337 1752 2699 1824; x_wconf 85' lang='lat' dir='ltr'>essentiam,</span> <span class='ocrx_word' id='word_1_129' title='bbox 2754 1751 2817 1812; x_wconf 95' lang='lat' dir='ltr'>in</span> <span class='ocrx_word' id='word_1_130' title='bbox 2865 1758 3174 1832; x_wconf 90' lang='lat' dir='ltr'>quantum</span> <span class='ocrx_word' id='word_1_131' title='bbox 3222 1757 3316 1811; x_wconf 89' lang='lat' dir='ltr'>est</span> <span class='ocrx_word' id='word_1_132' title='bbox 3361 1749 3441 1810; x_wconf 88' lang='lat' dir='ltr'>si-</span> 
     </span>
    </p>
   </div>
   <div class='ocr_carea' id='block_1_8' title="bbox 342 1847 3438 1930">
    <p class='ocr_par' dir='ltr' id='par_1_9' title="bbox 342 1847 3438 1930">
     <span class='ocr_line' id='line_1_25' title="bbox 342 1847 3438 1930; baseline -0 -21"><span class='ocrx_word' id='word_1_133' title='bbox 342 1848 613 1910; x_wconf 90' lang='lat' dir='ltr'>debetur</span> <span class='ocrx_word' id='word_1_134' title='bbox 654 1848 931 1910; x_wconf 81' lang='lat' dir='ltr'>malitiae.</span> <span class='ocrx_word' id='word_1_135' title='bbox 977 1849 1052 1910; x_wconf 90' lang='lat' dir='ltr'>Et</span> <span class='ocrx_word' id='word_1_136' title='bbox 1095 1849 1263 1910; x_wconf 90' lang='lat' dir='ltr'>circa</span> <span class='ocrx_word' id='word_1_137' title='bbox 1306 1848 1439 1910; x_wconf 60' lang='lat' dir='ltr'>hirc</span> <span class='ocrx_word' id='word_1_138' title='bbox 1489 1847 1697 1929; x_wconf 91' lang='lat' dir='ltr'>primo</span> <span class='ocrx_word' id='word_1_139' title='bbox 1741 1847 1834 1909; x_wconf 91' lang='lat' dir='ltr'>in·</span> <span class='ocrx_word' id='word_1_140' title='bbox 1872 1853 1919 1914; x_wconf 91' lang='lat' dir='ltr'>B</span> <span class='ocrx_word' id='word_1_141' title='bbox 1952 1848 2246 1910; x_wconf 88' lang='lat' dir='ltr'>militudo</span> <span class='ocrx_word' id='word_1_142' title='bbox 2275 1850 2564 1930; x_wconf 75' lang='lat' dir='ltr'>quaedam</span> <span class='ocrx_word' id='word_1_143' title='bbox 2605 1850 2896 1912; x_wconf 67' lang='lat' dir='ltr'>increata&gt;</span> <span class='ocrx_word' id='word_1_144' title='bbox 2930 1849 3239 1922; x_wconf 80' lang='lat' dir='ltr'>essentiae,</span> <span class='ocrx_word' id='word_1_145' title='bbox 3273 1848 3438 1910; x_wconf 91' lang='lat' dir='ltr'>sicut</span> 
     </span>
    </p>
   </div>
   <div class='ocr_carea' id='block_1_9' title="bbox 342 1946 1839 2403">
    <p class='ocr_par' dir='ltr' id='par_1_10' title="bbox 342 1946 1839 2403">
     <span class='ocr_line' id='line_1_26' title="bbox 342 1946 1833 2027; baseline 0 -21"><span class='ocrx_word' id='word_1_146' title='bbox 342 1947 642 2027; x_wconf 83' lang='lat' dir='ltr'>quiritur,</span> <span class='ocrx_word' id='word_1_147' title='bbox 675 1966 755 2007; x_wconf 90' lang='lat' dir='ltr'>an</span> <span class='ocrx_word' id='word_1_148' title='bbox 798 1947 993 2008; x_wconf 87' lang='lat' dir='ltr'>creati</span> <span class='ocrx_word' id='word_1_149' title='bbox 1036 1947 1165 2008; x_wconf 88' lang='lat' dir='ltr'>sint</span> <span class='ocrx_word' id='word_1_150' title='bbox 1204 1947 1395 2020; x_wconf 82' lang='lat' dir='ltr'>beati,</span> <span class='ocrx_word' id='word_1_151' title='bbox 1430 1954 1537 2008; x_wconf 85' lang='lat' dir='ltr'>aut</span> <span class='ocrx_word' id='word_1_152' title='bbox 1582 1946 1833 2023; x_wconf 91' lang='lat' dir='ltr'>miseri;</span> 
     </span>
     <span class='ocr_line' id='line_1_27' title="bbox 342 2045 1839 2118; baseline -0.001 -12"><span class='ocrx_word' id='word_1_153' title='bbox 342 2045 643 2118; x_wconf 81' lang='lat' dir='ltr'>secundo,</span> <span class='ocrx_word' id='word_1_154' title='bbox 695 2064 775 2106; x_wconf 88' lang='lat' dir='ltr'>an</span> <span class='ocrx_word' id='word_1_155' title='bbox 823 2065 1000 2106; x_wconf 88' lang='lat' dir='ltr'>suam</span> <span class='ocrx_word' id='word_1_156' title='bbox 1060 2045 1518 2107; x_wconf 89' lang='lat' dir='ltr'>beatitudinem</span> <span class='ocrx_word' id='word_1_157' title='bbox 1570 2045 1670 2106; x_wconf 85' lang='lat' dir='ltr'>vel</span> <span class='ocrx_word' id='word_1_158' title='bbox 1722 2045 1839 2105; x_wconf 93' lang='lat' dir='ltr'>mi-</span> 
     </span>
     <span class='ocr_line' id='line_1_28' title="bbox 343 2143 1835 2225; baseline 0 -19"><span class='ocrx_word' id='word_1_159' title='bbox 343 2144 573 2206; x_wconf 89' lang='lat' dir='ltr'>seriam</span> <span class='ocrx_word' id='word_1_160' title='bbox 616 2145 1195 2225; x_wconf 83' lang='lat' dir='ltr'>praecognoverint3</span> <span class='ocrx_word' id='word_1_161' title='bbox 1234 2143 1443 2216; x_wconf 89' lang='lat' dir='ltr'>terti0,</span> <span class='ocrx_word' id='word_1_162' title='bbox 1474 2163 1553 2205; x_wconf 91' lang='lat' dir='ltr'>an</span> <span class='ocrx_word' id='word_1_163' title='bbox 1598 2145 1835 2206; x_wconf 92' lang='lat' dir='ltr'>conditi</span> 
     </span>
     <span class='ocr_line' id='line_1_29' title="bbox 343 2240 1838 2324; baseline 0.001 -22"><span class='ocrx_word' id='word_1_164' title='bbox 343 2242 469 2302; x_wconf 90' lang='lat' dir='ltr'>sint</span> <span class='ocrx_word' id='word_1_165' title='bbox 504 2241 662 2322; x_wconf 86' lang='lat' dir='ltr'>justi</span> <span class='ocrx_word' id='word_1_166' title='bbox 701 2250 763 2302; x_wconf 90' lang='lat' dir='ltr'>et</span> <span class='ocrx_word' id='word_1_167' title='bbox 808 2240 1094 2324; x_wconf 76' lang='lat' dir='ltr'>perfect-i,</span> <span class='ocrx_word' id='word_1_168' title='bbox 1134 2262 1215 2304; x_wconf 89' lang='lat' dir='ltr'>an</span> <span class='ocrx_word' id='word_1_169' title='bbox 1262 2261 1407 2304; x_wconf 88' lang='lat' dir='ltr'>non.</span> <span class='ocrx_word' id='word_1_170' title='bbox 1454 2242 1528 2303; x_wconf 88' lang='lat' dir='ltr'>Et</span> <span class='ocrx_word' id='word_1_171' title='bbox 1571 2243 1703 2305; x_wconf 81' lang='lat' dir='ltr'>haec</span> <span class='ocrx_word' id='word_1_172' title='bbox 1742 2251 1838 2304; x_wconf 86' lang='lat' dir='ltr'>est</span> 
     </span>
     <span class='ocr_line' id='line_1_30' title="bbox 346 2338 1325 2403; baseline 0.002 -3"><span class='ocrx_word' id='word_1_173' title='bbox 346 2338 607 2402; x_wconf 88' lang='lat' dir='ltr'>materia</span> <span class='ocrx_word' id='word_1_174' title='bbox 650 2339 1077 2402; x_wconf 89' lang='lat' dir='ltr'>distinctionis</span> <span class='ocrx_word' id='word_1_175' title='bbox 1122 2341 1325 2403; x_wconf 90' lang='lat' dir='ltr'>istius.</span> 
     </span>
    </p>
   </div>
   <div class='ocr_carea' id='block_1_10' title="bbox 655 2665 1535 2737">
    <p class='ocr_par' dir='ltr' id='par_1_11' title="bbox 655 2665 1535 2737">
     <span class='ocr_line' id='line_1_31' title="bbox 655 2665 1535 2737; baseline 0.005 -11"><span class='ocrx_word' id='word_1_176' title='bbox 655 2665 1137 2737; x_wconf 80' lang='lat' dir='ltr'>QUAESTIO</span> <span class='ocrx_word' id='word_1_177' title='bbox 1204 2667 1535 2730; x_wconf 85' lang='lat' dir='ltr'><strong>PRIMA</strong></span> 
     </span>
    </p>
   </div>
   <div class='ocr_carea' id='block_1_11' title="bbox 490 2929 1838 3011">
    <p class='ocr_par' dir='ltr' id='par_1_12' title="bbox 490 2929 1838 3011">
     <span class='ocr_line' id='line_1_32' title="bbox 490 2929 1838 3011; baseline 0.004 -20"><span class='ocrx_word' id='word_1_178' title='bbox 490 2930 555 2991; x_wconf 92' lang='lat' dir='ltr'>Ic</span> <span class='ocrx_word' id='word_1_179' title='bbox 592 2930 900 3011; x_wconf 82' lang='lat' dir='ltr'>quaeritur</span> <span class='ocrx_word' id='word_1_180' title='bbox 934 2929 1163 3011; x_wconf 85' lang='lat' dir='ltr'>primo,</span> <span class='ocrx_word' id='word_1_181' title='bbox 1198 2931 1327 2995; x_wconf 87' lang='lat' dir='ltr'>An</span> <span class='ocrx_word' id='word_1_182' title='bbox 1365 2930 1632 3008; x_wconf 76' lang='lat' dir='ltr'>ang-eli</span> <span class='ocrx_word' id='word_1_183' title='bbox 1673 2945 1838 2997; x_wconf 81' lang='lat' dir='ltr'>cre-</span> 
     </span>
    </p>
   </div>
   <div class='ocr_carea' id='block_1_12' title="bbox 1950 1946 3728 2072">
    <p class='ocr_par' dir='ltr' id='par_1_13' title="bbox 1950 1946 3728 2072">
     <span class='ocr_line' id='line_1_33' title="bbox 1950 1946 3728 2072; baseline 0.002 -65"><span class='ocrx_word' id='word_1_184' title='bbox 1950 1946 2370 2028; x_wconf 80' lang='lat' dir='ltr'>praehabitum</span> <span class='ocrx_word' id='word_1_185' title='bbox 2413 1955 2526 2008; x_wconf 88' lang='lat' dir='ltr'>cst.</span> <span class='ocrx_word' id='word_1_186' title='bbox 2561 1946 2921 2008; x_wconf 82' lang='lat' dir='ltr'>intellectus</span> <span class='ocrx_word' id='word_1_187' title='bbox 2965 1954 3177 2008; x_wconf 88' lang='lat' dir='ltr'>autem</span> <span class='ocrx_word' id='word_1_188' title='bbox 3221 1946 3439 2008; x_wconf 89' lang='lat' dir='ltr'>huma·</span> <span class='ocrx_word' id='word_1_189' title='bbox 3465 1961 3728 2072; x_wconf 42' lang='grc' dir='ltr'>ξθςιὶῗεῖςϊ</span> 
     </span>
    </p>
   </div>
   <div class='ocr_carea' id='block_1_13' title="bbox 1947 2044 3446 3012">
    <p class='ocr_par' dir='ltr' id='par_1_14' title="bbox 1947 2044 3446 3012">
     <span class='ocr_line' id='line_1_34' title="bbox 1948 2044 3436 2106; baseline 0.001 -1"><span class='ocrx_word' id='word_1_190' title='bbox 1948 2063 2068 2105; x_wconf 90' lang='lat' dir='ltr'>nus</span> <span class='ocrx_word' id='word_1_191' title='bbox 2098 2045 2176 2105; x_wconf 91' lang='lat' dir='ltr'>ad</span> <span class='ocrx_word' id='word_1_192' title='bbox 2207 2044 2369 2105; x_wconf 91' lang='lat' dir='ltr'>hanc</span> <span class='ocrx_word' id='word_1_193' title='bbox 2399 2045 2711 2106; x_wconf 86' lang='lat' dir='ltr'>visionem</span> <span class='ocrx_word' id='word_1_194' title='bbox 2743 2062 2867 2106; x_wconf 92' lang='lat' dir='ltr'>non</span> <span class='ocrx_word' id='word_1_195' title='bbox 2901 2045 3158 2106; x_wconf 85' lang='lat' dir='ltr'>ducitur</span> <span class='ocrx_word' id='word_1_196' title='bbox 3185 2051 3436 2106; x_wconf 89' lang='lat' dir='ltr'>natura-</span> 
     </span>
     <span class='ocr_line' id='line_1_35' title="bbox 1947 2141 3439 2224; baseline 0.001 -21"><span class='ocrx_word' id='word_1_197' title='bbox 1947 2141 1990 2203; x_wconf 93' lang='lat' dir='ltr'>li</span> <span class='ocrx_word' id='word_1_198' title='bbox 2040 2143 2286 2216; x_wconf 89' lang='lat' dir='ltr'>notitia,</span> <span class='ocrx_word' id='word_1_199' title='bbox 2328 2142 2451 2203; x_wconf 92' lang='lat' dir='ltr'>nisi</span> <span class='ocrx_word' id='word_1_200' title='bbox 2503 2162 2615 2224; x_wconf 91' lang='lat' dir='ltr'>per</span> <span class='ocrx_word' id='word_1_201' title='bbox 2661 2143 3115 2205; x_wconf 88' lang='lat' dir='ltr'>similitudines</span> <span class='ocrx_word' id='word_1_202' title='bbox 3157 2162 3232 2204; x_wconf 88' lang='lat' dir='ltr'>ex</span> <span class='ocrx_word' id='word_1_203' title='bbox 3271 2161 3439 2205; x_wconf 88' lang='lat' dir='ltr'>crea-</span> 
     </span>
     <span class='ocr_line' id='line_1_36' title="bbox 1950 2241 3440 2323; baseline 0.002 -22"><span class='ocrx_word' id='word_1_204' title='bbox 1950 2241 2107 2302; x_wconf 89' lang='lat' dir='ltr'>turis</span> <span class='ocrx_word' id='word_1_205' title='bbox 2145 2250 2456 2323; x_wconf 77' lang='lat' dir='ltr'>acceptaS.</span> <span class='ocrx_word' id='word_1_206' title='bbox 2491 2242 2698 2304; x_wconf 89' lang='lat' dir='ltr'>Prima</span> <span class='ocrx_word' id='word_1_207' title='bbox 2735 2242 2960 2304; x_wconf 89' lang='lat' dir='ltr'>harum</span> <span class='ocrx_word' id='word_1_208' title='bbox 2993 2241 3312 2304; x_wconf 91' lang='lat' dir='ltr'>visionum</span> <span class='ocrx_word' id='word_1_209' title='bbox 3343 2249 3440 2304; x_wconf 86' lang='lat' dir='ltr'>est</span> 
     </span>
     <span class='ocr_line' id='line_1_37' title="bbox 1948 2338 3438 2402; baseline 0.001 -1"><span class='ocrx_word' id='word_1_210' title='bbox 1948 2338 2114 2401; x_wconf 90' lang='lat' dir='ltr'>sicut</span> <span class='ocrx_word' id='word_1_211' title='bbox 2161 2339 2385 2402; x_wconf 92' lang='lat' dir='ltr'>oculus</span> <span class='ocrx_word' id='word_1_212' title='bbox 2435 2340 2607 2402; x_wconf 88' lang='lat' dir='ltr'>videt</span> <span class='ocrx_word' id='word_1_213' title='bbox 2657 2340 2860 2402; x_wconf 90' lang='lat' dir='ltr'>lucem</span> <span class='ocrx_word' id='word_1_214' title='bbox 2911 2341 3320 2402; x_wconf 84' lang='lat' dir='ltr'>exsistentem</span> <span class='ocrx_word' id='word_1_215' title='bbox 3373 2339 3438 2402; x_wconf 92' lang='lat' dir='ltr'>in</span> 
     </span>
     <span class='ocr_line' id='line_1_38' title="bbox 1949 2437 3443 2520; baseline 0.001 -22"><span class='ocrx_word' id='word_1_216' title='bbox 1949 2437 2196 2520; x_wconf 89' lang='lat' dir='ltr'>pupilla</span> <span class='ocrx_word' id='word_1_217' title='bbox 2229 2458 2243 2502; x_wconf 91' lang='lat'>:</span> <span class='ocrx_word' id='word_1_218' title='bbox 2277 2458 2470 2519; x_wconf 88' lang='lat' dir='ltr'>quam</span> <span class='ocrx_word' id='word_1_219' title='bbox 2501 2438 2668 2500; x_wconf 87' lang='lat' dir='ltr'>videt</span> <span class='ocrx_word' id='word_1_220' title='bbox 2708 2458 2820 2520; x_wconf 85' lang='lat' dir='ltr'>per</span> <span class='ocrx_word' id='word_1_221' title='bbox 2861 2459 2949 2512; x_wconf 91' lang='lat' dir='ltr'>se,</span> <span class='ocrx_word' id='word_1_222' title='bbox 2984 2457 3110 2500; x_wconf 84' lang='lat' dir='ltr'>non</span> <span class='ocrx_word' id='word_1_223' title='bbox 3153 2458 3267 2520; x_wconf 90' lang='lat' dir='ltr'>per</span> <span class='ocrx_word' id='word_1_224' title='bbox 3305 2457 3443 2520; x_wconf 89' lang='lat' dir='ltr'>spe-</span> 
     </span>
     <span class='ocr_line' id='line_1_39' title="bbox 1949 2537 3444 2619; baseline 0.001 -22"><span class='ocrx_word' id='word_1_225' title='bbox 1949 2537 2111 2598; x_wconf 88' lang='lat' dir='ltr'>ciem</span> <span class='ocrx_word' id='word_1_226' title='bbox 2144 2538 2348 2599; x_wconf 90' lang='lat' dir='ltr'>aliam.</span> <span class='ocrx_word' id='word_1_227' title='bbox 2366 2538 2538 2600; x_wconf 78' lang='lat' dir='ltr'>Visio</span> <span class='ocrx_word' id='word_1_228' title='bbox 2561 2546 2770 2600; x_wconf 89' lang='lat' dir='ltr'>autem</span> <span class='ocrx_word' id='word_1_229' title='bbox 2801 2557 2925 2619; x_wconf 90' lang='lat' dir='ltr'>qua</span> <span class='ocrx_word' id='word_1_230' title='bbox 2953 2538 3214 2618; x_wconf 89' lang='lat' dir='ltr'>angelus</span> <span class='ocrx_word' id='word_1_231' title='bbox 3245 2538 3444 2599; x_wconf 87' lang='lat' dir='ltr'>Deum</span> 
     </span>
     <span class='ocr_line' id='line_1_40' title="bbox 1948 2635 3445 2717; baseline 0 -21"><span class='ocrx_word' id='word_1_232' title='bbox 1948 2635 2141 2706; x_wconf 85' lang='lat' dir='ltr'>videt,</span> <span class='ocrx_word' id='word_1_233' title='bbox 2175 2644 2270 2696; x_wconf 90' lang='lat' dir='ltr'>est</span> <span class='ocrx_word' id='word_1_234' title='bbox 2311 2635 2540 2698; x_wconf 90' lang='lat' dir='ltr'>similis</span> <span class='ocrx_word' id='word_1_235' title='bbox 2579 2636 2808 2698; x_wconf 91' lang='lat' dir='ltr'>visioni</span> <span class='ocrx_word' id='word_1_236' title='bbox 2849 2654 2974 2717; x_wconf 89' lang='lat' dir='ltr'>qua</span> <span class='ocrx_word' id='word_1_237' title='bbox 3012 2635 3156 2716; x_wconf 89' lang='lat' dir='ltr'>quis</span> <span class='ocrx_word' id='word_1_238' title='bbox 3200 2636 3445 2717; x_wconf 87' lang='lat' dir='ltr'>conspi-</span> 
     </span>
     <span class='ocr_line' id='line_1_41' title="bbox 1950 2729 3444 2816; baseline 0.001 -22"><span class='ocrx_word' id='word_1_239' title='bbox 1950 2734 2035 2795; x_wconf 87' lang='lat' dir='ltr'>cit</span> <span class='ocrx_word' id='word_1_240' title='bbox 2084 2729 2432 2796; x_wconf 77' lang='lat' dir='ltr'>hominem&#39;</span> <span class='ocrx_word' id='word_1_241' title='bbox 2470 2753 2583 2816; x_wconf 89' lang='lat' dir='ltr'>per</span> <span class='ocrx_word' id='word_1_242' title='bbox 2641 2733 3125 2796; x_wconf 90' lang='lat' dir='ltr'>similitudinem</span> <span class='ocrx_word' id='word_1_243' title='bbox 3175 2734 3255 2796; x_wconf 88' lang='lat' dir='ltr'>ab</span> <span class='ocrx_word' id='word_1_244' title='bbox 3306 2735 3444 2816; x_wconf 91' lang='lat' dir='ltr'>ipso</span> 
     </span>
     <span class='ocr_line' id='line_1_42' title="bbox 1951 2832 3445 2914; baseline 0.001 -21"><span class='ocrx_word' id='word_1_245' title='bbox 1951 2832 2318 2894; x_wconf 88' lang='lat' dir='ltr'>immediate</span> <span class='ocrx_word' id='word_1_246' title='bbox 2357 2841 2703 2914; x_wconf 84' lang='lat' dir='ltr'>acceptam.</span> <span class='ocrx_word' id='word_1_247' title='bbox 2739 2833 2945 2895; x_wconf 88' lang='lat' dir='ltr'>Tertia</span> <span class='ocrx_word' id='word_1_248' title='bbox 2972 2851 3121 2895; x_wconf 89' lang='lat' dir='ltr'>vero</span> <span class='ocrx_word' id='word_1_249' title='bbox 3151 2833 3314 2894; x_wconf 90' lang='lat' dir='ltr'>visio</span> <span class='ocrx_word' id='word_1_250' title='bbox 3352 2851 3445 2894; x_wconf 88' lang='lat' dir='ltr'>as·</span> 
     </span>
     <span class='ocr_line' id='line_1_43' title="bbox 1950 2929 3446 3012; baseline 0.001 -21"><span class='ocrx_word' id='word_1_251' title='bbox 1950 2929 2268 2991; x_wconf 89' lang='lat' dir='ltr'>similatur</span> <span class='ocrx_word' id='word_1_252' title='bbox 2315 2929 2545 2992; x_wconf 86' lang='lat' dir='ltr'>visioni</span> <span class='ocrx_word' id='word_1_253' title='bbox 2596 2951 2722 3012; x_wconf 88' lang='lat' dir='ltr'>qua</span> <span class='ocrx_word' id='word_1_254' title='bbox 2768 2931 2912 3012; x_wconf 89' lang='lat' dir='ltr'>quis</span> <span class='ocrx_word' id='word_1_255' title='bbox 2971 2931 3304 3012; x_wconf 89' lang='lat' dir='ltr'>speculum</span> <span class='ocrx_word' id='word_1_256' title='bbox 3354 2931 3446 2992; x_wconf 91' lang='lat' dir='ltr'>in-</span> 
     </span>
    </p>
   </div>
   <div class='ocr_carea' id='block_1_14' title="bbox 510 3027 3442 3111">
    <p class='ocr_par' dir='ltr' id='par_1_15' title="bbox 510 3027 3442 3111">
     <span class='ocr_line' id='line_1_44' title="bbox 510 3027 3442 3111; baseline -0.001 -17"><span class='ocrx_word' id='word_1_257' title='bbox 510 3029 627 3094; x_wconf 74' lang='lat' dir='ltr'>ati</span> <span class='ocrx_word' id='word_1_258' title='bbox 656 3030 825 3093; x_wconf 78' lang='lat' dir='ltr'>sint</span> <span class='ocrx_word' id='word_1_259' title='bbox 852 3027 1234 3108; x_wconf 81' lang='lat' dir='ltr'>beat1,1ta</span> <span class='ocrx_word' id='word_1_260' title='bbox 1262 3030 1470 3109; x_wconf 87' lang='lat' dir='ltr'>quod</span> <span class='ocrx_word' id='word_1_261' title='bbox 1499 3028 1839 3095; x_wconf 78' lang='lat' dir='ltr'>beatitu-</span> <span class='ocrx_word' id='word_1_262' title='bbox 1875 3027 1919 3090; x_wconf 88' lang='lat' dir='ltr'>C</span> <span class='ocrx_word' id='word_1_263' title='bbox 1951 3028 2210 3100; x_wconf 92' lang='lat' dir='ltr'>tuendo,</span> <span class='ocrx_word' id='word_1_264' title='bbox 2243 3028 2416 3090; x_wconf 87' lang='lat' dir='ltr'>videt</span> <span class='ocrx_word' id='word_1_265' title='bbox 2447 3028 2510 3090; x_wconf 93' lang='lat' dir='ltr'>in</span> <span class='ocrx_word' id='word_1_266' title='bbox 2543 3047 2619 3091; x_wconf 89' lang='lat' dir='ltr'>eo</span> <span class='ocrx_word' id='word_1_267' title='bbox 2647 3029 2972 3097; x_wconf 87' lang='lat' dir='ltr'>hominem</span> <span class='ocrx_word' id='word_1_268' title='bbox 3015 3049 3128 3111; x_wconf 90' lang='lat' dir='ltr'>per</span> <span class='ocrx_word' id='word_1_269' title='bbox 3162 3029 3442 3110; x_wconf 90' lang='lat' dir='ltr'>speciem</span> 
     </span>
    </p>
   </div>
   <div class='ocr_carea' id='block_1_15' title="bbox 348 3125 1716 3202">
    <p class='ocr_par' dir='ltr' id='par_1_16' title="bbox 348 3125 1716 3202">
     <span class='ocr_line' id='line_1_45' title="bbox 348 3125 1716 3202; baseline 0.002 -11"><span class='ocrx_word' id='word_1_270' title='bbox 348 3125 443 3191; x_wconf 85' lang='lat' dir='ltr'>do</span> <span class='ocrx_word' id='word_1_271' title='bbox 483 3140 629 3191; x_wconf 83' lang='lat' dir='ltr'>seu</span> <span class='ocrx_word' id='word_1_272' title='bbox 669 3125 931 3202; x_wconf 79' lang='lat' dir='ltr'>gloria</span> <span class='ocrx_word' id='word_1_273' title='bbox 972 3127 1089 3191; x_wconf 77' lang='lat' dir='ltr'>ets</span> <span class='ocrx_word' id='word_1_274' title='bbox 1129 3128 1240 3191; x_wconf 80' lang='lat' dir='ltr'>stt</span> <span class='ocrx_word' id='word_1_275' title='bbox 1278 3130 1716 3194; x_wconf 79' lang='lat' dir='ltr'>concreata.</span> 
     </span>
    </p>
   </div>
   <div class='ocr_carea' id='block_1_16' title="bbox 196 3223 1842 3306">
    <p class='ocr_par' dir='ltr' id='par_1_17' title="bbox 196 3223 1842 3306">
     <span class='ocr_line' id='line_1_46' title="bbox 196 3223 1842 3306; baseline 0.005 -30"><span class='ocrx_word' id='word_1_276' title='bbox 196 3248 325 3285; x_wconf 58' lang='lat' dir='ltr'>nm,</span> <span class='ocrx_word' id='word_1_277' title='bbox 426 3223 691 3284; x_wconf 81' lang='lat' dir='ltr'>Videtur</span> <span class='ocrx_word' id='word_1_278' title='bbox 718 3223 887 3304; x_wconf 83' lang='lat' dir='ltr'>quod</span> <span class='ocrx_word' id='word_1_279' title='bbox 918 3223 1029 3284; x_wconf 92' lang='lat' dir='ltr'>sic.</span> <span class='ocrx_word' id='word_1_280' title='bbox 1065 3223 1295 3296; x_wconf 90' lang='lat' dir='ltr'>Primo,</span> <span class='ocrx_word' id='word_1_281' title='bbox 1319 3223 1469 3305; x_wconf 89' lang='lat' dir='ltr'>quia</span> <span class='ocrx_word' id='word_1_282' title='bbox 1498 3225 1607 3285; x_wconf 91' lang='lat' dir='ltr'>Dei</span> <span class='ocrx_word' id='word_1_283' title='bbox 1642 3224 1842 3306; x_wconf 89' lang='lat' dir='ltr'>perfe-</span> 
     </span>
    </p>
   </div>
   <div class='ocr_carea' id='block_1_17' title="bbox 353 3320 1843 3503">
    <p class='ocr_par' dir='ltr' id='par_1_18' title="bbox 353 3320 1843 3503">
     <span class='ocr_line' id='line_1_47' title="bbox 353 3320 1841 3403; baseline 0.001 -21"><span class='ocrx_word' id='word_1_284' title='bbox 353 3326 447 3382; x_wconf 90' lang='lat' dir='ltr'>cta</span> <span class='ocrx_word' id='word_1_285' title='bbox 477 3331 616 3383; x_wconf 90' lang='lat' dir='ltr'>sunt</span> <span class='ocrx_word' id='word_1_286' title='bbox 640 3339 827 3403; x_wconf 88' lang='lat' dir='ltr'>opera</span> <span class='ocrx_word' id='word_1_287' title='bbox 851 3320 1186 3403; x_wconf 88' lang='lat' dir='ltr'>:perfectio</span> <span class='ocrx_word' id='word_1_288' title='bbox 1214 3329 1416 3384; x_wconf 91' lang='lat' dir='ltr'>autem</span> <span class='ocrx_word' id='word_1_289' title='bbox 1446 3322 1511 3384; x_wconf 92' lang='lat' dir='ltr'>in</span> <span class='ocrx_word' id='word_1_290' title='bbox 1537 3322 1841 3384; x_wconf 88' lang='lat' dir='ltr'>felicitate</span> 
     </span>
     <span class='ocr_line' id='line_1_48' title="bbox 354 3420 1843 3503; baseline 0.003 -23"><span class='ocrx_word' id='word_1_291' title='bbox 354 3420 657 3482; x_wconf 86' lang='lat' dir='ltr'>consistit.</span> <span class='ocrx_word' id='word_1_292' title='bbox 684 3455 760 3465; x_wconf 89' lang='lat'>—</span> <span class='ocrx_word' id='word_1_293' title='bbox 792 3420 1102 3493; x_wconf 87' lang='lat' dir='ltr'>SecundO,</span> <span class='ocrx_word' id='word_1_294' title='bbox 1138 3420 1287 3501; x_wconf 89' lang='lat' dir='ltr'>quia</span> <span class='ocrx_word' id='word_1_295' title='bbox 1327 3422 1403 3482; x_wconf 90' lang='lat' dir='ltr'>de</span> <span class='ocrx_word' id='word_1_296' title='bbox 1450 3421 1657 3502; x_wconf 90' lang='lat' dir='ltr'>primo</span> <span class='ocrx_word' id='word_1_297' title='bbox 1700 3441 1843 3503; x_wconf 91' lang='lat' dir='ltr'>apo-</span> 
     </span>
    </p>
   </div>
   <div class='ocr_carea' id='block_1_18' title="bbox 272 3517 1841 3699">
    <p class='ocr_par' dir='ltr' id='par_1_19' title="bbox 272 3517 1841 3699">
     <span class='ocr_line' id='line_1_49' title="bbox 272 3517 1841 3600; baseline 0.004 -24"><span class='ocrx_word' id='word_1_298' title='bbox 272 3566 284 3576; x_wconf 90' lang='lat'>.</span> <span class='ocrx_word' id='word_1_299' title='bbox 352 3525 506 3580; x_wconf 83' lang='lat' dir='ltr'>stata</span> <span class='ocrx_word' id='word_1_300' title='bbox 544 3519 769 3600; x_wconf 87' lang='lat' dir='ltr'>angelo</span> <span class='ocrx_word' id='word_1_301' title='bbox 812 3519 875 3579; x_wconf 90' lang='lat' dir='ltr'>in</span> <span class='ocrx_word' id='word_1_302' title='bbox 916 3517 1242 3580; x_wconf 89' lang='lat' dir='ltr'>Ezechiele</span> <span class='ocrx_word' id='word_1_303' title='bbox 1282 3519 1551 3580; x_wconf 89' lang='lat' dir='ltr'>habetur</span> <span class='ocrx_word' id='word_1_304' title='bbox 1586 3539 1597 3581; x_wconf 93' lang='lat'>:</span> <span class='ocrx_word' id='word_1_305' title='bbox 1633 3521 1699 3581; x_wconf 90' lang='lat' dir='ltr'>In</span> <span class='ocrx_word' id='word_1_306' title='bbox 1736 3521 1841 3582; x_wconf 92' lang='lat' dir='ltr'>de-</span> 
     </span>
     <span class='ocr_line' id='line_1_50' title="bbox 290 3615 1838 3699; baseline 0.003 -23"><span class='ocrx_word' id='word_1_307' title='bbox 290 3629 301 3640; x_wconf 80' lang='grc'><strong><em>’</em></strong></span> <span class='ocrx_word' id='word_1_308' title='bbox 354 3616 514 3678; x_wconf 90' lang='lat' dir='ltr'>liciis</span> <span class='ocrx_word' id='word_1_309' title='bbox 564 3616 841 3698; x_wconf 86' lang='lat' dir='ltr'>paradisi</span> <span class='ocrx_word' id='word_1_310' title='bbox 889 3615 997 3678; x_wconf 91' lang='lat' dir='ltr'>Dei</span> <span class='ocrx_word' id='word_1_311' title='bbox 1045 3615 1241 3678; x_wconf 87' lang='lat' dir='ltr'>fuisti.</span> <span class='ocrx_word' id='word_1_312' title='bbox 1276 3651 1357 3662; x_wconf 86' lang='lat'>—</span> <span class='ocrx_word' id='word_1_313' title='bbox 1386 3617 1614 3691; x_wconf 90' lang='lat' dir='ltr'>Tertio,</span> <span class='ocrx_word' id='word_1_314' title='bbox 1648 3618 1838 3699; x_wconf 91' lang='lat' dir='ltr'>primi</span> 
     </span>
    </p>
   </div>
   <div class='ocr_carea' id='block_1_19' title="bbox 349 3713 1844 4187">
    <p class='ocr_par' dir='ltr' id='par_1_20' title="bbox 349 3713 1844 4187">
     <span class='ocr_line' id='line_1_51' title="bbox 350 3713 1842 3796; baseline 0.003 -22"><span class='ocrx_word' id='word_1_315' title='bbox 350 3713 640 3776; x_wconf 90' lang='lat' dir='ltr'>homines</span> <span class='ocrx_word' id='word_1_316' title='bbox 684 3713 833 3775; x_wconf 87' lang='lat' dir='ltr'>facti</span> <span class='ocrx_word' id='word_1_317' title='bbox 878 3721 1025 3775; x_wconf 92' lang='lat' dir='ltr'>sunt</span> <span class='ocrx_word' id='word_1_318' title='bbox 1064 3714 1127 3775; x_wconf 93' lang='lat' dir='ltr'>in</span> <span class='ocrx_word' id='word_1_319' title='bbox 1173 3713 1357 3776; x_wconf 90' lang='lat' dir='ltr'>donis</span> <span class='ocrx_word' id='word_1_320' title='bbox 1396 3715 1611 3796; x_wconf 70' lang='lat' dir='ltr'>gratim</span> <span class='ocrx_word' id='word_1_321' title='bbox 1646 3732 1659 3777; x_wconf 75' lang='grc' dir='ltr'>ε</span> <span class='ocrx_word' id='word_1_322' title='bbox 1692 3733 1842 3796; x_wconf 89' lang='lat' dir='ltr'>ergo</span> 
     </span>
     <span class='ocr_line' id='line_1_52' title="bbox 349 3811 1844 3893; baseline 0.001 -21"><span class='ocrx_word' id='word_1_323' title='bbox 349 3811 553 3893; x_wconf 86' lang='lat' dir='ltr'>angeli</span> <span class='ocrx_word' id='word_1_324' title='bbox 598 3811 665 3874; x_wconf 91' lang='lat' dir='ltr'>in</span> <span class='ocrx_word' id='word_1_325' title='bbox 711 3811 894 3874; x_wconf 91' lang='lat' dir='ltr'>donis</span> <span class='ocrx_word' id='word_1_326' title='bbox 940 3811 1179 3892; x_wconf 82' lang='lat' dir='ltr'>gloriae,</span> <span class='ocrx_word' id='word_1_327' title='bbox 1219 3831 1417 3893; x_wconf 89' lang='lat' dir='ltr'>quum</span> <span class='ocrx_word' id='word_1_328' title='bbox 1468 3813 1595 3874; x_wconf 91' lang='lat' dir='ltr'>sint</span> <span class='ocrx_word' id='word_1_329' title='bbox 1642 3813 1844 3875; x_wconf 87' lang='lat' dir='ltr'>homi-</span> 
     </span>
     <span class='ocr_line' id='line_1_53' title="bbox 350 3908 1838 3991; baseline 0.001 -21"><span class='ocrx_word' id='word_1_330' title='bbox 350 3909 537 3971; x_wconf 91' lang='lat' dir='ltr'>nibus</span> <span class='ocrx_word' id='word_1_331' title='bbox 597 3908 1007 3990; x_wconf 81' lang='lat' dir='ltr'>perfectiores</span> <span class='ocrx_word' id='word_1_332' title='bbox 1060 3908 1125 3970; x_wconf 92' lang='lat' dir='ltr'>in</span> <span class='ocrx_word' id='word_1_333' title='bbox 1183 3910 1416 3991; x_wconf 90' lang='lat' dir='ltr'>specie.</span> <span class='ocrx_word' id='word_1_334' title='bbox 1461 3946 1542 3955; x_wconf 92' lang='lat'><strong>—</strong></span> <span class='ocrx_word' id='word_1_335' title='bbox 1587 3911 1838 3984; x_wconf 88' lang='lat' dir='ltr'>Quarto,</span> 
     </span>
     <span class='ocr_line' id='line_1_54' title="bbox 350 4007 1841 4090; baseline 0.003 -23"><span class='ocrx_word' id='word_1_336' title='bbox 350 4007 497 4087; x_wconf 89' lang='lat' dir='ltr'>quia</span> <span class='ocrx_word' id='word_1_337' title='bbox 526 4017 637 4068; x_wconf 90' lang='lat' dir='ltr'>aut</span> <span class='ocrx_word' id='word_1_338' title='bbox 666 4007 937 4070; x_wconf 90' lang='lat' dir='ltr'>viatores</span> <span class='ocrx_word' id='word_1_339' title='bbox 967 4015 1076 4068; x_wconf 87' lang='lat' dir='ltr'>aut</span> <span class='ocrx_word' id='word_1_340' title='bbox 1107 4008 1667 4089; x_wconf 87' lang='lat' dir='ltr'>comprehensores</span> <span class='ocrx_word' id='word_1_341' title='bbox 1699 4028 1841 4090; x_wconf 90' lang='lat' dir='ltr'>pro-</span> 
     </span>
     <span class='ocr_line' id='line_1_55' title="bbox 350 4105 1842 4187; baseline 0.004 -23"><span class='ocrx_word' id='word_1_342' title='bbox 350 4105 520 4166; x_wconf 88' lang='lat' dir='ltr'>ducti</span> <span class='ocrx_word' id='word_1_343' title='bbox 572 4112 721 4166; x_wconf 88' lang='lat' dir='ltr'>sunt</span> <span class='ocrx_word' id='word_1_344' title='bbox 764 4124 779 4168; x_wconf 90' lang='lat'>:</span> <span class='ocrx_word' id='word_1_345' title='bbox 824 4123 948 4167; x_wconf 92' lang='lat' dir='ltr'>non</span> <span class='ocrx_word' id='word_1_346' title='bbox 1000 4106 1291 4178; x_wconf 79' lang='lat' dir='ltr'>viatoreS‚</span> <span class='ocrx_word' id='word_1_347' title='bbox 1339 4107 1488 4187; x_wconf 91' lang='lat' dir='ltr'>quia</span> <span class='ocrx_word' id='word_1_348' title='bbox 1536 4125 1661 4170; x_wconf 92' lang='lat' dir='ltr'>non</span> <span class='ocrx_word' id='word_1_349' title='bbox 1710 4128 1842 4170; x_wconf 89' lang='lat' dir='ltr'>am-</span> 
     </span>
    </p>
   </div>
   <div class='ocr_carea' id='block_1_20' title="bbox 1950 3125 3448 4190">
    <p class='ocr_par' dir='ltr' id='par_1_21' title="bbox 1950 3125 3448 4190">
     <span class='ocr_line' id='line_1_56' title="bbox 1950 3125 3441 3208; baseline 0.001 -21"><span class='ocrx_word' id='word_1_350' title='bbox 1950 3125 2030 3187; x_wconf 90' lang='lat' dir='ltr'>ab</span> <span class='ocrx_word' id='word_1_351' title='bbox 2076 3126 2332 3188; x_wconf 90' lang='lat' dir='ltr'>homine</span> <span class='ocrx_word' id='word_1_352' title='bbox 2379 3127 2444 3188; x_wconf 91' lang='lat' dir='ltr'>in</span> <span class='ocrx_word' id='word_1_353' title='bbox 2489 3127 2750 3208; x_wconf 91' lang='lat' dir='ltr'>speculo</span> <span class='ocrx_word' id='word_1_354' title='bbox 2793 3127 3224 3190; x_wconf 88' lang='lat' dir='ltr'>resultantem.</span> <span class='ocrx_word' id='word_1_355' title='bbox 3259 3127 3335 3189; x_wconf 87' lang='lat' dir='ltr'>Et</span> <span class='ocrx_word' id='word_1_356' title='bbox 3378 3127 3441 3188; x_wconf 93' lang='lat' dir='ltr'>in</span> 
     </span>
     <span class='ocr_line' id='line_1_57' title="bbox 1952 3223 3446 3288; baseline 0.001 -3"><span class='ocrx_word' id='word_1_357' title='bbox 1952 3224 2067 3286; x_wconf 92' lang='lat' dir='ltr'>hac</span> <span class='ocrx_word' id='word_1_358' title='bbox 2125 3225 2396 3286; x_wconf 86' lang='lat' dir='ltr'>naturali</span> <span class='ocrx_word' id='word_1_359' title='bbox 2454 3225 2844 3287; x_wconf 88' lang='lat' dir='ltr'>beatitudine</span> <span class='ocrx_word' id='word_1_360' title='bbox 2892 3224 3158 3288; x_wconf 84' lang='lat' dir='ltr'>visionis</span> <span class='ocrx_word' id='word_1_361' title='bbox 3213 3223 3446 3287; x_wconf 81' lang='lat' dir='ltr'>divinae</span> 
     </span>
     <span class='ocr_line' id='line_1_58' title="bbox 1950 3323 3444 3405; baseline 0 -21"><span class='ocrx_word' id='word_1_362' title='bbox 1950 3323 2157 3402; x_wconf 85' lang='lat' dir='ltr'>angeli</span> <span class='ocrx_word' id='word_1_363' title='bbox 2209 3330 2356 3384; x_wconf 90' lang='lat' dir='ltr'>sunt</span> <span class='ocrx_word' id='word_1_364' title='bbox 2401 3323 2632 3400; x_wconf 83' lang='lat' dir='ltr'>creati3</span> <span class='ocrx_word' id='word_1_365' title='bbox 2672 3341 2799 3385; x_wconf 91' lang='lat' dir='ltr'>non</span> <span class='ocrx_word' id='word_1_366' title='bbox 2848 3331 3060 3385; x_wconf 90' lang='lat' dir='ltr'>autem</span> <span class='ocrx_word' id='word_1_367' title='bbox 3113 3323 3178 3385; x_wconf 90' lang='lat' dir='ltr'>in</span> <span class='ocrx_word' id='word_1_368' title='bbox 3227 3341 3444 3405; x_wconf 90' lang='lat' dir='ltr'>super-</span> 
     </span>
     <span class='ocr_line' id='line_1_59' title="bbox 1951 3419 3446 3502; baseline 0.001 -21"><span class='ocrx_word' id='word_1_369' title='bbox 1951 3421 2221 3482; x_wconf 89' lang='lat' dir='ltr'>naturali</span> <span class='ocrx_word' id='word_1_370' title='bbox 2252 3419 2667 3494; x_wconf 89' lang='lat' dir='ltr'>beatitudine,</span> <span class='ocrx_word' id='word_1_371' title='bbox 2701 3441 2826 3502; x_wconf 91' lang='lat' dir='ltr'>qua</span> <span class='ocrx_word' id='word_1_372' title='bbox 2854 3421 3134 3484; x_wconf 90' lang='lat' dir='ltr'>divinam</span> <span class='ocrx_word' id='word_1_373' title='bbox 3167 3429 3446 3484; x_wconf 90' lang='lat' dir='ltr'>contem-</span> 
     </span>
     <span class='ocr_line' id='line_1_60' title="bbox 1953 3517 3448 3602; baseline 0.002 -25"><span class='ocrx_word' id='word_1_374' title='bbox 1953 3517 2210 3598; x_wconf 88' lang='lat' dir='ltr'>plantur</span> <span class='ocrx_word' id='word_1_375' title='bbox 2248 3518 2589 3580; x_wconf 87' lang='lat' dir='ltr'>essentiam</span> <span class='ocrx_word' id='word_1_376' title='bbox 2633 3536 2760 3581; x_wconf 91' lang='lat' dir='ltr'>non</span> <span class='ocrx_word' id='word_1_377' title='bbox 2806 3539 2919 3601; x_wconf 90' lang='lat' dir='ltr'>per</span> <span class='ocrx_word' id='word_1_378' title='bbox 2960 3519 3238 3602; x_wconf 88' lang='lat' dir='ltr'>speciem</span> <span class='ocrx_word' id='word_1_379' title='bbox 3280 3538 3448 3581; x_wconf 90' lang='lat' dir='ltr'>crea-</span> 
     </span>
     <span class='ocr_line' id='line_1_61' title="bbox 1954 3617 3443 3696; baseline 0.003 -20"><span class='ocrx_word' id='word_1_380' title='bbox 1954 3623 2080 3676; x_wconf 88' lang='lat' dir='ltr'>tam</span> <span class='ocrx_word' id='word_1_381' title='bbox 2136 3624 2478 3696; x_wconf 89' lang='lat' dir='ltr'>receptam,</span> <span class='ocrx_word' id='word_1_382' title='bbox 2530 3617 2639 3678; x_wconf 91' lang='lat' dir='ltr'>scd</span> <span class='ocrx_word' id='word_1_383' title='bbox 2691 3618 3056 3691; x_wconf 87' lang='lat' dir='ltr'>increatam,</span> <span class='ocrx_word' id='word_1_384' title='bbox 3108 3625 3178 3679; x_wconf 90' lang='lat' dir='ltr'>ut</span> <span class='ocrx_word' id='word_1_385' title='bbox 3223 3636 3443 3681; x_wconf 90' lang='lat' dir='ltr'>eorum</span> 
     </span>
     <span class='ocr_line' id='line_1_62' title="bbox 1954 3713 3442 3779; baseline 0.003 -5"><span class='ocrx_word' id='word_1_386' title='bbox 1954 3713 2280 3776; x_wconf 90' lang='lat' dir='ltr'>beatitudo</span> <span class='ocrx_word' id='word_1_387' title='bbox 2313 3714 2603 3778; x_wconf 81' lang='lat' dir='ltr'>increatae</span> <span class='ocrx_word' id='word_1_388' title='bbox 2630 3715 2916 3777; x_wconf 90' lang='lat' dir='ltr'>felicitati</span> <span class='ocrx_word' id='word_1_389' title='bbox 2949 3715 3292 3778; x_wconf 90' lang='lat' dir='ltr'>conformis</span> <span class='ocrx_word' id='word_1_390' title='bbox 3322 3716 3442 3779; x_wconf 88' lang='lat' dir='ltr'>sit:</span> 
     </span>
     <span class='ocr_line' id='line_1_63' title="bbox 1954 3812 3448 3878; baseline 0.001 -4"><span class='ocrx_word' id='word_1_391' title='bbox 1954 3820 2015 3874; x_wconf 92' lang='lat' dir='ltr'>et</span> <span class='ocrx_word' id='word_1_392' title='bbox 2047 3812 2211 3873; x_wconf 87' lang='lat' dir='ltr'>hanc</span> <span class='ocrx_word' id='word_1_393' title='bbox 2241 3812 2700 3875; x_wconf 89' lang='lat' dir='ltr'>beatitudinem</span> <span class='ocrx_word' id='word_1_394' title='bbox 2731 3814 2882 3876; x_wconf 91' lang='lat' dir='ltr'>boni</span> <span class='ocrx_word' id='word_1_395' title='bbox 2917 3822 3306 3876; x_wconf 89' lang='lat' dir='ltr'>meruerunt.</span> <span class='ocrx_word' id='word_1_396' title='bbox 3341 3814 3448 3878; x_wconf 81' lang='lat' dir='ltr'>Mi-</span> 
     </span>
     <span class='ocr_line' id='line_1_64' title="bbox 1955 3909 3446 3994; baseline 0.001 -22"><span class='ocrx_word' id='word_1_397' title='bbox 1955 3909 2121 3972; x_wconf 92' lang='lat' dir='ltr'>seria</span> <span class='ocrx_word' id='word_1_398' title='bbox 2163 3929 2416 3991; x_wconf 91' lang='lat' dir='ltr'>quoque</span> <span class='ocrx_word' id='word_1_399' title='bbox 2459 3929 2584 3973; x_wconf 93' lang='lat' dir='ltr'>non</span> <span class='ocrx_word' id='word_1_400' title='bbox 2630 3912 2837 3992; x_wconf 88' lang='lat' dir='ltr'>potuit</span> <span class='ocrx_word' id='word_1_401' title='bbox 2883 3911 2945 3973; x_wconf 90' lang='lat' dir='ltr'>in</span> <span class='ocrx_word' id='word_1_402' title='bbox 2991 3913 3174 3974; x_wconf 90' lang='lat' dir='ltr'>malis</span> <span class='ocrx_word' id='word_1_403' title='bbox 3219 3932 3446 3994; x_wconf 82' lang='lat' dir='ltr'>praece-</span> 
     </span>
     <span class='ocr_line' id='line_1_65' title="bbox 1956 4009 3446 4092; baseline 0.001 -22"><span class='ocrx_word' id='word_1_404' title='bbox 1956 4009 2103 4070; x_wconf 89' lang='lat' dir='ltr'>dere</span> <span class='ocrx_word' id='word_1_405' title='bbox 2148 4009 2422 4090; x_wconf 90' lang='lat' dir='ltr'>culpam.</span> <span class='ocrx_word' id='word_1_406' title='bbox 2460 4009 2604 4072; x_wconf 81' lang='lat' dir='ltr'>Haec</span> <span class='ocrx_word' id='word_1_407' title='bbox 2644 4010 2913 4072; x_wconf 86' lang='lat' dir='ltr'>Thomas</span> <span class='ocrx_word' id='word_1_408' title='bbox 2957 4010 3022 4072; x_wconf 90' lang='lat' dir='ltr'>in</span> <span class='ocrx_word' id='word_1_409' title='bbox 3066 4011 3331 4092; x_wconf 90' lang='lat' dir='ltr'>Scripto.</span> <span class='ocrx_word' id='word_1_410' title='bbox 3365 4047 3446 4056; x_wconf 91' lang='lat'>--</span> 
     </span>
     <span class='ocr_line' id='line_1_66' title="bbox 1954 4107 3443 4190; baseline 0.002 -22"><span class='ocrx_word' id='word_1_411' title='bbox 1954 4108 2127 4169; x_wconf 89' lang='lat' dir='ltr'>Idem</span> <span class='ocrx_word' id='word_1_412' title='bbox 2175 4107 2236 4168; x_wconf 92' lang='lat' dir='ltr'>in</span> <span class='ocrx_word' id='word_1_413' title='bbox 2282 4107 2488 4188; x_wconf 89' lang='lat' dir='ltr'>prima</span> <span class='ocrx_word' id='word_1_414' title='bbox 2536 4116 2711 4188; x_wconf 84' lang='lat' dir='ltr'>parte</span> <span class='ocrx_word' id='word_1_415' title='bbox 2756 4109 3053 4182; x_wconf 64' lang='lat' dir='ltr'>Summae,</span> <span class='ocrx_word' id='word_1_416' title='bbox 3096 4109 3443 4190; x_wconf 80' lang='lat' dir='ltr'>quaestione</span> 
     </span>
    </p>
   </div>
   <div class='ocr_carea' id='block_1_21' title="bbox 350 4201 2680 4286">
    <p class='ocr_par' dir='ltr' id='par_1_22' title="bbox 350 4201 2680 4286">
     <span class='ocr_line' id='line_1_67' title="bbox 350 4201 2680 4286; baseline 0.002 -23"><span class='ocrx_word' id='word_1_417' title='bbox 350 4201 731 4264; x_wconf 86' lang='lat' dir='ltr'>bulaverunt</span> <span class='ocrx_word' id='word_1_418' title='bbox 791 4222 905 4284; x_wconf 93' lang='lat' dir='ltr'>per</span> <span class='ocrx_word' id='word_1_419' title='bbox 960 4203 1179 4276; x_wconf 89' lang='lat' dir='ltr'>fidem,</span> <span class='ocrx_word' id='word_1_420' title='bbox 1239 4223 1355 4266; x_wconf 90' lang='lat' dir='ltr'>nec</span> <span class='ocrx_word' id='word_1_421' title='bbox 1412 4215 1843 4286; x_wconf 85' lang='lat' dir='ltr'>cognoverunt</span> <span class='ocrx_word' id='word_1_422' title='bbox 1875 4205 2344 4285; x_wconf 87' lang='lat' dir='ltr'>Dsexagesima</span> <span class='ocrx_word' id='word_1_423' title='bbox 2385 4205 2680 4268; x_wconf 91' lang='lat' dir='ltr'>secunda.</span> 
     </span>
    </p>
   </div>
   <div class='ocr_carea' id='block_1_22' title="bbox 348 4301 1845 5052">
    <p class='ocr_par' dir='ltr' id='par_1_23' title="bbox 348 4301 1845 4874">
     <span class='ocr_line' id='line_1_68' title="bbox 356 4301 1845 4386; baseline 0.003 -24"><span class='ocrx_word' id='word_1_424' title='bbox 356 4319 464 4382; x_wconf 88' lang='lat' dir='ltr'>per</span> <span class='ocrx_word' id='word_1_425' title='bbox 502 4301 839 4382; x_wconf 88' lang='lat' dir='ltr'>speculum</span> <span class='ocrx_word' id='word_1_426' title='bbox 881 4303 945 4363; x_wconf 91' lang='lat' dir='ltr'>in</span> <span class='ocrx_word' id='word_1_427' title='bbox 980 4303 1331 4382; x_wconf 83' lang='lat' dir='ltr'>aenigmate.</span> <span class='ocrx_word' id='word_1_428' title='bbox 1368 4304 1530 4384; x_wconf 89' lang='lat' dir='ltr'>Ergo</span> <span class='ocrx_word' id='word_1_429' title='bbox 1561 4323 1845 4386; x_wconf 93' lang='lat' dir='ltr'>compre-</span> 
     </span>
     <span class='ocr_line' id='line_1_69' title="bbox 351 4399 1842 4475; baseline 0.003 -15"><span class='ocrx_word' id='word_1_430' title='bbox 351 4399 652 4460; x_wconf 86' lang='lat' dir='ltr'>hensores</span> <span class='ocrx_word' id='word_1_431' title='bbox 702 4399 892 4461; x_wconf 88' lang='lat' dir='ltr'>creati</span> <span class='ocrx_word' id='word_1_432' title='bbox 944 4407 1109 4462; x_wconf 89' lang='lat' dir='ltr'>sunt.</span> <span class='ocrx_word' id='word_1_433' title='bbox 1146 4436 1223 4444; x_wconf 96' lang='lat'><strong>—</strong></span> <span class='ocrx_word' id='word_1_434' title='bbox 1262 4401 1516 4475; x_wconf 89' lang='lat' dir='ltr'>Quinto,</span> <span class='ocrx_word' id='word_1_435' title='bbox 1565 4403 1627 4463; x_wconf 90' lang='lat' dir='ltr'>in</span> <span class='ocrx_word' id='word_1_436' title='bbox 1678 4402 1842 4466; x_wconf 90' lang='lat' dir='ltr'>libro</span> 
     </span>
     <span class='ocr_line' id='line_1_70' title="bbox 351 4497 1841 4581; baseline 0.003 -23"><span class='ocrx_word' id='word_1_437' title='bbox 351 4498 425 4559; x_wconf 93' lang='lat' dir='ltr'>de</span> <span class='ocrx_word' id='word_1_438' title='bbox 482 4497 945 4559; x_wconf 86' lang='lat' dir='ltr'>Ecclesiasticis</span> <span class='ocrx_word' id='word_1_439' title='bbox 1003 4499 1404 4578; x_wconf 89' lang='lat' dir='ltr'>dogmatibus</span> <span class='ocrx_word' id='word_1_440' title='bbox 1452 4500 1841 4581; x_wconf 82' lang='lat' dir='ltr'>Augustinus</span> 
     </span>
     <span class='ocr_line' id='line_1_71' title="bbox 350 4595 1839 4680; baseline 0.003 -24"><span class='ocrx_word' id='word_1_441' title='bbox 350 4595 581 4657; x_wconf 88' lang='lat' dir='ltr'>effatur</span> <span class='ocrx_word' id='word_1_442' title='bbox 625 4613 639 4657; x_wconf 75' lang='grc' dir='ltr'>ε</span> <span class='ocrx_word' id='word_1_443' title='bbox 681 4595 905 4676; x_wconf 81' lang='lat' dir='ltr'>Angeli</span> <span class='ocrx_word' id='word_1_444' title='bbox 950 4597 1059 4677; x_wconf 88' lang='lat' dir='ltr'>qui</span> <span class='ocrx_word' id='word_1_445' title='bbox 1106 4597 1170 4658; x_wconf 93' lang='lat' dir='ltr'>in</span> <span class='ocrx_word' id='word_1_446' title='bbox 1216 4597 1325 4658; x_wconf 91' lang='lat' dir='ltr'>illa</span> <span class='ocrx_word' id='word_1_447' title='bbox 1367 4597 1430 4658; x_wconf 93' lang='lat' dir='ltr'>in</span> <span class='ocrx_word' id='word_1_448' title='bbox 1479 4619 1603 4680; x_wconf 89' lang='lat' dir='ltr'>qua</span> <span class='ocrx_word' id='word_1_449' title='bbox 1647 4600 1839 4661; x_wconf 83' lang='lat' dir='ltr'>creati</span> 
     </span>
     <span class='ocr_line' id='line_1_72' title="bbox 350 4693 1839 4778; baseline 0.003 -22"><span class='ocrx_word' id='word_1_450' title='bbox 350 4703 493 4756; x_wconf 87' lang='lat' dir='ltr'>sunt</span> <span class='ocrx_word' id='word_1_451' title='bbox 523 4693 917 4757; x_wconf 88' lang='lat' dir='ltr'>beatitudine</span> <span class='ocrx_word' id='word_1_452' title='bbox 958 4705 1384 4776; x_wconf 88' lang='lat' dir='ltr'>perseverant,</span> <span class='ocrx_word' id='word_1_453' title='bbox 1418 4704 1537 4758; x_wconf 88' lang='lat' dir='ltr'>etc.</span> <span class='ocrx_word' id='word_1_454' title='bbox 1573 4697 1735 4778; x_wconf 88' lang='lat' dir='ltr'>Ergo</span> <span class='ocrx_word' id='word_1_455' title='bbox 1776 4699 1839 4760; x_wconf 94' lang='lat' dir='ltr'>in</span> 
     </span>
     <span class='ocr_line' id='line_1_73' title="bbox 348 4792 1287 4874; baseline 0.002 -20"><span class='ocrx_word' id='word_1_456' title='bbox 348 4792 741 4854; x_wconf 90' lang='lat' dir='ltr'>beatitudine</span> <span class='ocrx_word' id='word_1_457' title='bbox 784 4801 933 4854; x_wconf 91' lang='lat' dir='ltr'>sunt</span> <span class='ocrx_word' id='word_1_458' title='bbox 975 4793 1287 4874; x_wconf 87' lang='lat' dir='ltr'>plasmati.</span> 
     </span>
    </p>

    <p class='ocr_par' dir='ltr' id='par_1_24' title="bbox 348 4890 1838 5052">
     <span class='ocr_line' id='line_1_74' title="bbox 424 4890 1838 4974; baseline 0.003 -22"><span class='ocrx_word' id='word_1_459' title='bbox 424 4891 492 4952; x_wconf 87' lang='lat' dir='ltr'>ln</span> <span class='ocrx_word' id='word_1_460' title='bbox 552 4890 919 4972; x_wconf 90' lang='lat' dir='ltr'>oppositum</span> <span class='ocrx_word' id='word_1_461' title='bbox 978 4899 1127 4953; x_wconf 89' lang='lat' dir='ltr'>sunt</span> <span class='ocrx_word' id='word_1_462' title='bbox 1174 4910 1315 4973; x_wconf 79' lang='lat' dir='ltr'>quae</span> <span class='ocrx_word' id='word_1_463' title='bbox 1375 4899 1717 4974; x_wconf 88' lang='lat' dir='ltr'>tanguntur</span> <span class='ocrx_word' id='word_1_464' title='bbox 1774 4894 1838 4956; x_wconf 91' lang='lat' dir='ltr'>in</span> 
     </span>
     <span class='ocr_line' id='line_1_75' title="bbox 348 4988 570 5052; baseline 0 -2"><span class='ocrx_word' id='word_1_465' title='bbox 348 4988 570 5052; x_wconf 90' lang='lat' dir='ltr'>littera.</span> 
     </span>
    </p>
   </div>
   <div class='ocr_carea' id='block_1_23' title="bbox 348 5187 1843 5372">
    <p class='ocr_par' dir='ltr' id='par_1_25' title="bbox 348 5187 1843 5372">
     <span class='ocr_line' id='line_1_76' title="bbox 422 5187 1843 5268; baseline 0.004 -21"><span class='ocrx_word' id='word_1_466' title='bbox 422 5187 517 5248; x_wconf 78' lang='lat' dir='ltr'>Ad</span> <span class='ocrx_word' id='word_1_467' title='bbox 566 5187 689 5248; x_wconf 88' lang='lat' dir='ltr'>hoc</span> <span class='ocrx_word' id='word_1_468' title='bbox 738 5187 1007 5248; x_wconf 85' lang='lat' dir='ltr'>Thomas</span> <span class='ocrx_word' id='word_1_469' title='bbox 1056 5189 1393 5268; x_wconf 85' lang='lat' dir='ltr'>respondet</span> <span class='ocrx_word' id='word_1_470' title='bbox 1448 5206 1459 5250; x_wconf 94' lang='lat'>:</span> <span class='ocrx_word' id='word_1_471' title='bbox 1513 5190 1843 5254; x_wconf 51' lang='lat' dir='ltr'>Beati&#39;tudo</span> 
     </span>
     <span class='ocr_line' id='line_1_77' title="bbox 348 5285 1840 5372; baseline 0.002 -23"><span class='ocrx_word' id='word_1_472' title='bbox 348 5285 549 5369; x_wconf 84' lang='lat' dir='ltr'>angeli</span> <span class='ocrx_word' id='word_1_473' title='bbox 594 5304 669 5346; x_wconf 89' lang='lat' dir='ltr'>ac</span> <span class='ocrx_word' id='word_1_474' title='bbox 714 5285 1013 5360; x_wconf 77' lang='lat' dir='ltr'>hominiS‚</span> <span class='ocrx_word' id='word_1_475' title='bbox 1046 5293 1141 5347; x_wconf 90' lang='lat' dir='ltr'>est</span> <span class='ocrx_word' id='word_1_476' title='bbox 1185 5286 1648 5368; x_wconf 89' lang='lat' dir='ltr'>perfectissima</span> <span class='ocrx_word' id='word_1_477' title='bbox 1694 5308 1840 5372; x_wconf 89' lang='lat' dir='ltr'>ope-</span> 
     </span>
    </p>
   </div>
   <div class='ocr_carea' id='block_1_24' title="bbox 1950 4304 3448 5369">
    <p class='ocr_par' dir='ltr' id='par_1_26' title="bbox 1950 4304 3448 5369">
     <span class='ocr_line' id='line_1_78' title="bbox 2032 4304 3448 4388; baseline 0.001 -22"><span class='ocrx_word' id='word_1_478' title='bbox 2032 4304 2251 4366; x_wconf 88' lang='lat' dir='ltr'>Petrus</span> <span class='ocrx_word' id='word_1_479' title='bbox 2300 4323 2553 4385; x_wconf 89' lang='lat' dir='ltr'>quoque</span> <span class='ocrx_word' id='word_1_480' title='bbox 2602 4323 2622 4367; x_wconf 82' lang='lat'>:-</span> <span class='ocrx_word' id='word_1_481' title='bbox 2663 4304 3012 4380; x_wconf 88' lang='lat' dir='ltr'>Beatitudo‚</span> <span class='ocrx_word' id='word_1_482' title='bbox 3059 4305 3289 4388; x_wconf 90' lang='lat' dir='ltr'>inquit,</span> <span class='ocrx_word' id='word_1_483' title='bbox 3337 4307 3448 4368; x_wconf 89' lang='lat' dir='ltr'>du-</span> 
     </span>
     <span class='ocr_line' id='line_1_79' title="bbox 1954 4402 3443 4486; baseline 0.003 -23"><span class='ocrx_word' id='word_1_484' title='bbox 1954 4402 2209 4484; x_wconf 86' lang='lat' dir='ltr'>pliciter</span> <span class='ocrx_word' id='word_1_485' title='bbox 2264 4403 2515 4464; x_wconf 88' lang='lat' dir='ltr'>dicitur.</span> <span class='ocrx_word' id='word_1_486' title='bbox 2578 4403 2788 4465; x_wconf 91' lang='lat' dir='ltr'>Primo</span> <span class='ocrx_word' id='word_1_487' title='bbox 2850 4402 3040 4484; x_wconf 89' lang='lat' dir='ltr'>large,</span> <span class='ocrx_word' id='word_1_488' title='bbox 3101 4423 3218 4486; x_wconf 91' lang='lat' dir='ltr'>pro</span> <span class='ocrx_word' id='word_1_489' title='bbox 3279 4412 3443 4467; x_wconf 90' lang='lat' dir='ltr'>statu</span> 
     </span>
     <span class='ocr_line' id='line_1_80' title="bbox 1954 4500 3445 4582; baseline 0.003 -21"><span class='ocrx_word' id='word_1_490' title='bbox 1954 4501 2229 4582; x_wconf 90' lang='lat' dir='ltr'>quodam</span> <span class='ocrx_word' id='word_1_491' title='bbox 2281 4500 2343 4563; x_wconf 92' lang='lat' dir='ltr'>in</span> <span class='ocrx_word' id='word_1_492' title='bbox 2395 4519 2522 4582; x_wconf 89' lang='lat' dir='ltr'>quo</span> <span class='ocrx_word' id='word_1_493' title='bbox 2569 4509 2665 4562; x_wconf 90' lang='lat' dir='ltr'>est</span> <span class='ocrx_word' id='word_1_494' title='bbox 2712 4502 2988 4564; x_wconf 86' lang='lat' dir='ltr'>carentia</span> <span class='ocrx_word' id='word_1_495' title='bbox 3033 4503 3242 4565; x_wconf 93' lang='lat' dir='ltr'>omnis</span> <span class='ocrx_word' id='word_1_496' title='bbox 3295 4505 3445 4566; x_wconf 92' lang='lat' dir='ltr'>mali</span> 
     </span>
     <span class='ocr_line' id='line_1_81' title="bbox 1954 4598 3446 4680; baseline 0.002 -20"><span class='ocrx_word' id='word_1_497' title='bbox 1954 4599 2157 4680; x_wconf 83' lang='lat' dir='ltr'>culpae</span> <span class='ocrx_word' id='word_1_498' title='bbox 2197 4608 2261 4660; x_wconf 87' lang='lat' dir='ltr'>et</span> <span class='ocrx_word' id='word_1_499' title='bbox 2299 4618 2502 4680; x_wconf 82' lang='lat' dir='ltr'>poenae</span> <span class='ocrx_word' id='word_1_500' title='bbox 2537 4617 2550 4661; x_wconf 92' lang='lat'>:</span> <span class='ocrx_word' id='word_1_501' title='bbox 2585 4598 2678 4660; x_wconf 90' lang='lat' dir='ltr'>sic</span> <span class='ocrx_word' id='word_1_502' title='bbox 2719 4608 2898 4661; x_wconf 87' lang='lat' dir='ltr'>erant</span> <span class='ocrx_word' id='word_1_503' title='bbox 2938 4601 3122 4662; x_wconf 90' lang='lat' dir='ltr'>beati.</span> <span class='ocrx_word' id='word_1_504' title='bbox 3157 4602 3446 4663; x_wconf 89' lang='lat' dir='ltr'>Secundo</span> 
     </span>
     <span class='ocr_line' id='line_1_82' title="bbox 1954 4696 3443 4780; baseline 0.003 -23"><span class='ocrx_word' id='word_1_505' title='bbox 1954 4696 2232 4778; x_wconf 87' lang='lat' dir='ltr'>proprie,</span> <span class='ocrx_word' id='word_1_506' title='bbox 2269 4714 2382 4778; x_wconf 90' lang='lat' dir='ltr'>pro</span> <span class='ocrx_word' id='word_1_507' title='bbox 2411 4704 2578 4759; x_wconf 88' lang='lat' dir='ltr'>statu</span> <span class='ocrx_word' id='word_1_508' title='bbox 2617 4697 2844 4760; x_wconf 91' lang='lat' dir='ltr'>ultimo</span> <span class='ocrx_word' id='word_1_509' title='bbox 2875 4697 3170 4780; x_wconf 82' lang='lat' dir='ltr'>perfectae</span> <span class='ocrx_word' id='word_1_510' title='bbox 3199 4699 3443 4775; x_wconf 81' lang='lat' dir='ltr'>salutiS,</span> 
     </span>
     <span class='ocr_line' id='line_1_83' title="bbox 1953 4795 3443 4876; baseline 0.003 -20"><span class='ocrx_word' id='word_1_511' title='bbox 1953 4795 2018 4856; x_wconf 90' lang='lat' dir='ltr'>in</span> <span class='ocrx_word' id='word_1_512' title='bbox 2062 4813 2192 4876; x_wconf 92' lang='lat' dir='ltr'>quo</span> <span class='ocrx_word' id='word_1_513' title='bbox 2231 4803 2327 4857; x_wconf 90' lang='lat' dir='ltr'>est</span> <span class='ocrx_word' id='word_1_514' title='bbox 2367 4796 2549 4876; x_wconf 88' lang='lat' dir='ltr'>copia</span> <span class='ocrx_word' id='word_1_515' title='bbox 2593 4796 2800 4858; x_wconf 89' lang='lat' dir='ltr'>omnis</span> <span class='ocrx_word' id='word_1_516' title='bbox 2845 4796 2995 4858; x_wconf 92' lang='lat' dir='ltr'>boni</span> <span class='ocrx_word' id='word_1_517' title='bbox 3031 4805 3139 4860; x_wconf 87' lang='lat' dir='ltr'>:et</span> <span class='ocrx_word' id='word_1_518' title='bbox 3183 4798 3274 4860; x_wconf 90' lang='lat' dir='ltr'>sic</span> <span class='ocrx_word' id='word_1_519' title='bbox 3317 4817 3443 4860; x_wconf 91' lang='lat' dir='ltr'>non</span> 
     </span>
     <span class='ocr_line' id='line_1_84' title="bbox 1950 4893 3448 4959; baseline 0.002 -4"><span class='ocrx_word' id='word_1_520' title='bbox 1950 4901 2127 4955; x_wconf 90' lang='lat' dir='ltr'>erant</span> <span class='ocrx_word' id='word_1_521' title='bbox 2170 4893 2359 4956; x_wconf 87' lang='lat' dir='ltr'>beati.</span> <span class='ocrx_word' id='word_1_522' title='bbox 2395 4894 2536 4956; x_wconf 83' lang='lat' dir='ltr'>Haec</span> <span class='ocrx_word' id='word_1_523' title='bbox 2578 4894 2750 4955; x_wconf 88' lang='lat' dir='ltr'>enim</span> <span class='ocrx_word' id='word_1_524' title='bbox 2795 4894 3119 4958; x_wconf 87' lang='lat' dir='ltr'>beatitudo</span> <span class='ocrx_word' id='word_1_525' title='bbox 3157 4895 3448 4959; x_wconf 89' lang='lat' dir='ltr'>consistit</span> 
     </span>
     <span class='ocr_line' id='line_1_85' title="bbox 1952 4992 3446 5074; baseline 0.003 -20"><span class='ocrx_word' id='word_1_526' title='bbox 1952 4993 2015 5054; x_wconf 92' lang='lat' dir='ltr'>in</span> <span class='ocrx_word' id='word_1_527' title='bbox 2061 4992 2463 5055; x_wconf 90' lang='lat' dir='ltr'>nobilissimo</span> <span class='ocrx_word' id='word_1_528' title='bbox 2505 4998 2647 5052; x_wconf 92' lang='lat' dir='ltr'>actu</span> <span class='ocrx_word' id='word_1_529' title='bbox 2693 4992 3106 5056; x_wconf 77' lang='lat' dir='ltr'>nobilissimae</span> <span class='ocrx_word' id='word_1_530' title='bbox 3150 4995 3446 5074; x_wconf 80' lang='lat' dir='ltr'>potentiae</span> 
     </span>
     <span class='ocr_line' id='line_1_86' title="bbox 1954 5089 3446 5172; baseline 0.001 -18"><span class='ocrx_word' id='word_1_531' title='bbox 1954 5093 2121 5154; x_wconf 80' lang='lat' dir='ltr'>cirea</span> <span class='ocrx_word' id='word_1_532' title='bbox 2169 5109 2493 5152; x_wconf 87' lang='lat' dir='ltr'>summum</span> <span class='ocrx_word' id='word_1_533' title='bbox 2544 5089 2868 5169; x_wconf 86' lang='lat' dir='ltr'>objectum</span> <span class='ocrx_word' id='word_1_534' title='bbox 2925 5093 3446 5172; x_wconf 64' lang='lat' dir='ltr'>praestantissimo</span> 
     </span>
     <span class='ocr_line' id='line_1_87' title="bbox 1958 5187 3443 5270; baseline 0.002 -19"><span class='ocrx_word' id='word_1_535' title='bbox 1958 5189 2163 5262; x_wconf 82' lang='lat' dir='ltr'>modO,</span> <span class='ocrx_word' id='word_1_536' title='bbox 2219 5207 2331 5270; x_wconf 89' lang='lat' dir='ltr'>per</span> <span class='ocrx_word' id='word_1_537' title='bbox 2389 5187 2820 5250; x_wconf 88' lang='lat' dir='ltr'>immediatam</span> <span class='ocrx_word' id='word_1_538' title='bbox 2881 5190 3102 5270; x_wconf 80' lang='lat' dir='ltr'>primae</span> <span class='ocrx_word' id='word_1_539' title='bbox 3161 5191 3443 5254; x_wconf 85' lang='lat' dir='ltr'>veritatis</span> 
     </span>
     <span class='ocr_line' id='line_1_88' title="bbox 1957 5285 3446 5369; baseline 0.003 -20"><span class='ocrx_word' id='word_1_540' title='bbox 1957 5287 2292 5360; x_wconf 87' lang='lat' dir='ltr'>visionem,</span> <span class='ocrx_word' id='word_1_541' title='bbox 2327 5304 2466 5366; x_wconf 78' lang='lat' dir='ltr'>quae</span> <span class='ocrx_word' id='word_1_542' title='bbox 2502 5285 2860 5368; x_wconf 90' lang='lat' dir='ltr'>appellatur</span> <span class='ocrx_word' id='word_1_543' title='bbox 2889 5286 3050 5348; x_wconf 87' lang='lat' dir='ltr'>visio</span> <span class='ocrx_word' id='word_1_544' title='bbox 3091 5307 3203 5369; x_wconf 87' lang='lat' dir='ltr'>per</span> <span class='ocrx_word' id='word_1_545' title='bbox 3235 5307 3446 5354; x_wconf 87' lang='lat' dir='ltr'>essen-</span> 
     </span>
    </p>
   </div>
  </div>
 </body>
</html>
