4334 6242
1282 505 1458 551 LIBER
1499 503 1543 549 11
1587 501 2070 550 SENTENTIAmm.
2115 521 2197 532 -·
2236 504 2389 551 ΒΙδΤ.
2428 505 2537 551 vm

3341 480 3461 546 437

359 696 761 760 nequaquam
799 679 1190 742 credendum
1221 686 1334 741 est.
1366 676 1505 740 Non
1535 675 1710 738 enim
1749 692 1854 757 po-
1882 672 1931 735 A
1962 681 2209 756 quarto,
2242 677 2590 738 conscribit
2623 695 2636 738 :
2672 677 2735 740 Si
2779 683 3117 758 quaeratur,
3150 693 3231 738 an
3275 672 3462 735 liceat

357 783 476 838 test
505 776 574 838 in
605 776 1002 840 daemonibus
1035 785 1207 840 tanta
1235 795 1374 839 esse
1405 775 1716 838 stoliditas
1747 780 1856 835 aut

357 875 732 956 ignorantia,
784 884 854 938 ut
899 883 1128 960 putent
1180 875 1506 938 hominem
1563 872 1854 954 fragilem

355 994 429 1036 ac
489 976 824 1037 mortalem
883 994 1070 1058 posse
1135 975 1572 1037 comminuere
1638 972 1852 1044 coeIOS,

355 1092 556 1156 quum
605 1072 736 1135 sint
777 1073 856 1135 de
901 1071 1170 1135 n‘umero
1219 1070 1718 1133 substantiarum
1767 1089 1858 1130 se-

355 1181 742 1252 paratarum,
775 1178 840 1232 et
884 1171 1086 1233 multa
1129 1168 1550 1232 subtilissima
1597 1185 1859 1249 operen-

139 1285 328 1340 capae-1
358 1277 480 1343 tur,
519 1288 596 1331 ac
635 1269 818 1350 juxta
861 1268 1229 1351 praehabita,
1261 1266 1533 1349 triplicis
1577 1265 1858 1328 scientim

119 1353 192 1390 εΗ.

115 2363 324 2414 lCor.v‚.3-5.

354 1367 652 1430 acumine
699 1367 974 1448 vigeant.
1019 1366 1195 1429 Unde
1244 1372 1490 1428 constat
1537 1371 1600 1426 et
1644 1364 1858 1445 ipsum

354 1465 773 1548 Porphyrium
823 1483 1103 1545 magum,
1144 1463 1542 1528 daemonibus
1591 1461 1860 1525 familia-

354 1582 512 1638 rem,
553 1563 635 1626 ab
685 1564 842 1646 ipsis
891 1562 1289 1626 daemonibus
1340 1562 1405 1624 in
1455 1560 1675 1623 multis
1717 1579 1856 1622 esse

353 1663 718 1744 deceptum,
753 1671 822 1725 ut
849 1660 1241 1742 Augustinus
1284 1661 1446 1723 libro
1481 1659 1559 1721 de
1592 1659 1856 1722 Civitate

353 1762 465 1823 Dei
524 1767 808 1823 testatur.
863 1759 1242 1824 Guillelmus
1301 1763 1554 1841 quoq'uc
1611 1777 1684 1820 ac
1747 1757 1855 1820 alii

353 1859 754 1922 concorditer
797 1859 862 1921 id
905 1858 1203 1921 fatentur.

432 1959 512 2021 At
555 1975 708 2020 vero
754 1957 972 2020 Petrus
1006 1977 1021 2020 :
1056 1955 1408 2018 Ministerio
1435 1955 1700 2036 (inquit)
1730 1954 1858 2016 dia-

355 2057 489 2121 boli
551 2056 866 2138 contingit
921 2056 1009 2118 uti
1073 2055 1434 2137 dupliciter.
1496 2053 1727 2128 Prim0,
1787 2061 1856 2115 ut

353 2155 666 2237 obsequio
713 2154 902 2228 servi,
954 2153 1130 2216 licita
1186 2152 1399 2235 aliqua
1458 2151 1515 2213 ei
1573 2151 1858 2233 jubendo

354 2257 591 2318 virtute
629 2253 847 2316 divina
885 2253 1184 2316 omnibus
1228 2252 1606 2334 praesidente
1638 2269 1652 2314 ε
1685 2250 1856 2332 quod

355 2355 524 2428 licet,
559 2361 632 2415 ut
663 2361 834 2434 patet
863 2354 941 2415 de
972 2351 1178 2415 Paulo.
1214 2351 1526 2423 Secundo,
1550 2357 1854 2430 tanquam

352 2453 664 2535 obsequio
705 2451 896 2513 amici
942 2459 1052 2512 aut
1094 2449 1451 2522 familiaris,
1496 2448 1705 2530 ipsum
1758 2465 1854 2510 ro-

350 2551 559 2631 gando
607 2557 718 2612 aut
763 2549 1129 2611 advocando
1173 2564 1187 2609 :
1235 2547 1406 2629 quod
1455 2545 1848 2628 prohibetur.

348 2649 450 2712 Sic
499 2649 696 2711 etiam
742 2648 989 2710 licitum
1034 2653 1130 2710 est
1169 2647 1262 2708 uti
1301 2645 1536 2707 virtute
1579 2645 1856 2726 desuper

345 2750 490 2810 data
532 2745 750 2809 verbis
805 2745 1024 2819 sacris,
1065 2752 1129 2808 et
1172 2744 1388 2806 herbis
1434 2762 1508 2805 ac
1553 2743 1849 2824 gemmiS,

344 2847 423 2908 ad
469 2861 662 2906 usum
707 2843 1018 2905 divinitus
1061 2842 1445 2904 institutum.
1479 2839 1704 2902 Verbis
1746 2860 1854 2902 au-

347 2953 473 3006 tem
521 2959 854 3023 magorum
895 2949 959 3004 et
989 2940 1460 3002 characteribus
1502 2939 1667 3000 Deus
1711 2938 1851 3000 nul-

1963 775 2057 836 uti
2098 774 2362 856 magicis
2402 776 2646 838 artibus
2676 776 2754 838 ad
2787 773 3250 858 praescientiam
3289 771 3460 836 futu·

1965 890 2204 948 rorum,
2248 875 2349 936 vel
2393 876 2470 937 ad
2525 875 2865 938 utilitatem
2913 874 3192 957 aliquam
3243 890 3459 936 conse-

1964 974 2307 1054 quendam,
2342 975 2530 1037 credo
2560 974 3102 1056 distinguendum.
3134 973 3259 1036 Aut
3288 973 3461 1036 enim

1967 1069 2325 1132 consistunt
2392 1071 2459 1133 in
2526 1070 3038 1134 invocationibus
3101 1070 3463 1132 daemonum

1967 1185 2082 1249 per
2110 1167 2307 1230 verba
2344 1177 2453 1230 aut
2482 1169 2822 1243 sacrificia,
2856 1186 2967 1231 seu
3000 1186 3117 1249 per
3144 1175 3413 1249 utraque
3447 1185 3461 1230 ε

1965 1273 2028 1327 et
2078 1265 2166 1327 ita
2213 1284 2341 1328 non
2393 1267 2558 1330 licet.
2612 1267 2737 1330 Aut
2785 1263 3143 1330 consistunt
3190 1266 3258 1328 in
3304 1284 3468 1328 vana

1966 1364 2301 1426 hominum
2359 1365 2830 1441 adinventione,
2893 1373 2963 1428 ut
3018 1373 3168 1428 sunt
3223 1363 3477 1429 sortile-

1964 1463 2088 1544 gia,
2122 1471 2241 1526 etc.
2280 1481 2296 1526 ε
2330 1472 2393 1526 ct
2436 1464 2528 1527 sic
2578 1483 2797 1527 rursus
2846 1464 3147 1527 illicitum
3194 1471 3308 1526 est.
3351 1463 3463 1526 Vel

1967 1561 2325 1624 consistunt
2372 1562 2436 1624 in
2496 1562 2999 1625 consideratione
3057 1561 3266 1624 fatalis
3322 1561 3464 1624 effi-

1966 1659 2216 1723 cientiae
2250 1678 2363 1722 seu
2393 1659 2669 1723 coelestis
2702 1659 3170 1739 influentiae3et
3199 1659 3287 1721 ita
3318 1659 3467 1722 licet

1965 1757 2058 1820 eis
2117 1758 2445 1820 intendere
2506 1758 2847 1834 moderate,
2899 1759 2966 1820 in
3024 1764 3330 1841 quantum
3386 1776 3466 1821 ex

1889 1856 1936 1919 B
1966 1856 2175 1918 causis
2216 1864 2279 1919 et
2319 1855 2677 1918 influentiis
2720 1874 2879 1938 pure
2918 1856 3315 1919 naturalibus
3358 1856 3468 1919 ali-

1966 1955 2119 2036 quid
2170 1963 2377 2037 potest
2424 1955 2599 2018 nosci
2649 1961 2758 2017 aut
2806 1955 3234 2038 praecognosci
3280 1973 3294 2018 :
3341 1955 3467 2018 nisi

1965 2053 2109 2136 quis
2163 2061 2297 2116 arte
2343 2055 2459 2115 hac
2509 2053 2829 2128 abutatur,
2880 2061 2990 2116 aut
3036 2054 3129 2116 eis
3177 2054 3322 2136 plus
3374 2054 3467 2116 in-

1965 2151 2206 2214 nitatur
2246 2161 2437 2234 atque
2485 2151 2766 2215 confidat
2808 2171 3000 2235 quam
3051 2151 3467 2234 providentiae

1966 2249 2108 2329 Dei3
2140 2249 2354 2312 et'boc
2394 2251 2587 2312 etiam
2628 2251 2696 2313 in
2738 2250 3075 2325 medicina,
3109 2269 3252 2332 quae
3293 2250 3467 2312 licita

1963 2354 2080 2422 est,
2128 2348 2547 2430 vituperatur,
2595 2348 3133 2431 quemadmodum
3183 2348 3464 2412 secundo

1963 2447 2486 2530 Paralipomenon
2527 2447 2798 2510 refertur
2827 2448 2904 2510 de
2933 2448 3057 2511 Asa
3091 2465 3259 2528 rege,
3291 2449 3460 2529 quod

1965 2564 2082 2607 nec
2115 2546 2181 2606 in
2218 2545 2591 2608 infirmitate
2622 2565 2739 2608 sua
2767 2545 3062 2627 quaesivit
3090 2544 3456 2620 Dominum,
3487 2560 3751 2618 niumm,

1962 2644 2074 2706 sed
2104 2645 2306 2724 magis
2338 2645 2403 2706 in
2435 2644 2830 2707 medicorum
2861 2652 2993 2707 arte
3024 2644 3309 2708 confisus
3339 2652 3453 2707 cst.
3490 2627 3557 2669 ¹²·

1959 2742 2103 2806 Haec
2145 2743 2492 2806 Udalricus.

2040 2842 2363 2905 Postremo
2410 2842 2788 2905 Guillelmus
2851 2842 2915 2903 in
2969 2841 3134 2904 libro
3180 2843 3260 2905 de
3307 2842 3459 2905 Fide

1959 2947 2024 3002 et
2066 2925 2335 3021 legibus,
2368 2948 2557 3022 atque
2602 2941 2668 3002 in
2713 2940 2939 3002 ultima
2981 2947 3159 3023 parte
3198 2941 3277 3003 de
3316 2940 3462 3003 Uni·

349 3043 474 3103 lam
523 3041 658 3104 vim
703 3039 895 3101 dedit.
931 3039 1064 3100 lmo
1107 3037 1398 3100 diabolus
1441 3046 1644 3099 artem
1686 3037 1850 3099 banc
1886 3038 1931 3102 C
1961 3056 2166 3112 verso,
2202 3038 2368 3100 clare
2408 3038 2977 3120 multipliciterque
3014 3039 3291 3100 ostendit
3332 3057 3459 3101 ma-

345 3138 678 3202 adinvenit
719 3155 793 3200 ac
837 3136 1118 3209 tradidit,
1159 3154 1285 3217 qua
1333 3155 1400 3198 se
1447 3134 1637 3216 fingit
1680 3152 1849 3196 com-

349 3237 522 3320 pelli,
558 3255 760 3318 quum
800 3241 1017 3316 pareat
1047 3242 1293 3316 sponte,
1327 3252 1691 3316 quanquam
1733 3233 1849 3294 mi-

347 3354 532 3399 nores
577 3336 898 3397 daemones
942 3353 979 3395 a
1023 3332 1374 3412 majoribus
1412 3331 1663 3394 valeant
1713 3332 1851 3412 cogi

348 3433 614 3497 forsitan
675 3441 849 3494 metu
908 3431 1228 3494 tormenti.
1280 3431 1425 3492 Haec
1481 3431 1720 3492 Petrus,
1771 3465 1852 3475 —

348 3533 518 3595 Idem
565 3549 822 3614 quoque
865 3529 1063 3592 sentit
1106 3528 1474 3591 Richardus.

426 3632 733 3695 Praeterea
761 3629 1090 3692 Udalricus
1121 3628 1186 3690 in
1221 3627 1483 3689 Summa
1518 3645 1652 3701 sua,
1688 3625 1852 3688 libro

1964 3135 2356 3198 litiositatem
2395 3136 2738 3218 spirituum
2769 3137 2881 3218 qui
2918 3136 3179 3218 magicis
3217 3137 3461 3199 artibus

1962 3235 2323 3298 efficaciam
2375 3233 2749 3315 largiuntur,
2782 3241 2844 3295 et
2886 3234 3056 3316 quod
3104 3234 3197 3296 eis
3249 3253 3461 3297 assen-

1960 3335 2080 3396 tire
2129 3341 2192 3395 et
2241 3332 2715 3396 communicare
2764 3333 3143 3414 sacrilegum
3202 3333 3307 3404 sit,
3359 3353 3463 3396 su-

1961 3432 2397 3514 perstitiosum
2438 3439 2501 3494 et
2543 3450 2802 3514 prorsus
2846 3430 3226 3494 damnabile.
3270 3431 3347 3494 Et
3388 3432 3457 3495 in

1961 3530 2061 3592 his
2108 3548 2330 3593 omnes
2374 3529 2759 3591 concordant
2801 3529 3089 3592 doctores
3133 3530 3449 3593 catholici.

2041 3627 2283 3690 Solutio
2324 3628 2401 3689 ad
2445 3626 2696 3706 objecta
2736 3627 3004 3689 habetur
3039 3647 3117 3690 ex
3160 3627 3366 3690 dictis,

1234 3963 2150 4076 DISTINCTIO
2264 3965 2561 4074 VIII

349 4271 425 4334 Α.
467 4273 728 4334 Utrum
778 4271 1028 4344 anyeli
1082 4282 1334 4330 omnes
1383 4269 1728 4339 corporei
1767 4268 1918 4329 sint
1954 4286 1979 4326 .·
2020 4271 2211 4342 quod
2247 4270 2681 4343 quibusdam
2727 4271 2969 4331 visum
3014 4269 3146 4343 est,
3188 4270 3447 4344 quibus

473 4387 924 4464 Auaustinus
951 4385 1366 4447 consentire
1392 4383 1700 4457 videtur,
1726 4385 1973 4446 dicen-s·
2001 4387 2308 4459 anyeios
2336 4398 2589 4446 omnes
2620 4384 2791 4446 ante
2821 4399 3077 4448 casum
3106 4387 3444 4448 habuisse

477 4518 803 4579 corpora
848 4504 1100 4566 tenuia
1139 4502 1211 4564 et
1245 4502 1708 4575 spiritualia,
1741 4505 1870 4563 sed
1907 4503 1986 4565 in
2035 4516 2217 4564 casu
2252 4500 2543 4564 mutata
2583 4503 2661 4564 in
2699 4500 3023 4564 deterius
3063 4505 3442 4566 maiorum

477 4635 832 4695 corpora,
871 4621 956 4682 ut
999 4620 1077 4682 in
1115 4621 1222 4680 eis
1253 4618 1550 4691 possent
1579 4618 1768 4691 pati.

606 4939 860 5005 scilicet
885 4955 960 5001 ac
989 4936 1170 5016 mali,
1205 4936 1500 5016 corporei
1530 4935 1685 5014 sint,
1719 4936 1786 4998 id
1825 4939 1946 5018 est,
1980 4954 2255 5018 corpora
2292 4936 2574 4999 habeant
2601 4936 2728 5000 sibi
2765 4937 2972 5001 unita.
3010 4937 3199 5010 Quod
3236 4939 3441 5022 aliqui

368 4819 798 5125 SOLET
846 4821 1042 4885 etiam
1102 4821 1170 4883 in
1217 4820 1580 4901 quaestione
1629 4821 1873 4884 versari
1926 4821 2101 4902 apud
2148 4821 2401 4901 doctOS,
2450 4823 2674 4884 utrum
2722 4821 2937 4901 angeli
2986 4839 3236 4902 omnes,
3283 4822 3439 4888 boni

605 5057 864 5138 putant,
905 5053 1259 5116 innitentes
1305 5051 1523 5116 verbis
1563 5051 1941 5132 Augustini,
1983 5053 2098 5132 qui
2139 5053 2353 5115 dicere
2400 5051 2681 5132 videtur,
2730 5053 2907 5134 quod
2953 5053 3167 5134 angeli
3215 5073 3443 5122 omnes

352 5177 498 5239 ante
523 5172 1098 5256 ‘confirmationem
1139 5169 1242 5233 vel
1290 5171 1551 5250 lapsum
1599 5185 1871 5249 corpora
1916 5169 2090 5232 aeria
2128 5169 2518 5250 habuerunt,
2562 5170 2641 5232 de
2687 5170 2950 5250 puriore
2988 5187 3063 5234 ac
3108 5173 3443 5253 superiore

353 5292 519 5356 aeris
553 5291 742 5372 parte
781 5287 1080 5367 sonnata,
1115 5287 1198 5350 ad
1235 5286 1609 5350 faciendum
1659 5284 1924 5365 habilia,
1964 5302 2096 5348 non
2135 5285 2217 5347 ad
2254 5285 2661 5367 patiendum.
2694 5286 2779 5348 Et
2814 5287 3063 5368 angelis
3098 5288 3290 5353 bonis
3326 5290 3441 5374 qui
