4334 6242
807 483 925 552 114

1504 504 1569 554 IN
1609 504 1831 555 Limum
1872 504 1917 553 11
1956 502 2438 553 SENTENTIARUM.
2483 523 2565 533 —
2605 504 2758 551 msT.
2805 504 2865 567 13
2909 504 3132 561 QUAEST.
3179 505 3218 550 X

810 677 977 760 phus
1013 694 1027 739 :
1062 676 1261 739 Homo
1291 684 1385 739 est
1417 676 1589 739 solus
1621 676 2002 750 intellectuS,
2032 694 2105 738 eo
2135 675 2305 758 quod
2336 673 2387 734 A
2494 674 2817 749 Praeterea,
2868 693 2946 736 ex
2995 674 3112 737 hac
3159 672 3526 735 differentia
3573 692 3714 754 quae
3761 670 3918 737 sub-

809 795 846 837 a
876 776 1005 837 sola
1049 776 1462 838 intellectuali
1502 776 1714 838 anima
1747 784 2049 856 tanquam
2090 773 2170 835 ab
2213 772 2306 834 ul-

808 874 969 937 timo
1001 874 1371 956 perfectivo,
1402 883 1693 957 respectu
1725 874 1911 954 cujus
1940 874 2155 935 omnia
2183 873 2308 934 alia

810 974 981 1054 (quae
1022 980 1172 1034 sunt
1208 973 1273 1034 in
1309 973 1587 1042 homine,
1623 980 1840 1054 utpote
1877 972 2205 1051 inferiora)
2241 972 2306 1032 in

811 1071 1093 1153 potentia
1128 1080 1298 1147 sunt,
1332 1071 1521 1134 homo
1556 1079 1651 1133 est
1681 1071 1871 1133 homo
1905 1078 1967 1132 et.
1995 1089 2134 1131 esse
2169 1088 2308 1151 spe—

810 1169 1075 1232 cificum
1128 1170 1336 1232 babet.
1390 1171 1564 1243 Quod
1618 1170 1671 1232 si
1724 1169 2086 1249 objiciatur,
2137 1168 2308 1250 quod

812 1267 1171 1330 intellectus
1212 1268 1453 1330 nullius
1492 1276 1588 1329 est
1616 1268 1899 1349 corporis
1938 1275 2138 1341 actus,
2174 1266 2309 1329 haec

811 1366 1087 1445 objectio
1118 1372 1215 1427 est
1246 1366 1525 1429 hominis
1557 1385 1622 1428 se
1654 1367 1867 1448 ipsum
1910 1384 2033 1429 non
2076 1365 2307 1427 intelli-

810 1464 1039 1543 gentis.
1074 1466 1141 1526 In
1179 1472 1487 1545 quantum
1530 1465 1701 1527 enim
1744 1464 1982 1527 nullius
2025 1463 2307 1545 corporis

810 1570 990 1624 actus
1038 1571 1155 1637 est,
1206 1571 1303 1625 est
1351 1563 1635 1645 potentia
1688 1564 1976 1626 omnium
2037 1562 2310 1644 accepti-

812 1679 910 1722 va.
964 1661 1139 1734 Quod
1202 1662 1254 1722 si
1313 1668 1480 1723 esset
1532 1661 1807 1740 alicujus
1865 1661 2146 1743 corporis
2207 1678 2308 1721 ac-

812 1766 937 1833 tus,
961 1759 1499 1841 quemadmodum
1542 1760 1715 1821 visus
1758 1768 1937 1821 actus
1978 1766 2075 1821 est
2112 1758 2304 1832 oculi,

2415 772 2724 835 stantialis
2784 781 2879 835 est
2929 773 3092 834 inter
3149 772 3444 853 angelum
3495 779 3558 834 et
3603 773 3914 844 animam,

2416 879 2895 952 consequuntur
2933 872 3224 953 quaedam
3268 871 3408 933 aliae
3450 871 3515 932 in
3545 889 3766 933 eorum
3805 888 3921 952 po-

2415 969 2651 1032 tentiiS.
2698 970 2788 1031 Ex
2839 970 2959 1032 hoc
3006 969 3178 1031 enim
3225 970 3396 1051 quod
3445 968 3659 1030 anima
3709 968 3922 1031 forma

2415 1074 2510 1131 est
2554 1068 2859 1150 corporis,
2906 1068 3264 1130 intellectus
3312 1067 3454 1148 ejus
3503 1066 3921 1147 conjungitur

2416 1167 2719 1230 continuo
2763 1175 2826 1229 et
2872 1167 3163 1250 tempori,
3197 1174 3420 1248 estque
3463 1184 3720 1227 necesse
3765 1175 3835 1227 ut
3880 1185 3920 1227 a

2417 1265 2855 1347 phantasmate
2894 1272 3104 1327 sumat
3141 1260 3385 1347 species
3425 1264 3861 1345 intelligibiles
3897 1283 3914 1327 ε

2417 1364 2586 1444 quod
2649 1382 2773 1425 non
2832 1363 2988 1425 facit
3045 1363 3405 1425 intellectus
3461 1363 3690 1444 angeli.
3753 1363 3918 1424 Hinc

2419 1480 2670 1544 qnoque
2717 1469 2965 1542 oportet
3005 1469 3074 1523 ut.
3118 1460 3478 1523 intellectus
3521 1461 3748 1523 animae
3791 1458 3918 1521 for-

2418 1568 2628 1623 metur
2657 1568 2721 1621 et
2753 1559 3153 1622 illuminetur
3181 1559 3262 1622 ab
3295 1558 3603 1634 inferiori,
3623 1560 3689 1620 in
3719 1576 3918 1640 quan-

2416 1666 2553 1721 tum
2598 1656 2898 1720 inferiora
2935 1666 3084 1719 sunt
3117 1658 3237 1719 sub
3269 1657 3514 1719 lumine
3554 1656 3917 1719 intellectus

2417 1757 2680 1839 agentiS.
2728 1756 3090 1818 Intellectus
3142 1775 3292 1819 vero
3349 1756 3555 1837 angeli
3617 1774 3740 1818 non
3792 1755 3918 1818 for-

813 1873 940 1917 non
971 1856 1289 1937 acciperet
1313 1857 1436 1917 nisi
1461 1876 1603 1938 quoe
1632 1864 1843 1919 essent
1868 1858 1945 1919 de
1976 1856 2308 1919 harmonia
2343 1854 2391 1917 B
2421 1864 2630 1918 matur
2670 1874 2874 1937 neque
2918 1855 3319 1918 illuminatur
3354 1855 3476 1918 nisi
3507 1874 3544 1916 a
3574 1855 3912 1937 superiori.

812 1953 1399 2035 compositioneque
1444 1954 1726 2036 corporis
1772 1955 1893 2027 sui,
1928 1956 2094 2016 sicut
2131 1954 2308 2015 visus

810 2068 938 2114 non
980 2052 1208 2134 recipit
1237 2052 1363 2114 nisi
1392 2070 1466 2114 ea
1497 2072 1638 2133 quae
1668 2061 1816 2114 sunt
1845 2053 1922 2114 de
1954 2052 2305 2126 harmonia,

810 2151 1271 2233 compositione
1311 2160 1374 2213 et
1403 2152 1792 2233 perfectione
1831 2152 2154 2235 perspicui
2196 2152 2309 2214 hu-

811 2248 967 2310 midi
1012 2256 1075 2311 et
1116 2249 1397 2311 luminis.
1432 2249 1612 2312 Nunc
1656 2258 1867 2313 autem
1917 2270 2029 2332 per
2068 2250 2306 2312 abstra-

810 2346 1087 2409 ctionem
1129 2348 1353 2429 recipit
1395 2348 1625 2410 omnia.
1651 2348 1811 2410 Hinc
1851 2356 2029 2412 sexto
2071 2350 2149 2411 de
2193 2349 2309 2411 Na-

810 2445 1122 2507 turalibus
1173 2444 1452 2526 loquitur
1492 2446 1835 2519 Avicenna,
1878 2448 2046 2528 quod
2094 2447 2310 2509 anima

811 2543 1135 2605 rationalis
1174 2543 1307 2605 sola
1344 2545 1697 2606 secundum
1739 2564 1876 2607 esse
1910 2554 2006 2607 est
2035 2554 2215 2607 actus
2245 2554 2308 2607 et

810 2641 1024 2703 anima
1060 2642 1372 2721 hominis3
1405 2642 1775 2723 vegetabilis
1814 2651 2029 2705 autem
2068 2651 2131 2705 et
2170 2664 2309 2707 sen-

811 2738 1019 2801 sibilis
1076 2757 1203 2802 non
1252 2758 1319 2801 se
1370 2740 1607 2802 habent
1651 2741 1775 2802 nisi
1836 2748 2137 2823 tanquam
2198 2762 2306 2824 po-

808 2837 1022 2899 tentiffl
1051 2838 1130 2899 ad
1161 2838 1470 2901 eamdem.
1505 2874 1585 2883 —
1612 2839 2087 2915 Verumtamen,
2122 2848 2190 2902 ut
2219 2841 2308 2903 ait

810 2934 1147 3016 Gregorius
1186 2936 1526 3019 NyssenuS,
1561 2955 1833 3018 sequens
1873 2938 2194 3001 Platonem
2241 2939 2307 3001 in

2417 1956 2591 2017 Hanc
2634 1953 3066 2017 differentiam
3117 1955 3298 2037 ponit
3336 1955 3690 2016 Alexander
3733 1954 3798 2016 in
3843 1953 3920 2015 li-

2418 2054 2533 2116 bro
2577 2055 2654 2115 de
2693 2054 2862 2115 Motu
2907 2053 3138 2128 cordiS‚
3180 2054 3449 2116 dicendo
3491 2073 3505 2118 :
3549 2052 3778 2115 Anima
3819 2061 3918 2115 est

2416 2151 2770 2214 substantia
2839 2151 3306 2225 intellectualiS,
3370 2152 3915 2214 illuminationum

2417 2269 2557 2331 quae
2609 2257 2757 2311 sunt
2803 2269 2842 2311 a
2890 2251 3017 2312 Deo
3067 2250 3292 2312 ultima
3349 2248 3654 2311 relatione
3702 2267 3919 2331 perce·

2417 2347 2609 2428 ptiva.
2665 2347 2739 2408 Et
2789 2347 3019 2420 innuit,
3071 2347 3266 2429 quod·
3297 2347 3559 2427 angelus
3615 2356 3716 2409 est
3766 2346 3915 2409 sub-

2416 2446 2647 2507 stantia
2685 2445 3156 2518 intellectualiS,
3191 2445 3734 2508 illuminationum
3771 2465 3916 2527 quae

2415 2550 2564 2605 sunt
2619 2562 2655 2605 a
2713 2544 2840 2605 Deo
2899 2543 3106 2625 prima
3161 2544 3463 2605 relatione
3525 2544 3911 2625 perceptiva.

2415 2642 2675 2723 Propter
2704 2641 2871 2722 quod
2905 2641 3097 2704 etiam
3135 2641 3195 2703 S.
3231 2641 3569 2724 Dionysius
3611 2649 3916 2723 protesta-
3995 2661 4070 2704 ne
4093 2663 4244 2705 navia.

2416 2747 2539 2813 tur,
2591 2740 2760 2821 quod
2819 2739 3082 2819 angelus
3137 2747 3235 2801 est
3280 2739 3609 2801 deiformis
3670 2740 3916 2802 intelle-
3943 2737 4244 2769 mae-*²*

2416 2844 2576 2910 ctuS,
2609 2836 2800 2899 bomo
2837 2845 3050 2899 autem
3093 2837 3451 2899 intellectus
3489 2838 3816 2900 rationalis
3848 2846 3914 2900 et

2417 2935 2793 3017 inquisitivi.
2828 2972 2909 2981 —
2938 2936 3081 2999 Haec
3122 2935 3438 2999 Albertus.

809 3032 929 3096 boc
974 3052 1123 3096 vera
1164 3034 1507 3111 dicentem,
1550 3036 1764 3097 anima
1810 3036 2134 3099 rationalis
2178 3056 2303 3100 non
2338 3034 2381 3097 C
2495 3034 2564 3095 In
2609 3032 2795 3114 cujus
2835 3033 3048 3096 verbis
3087 3034 3340 3097 videtur
3389 3034 3601 3097 minus
3643 3052 3913 3115 congru-

808 3131 1015 3194 solum
1060 3140 1157 3194 est
1199 3134 1482 3215 corporis
1530 3142 1731 3209 actuS,
1773 3135 1885 3196 sed
1926 3136 2119 3197 etiam
2162 3155 2307 3217 sup-

809 3231 1088 3311 positum
1138 3239 1204 3293 et
1249 3231 1611 3311 subjectum
1673 3232 1739 3293 in
1797 3252 1863 3294 se
1924 3233 2301 3314 perfectum,

810 3346 1073 3411 corpore
1119 3337 1301 3391 utens
1340 3336 1403 3391 et
1443 3329 1599 3392 illud
1644 3349 1865 3411 regens
1902 3348 1915 3392 :
1951 3332 2090 3394 ideo
2130 3352 2307 3413 sepa-

810 3434 985 3489 ratur
1026 3435 1169 3509 post
1208 3436 1501 3501 mortem,
1535 3436 1597 3490 et
1635 3436 1731 3490 est
1767 3428 2121 3492 substantia
2158 3430 2304 3493 vitae

813 3525 876 3585 in
927 3524 1303 3606 semetipsa3
1343 3534 1533 3607 atque
1581 3525 1647 3587 in
1698 3526 1815 3589 hoc
1869 3527 2307 3609 principaliter

811 3621 1031 3684 differt
1081 3622 1161 3684 ab
1208 3623 1450 3703 angelo.
1490 3624 1563 3685 Et
1607 3625 1658 3686 si
1704 3625 1850 3707 quis
1902 3625 2115 3699 instet,
2155 3627 2308 3707 quia

810 3721 1161 3782 secundum
1204 3721 1324 3783 hoc
1352 3721 1566 3784 anima
1605 3730 1892 3804 separata
1930 3740 2053 3785 non
2089 3723 2308 3786 differ—

809 3826 904 3879 ret
940 3818 1021 3879 ab
1060 3818 1319 3899 angelo;
1361 3819 1703 3882 dicendum
1748 3821 1918 3901 quod
1960 3820 2113 3896 imo,
2156 3840 2307 3903 quo-

807 3916 980 3979 niam
1025 3917 1239 3979 anima
1280 3924 1566 3999 separata
1609 3926 1820 3979 manet
1859 3918 2123 3981 unibilis
2176 3937 2308 3981 cor-

807 4014 969 4095 pori,
1021 4013 1329 4077 affectum
1378 4024 1443 4077 et
1492 4014 1909 4079 intentionem
1973 4010 2304 4079 reservans

804 4113 882 4174 ad
943 4112 1122 4185 illud,
1177 4114 1241 4174 in
1300 4120 1545 4175 tantum
1604 4122 1674 4176 ut
1734 4133 1847 4195 per
1906 4115 2022 4176 hoc
2076 4134 2113 4177 a
2160 4134 2306 4178 con-

2414 3139 2594 3193 enter
2624 3132 3053 3212 sonare‚quod
3082 3133 3308 3194 asserit
3335 3132 3614 3194 animam
3647 3151 3762 3214 per
3792 3133 3914 3195 hoc

2413 3228 2675 3291 differre
2705 3228 2785 3290 ab
2822 3229 3047 3308 angelo
3073 3248 3326 3310 genere,
3358 3230 3660 3311 quoniam
3699 3231 3918 3293 anima

2414 3334 2511 3387 est
2542 3326 2876 3389 intendens
2908 3328 2972 3388 in
3005 3326 3407 3390 delectabilia
3436 3328 3740 3409 corporis,
3765 3329 3916 3391 Ani-

2419 3446 2537 3488 mae
2579 3425 2816 3487 etenim
2861 3424 3179 3497 virtuosae‚
3223 3426 3572 3507 praesertim
3618 3426 3913 3501 heroicae,

2415 3544 2452 3585 a
2479 3522 3007 3586 delectationibus
3050 3522 3176 3585 illis
3215 3542 3282 3585 se
3323 3524 3670 3599 retrahunt,
3706 3534 3770 3588 et
3809 3544 3917 3588 eas

2416 3621 2777 3684 cordialiter
2805 3630 3243 3703 aspernantur.
3260 3622 3336 3684 Et
3365 3623 3418 3683 si
3450 3623 3718 3697 dicatur,
3743 3625 3916 3705 quod

2415 3740 2491 3782 ex
2541 3739 2656 3781 sua
2711 3727 2934 3782 natura
2991 3718 3388 3782 affectabiles
3447 3728 3595 3783 sunt
3643 3722 3724 3783 ad
3781 3740 3912 3797 eaS,

2414 3817 2608 3897 objici
2651 3825 2878 3899 potest,
2911 3819 3080 3900 quod
3119 3817 3443 3882 affectatio
3482 3819 3592 3881 illa
3622 3820 3800 3882 venit
3833 3840 3916 3883 ex

2415 3916 2636 3979 fomite
2673 3934 2686 3977 ε
2721 3916 2948 3977 vitium
2989 3924 3200 3978 autem
3243 3924 3338 3979 est
3370 3925 3587 3980 contra
3621 3917 3718 3979 vel
3761 3938 3918 4000 prae-

2414 4020 2508 4075 ter
2559 4022 2867 4076 naturam.
2914 4014 3033 4076 Sed
3081 4014 3394 4096 quidquid
3444 4015 3591 4077 inde
3637 4015 3910 4089 dicatur,

2411 4119 2674 4193 apparet
2721 4112 2891 4192 quod
2937 4130 3014 4172 ex
3059 4112 3452 4174 intendentia
3499 4112 3609 4174 illa
3654 4114 3733 4175 ad
3777 4132 3916 4176 cor-

806 4212 1219 4291 templatione
1276 4212 1638 4292 aliqualiter
1694 4212 2065 4275 retrahatur.
2128 4214 2302 4276 Unde
2333 4216 2384 4279 D
2414 4209 2585 4290 poris
2613 4209 3074 4271 oblectamenta
3102 4228 3303 4290 genus
3333 4210 3494 4272 sumi
3526 4229 3652 4273 non
3681 4220 3908 4293 queat:

806 4308 1183 4371 duodecimo
1233 4309 1397 4371 libro
1442 4328 1634 4391 super
1677 4310 1971 4372 Genesim
2022 4312 2099 4373 ad
2143 4312 2306 4374 litte-

806 4423 943 4466 ram
984 4406 1375 4486 Augustinus
1421 4406 1683 4487 loquens
1729 4407 1806 4469 de
1847 4408 2060 4470 anima
2102 4416 2300 4489 rapta,

804 4522 842 4564 a
890 4502 1183 4565 sensibus
1232 4504 1515 4585 corporis
1564 4504 1855 4578 alienata,
1899 4512 1961 4567 et
2010 4507 2086 4568 de
2135 4515 2302 4569 statu

807 4609 951 4683 post
1000 4609 1290 4675 mortem,
1335 4601 1570 4664 fatetur
1612 4620 1626 4663 ε
1670 4604 1839 4664 Inest
1886 4604 2115 4667 animae
2163 4606 2303 4686 qui-

804 4700 949 4762 dam
982 4699 1282 4762 naturalis
1312 4699 1627 4782 appetitus
1657 4700 2141 4763 administrandi
2175 4721 2306 4765 cor-

804 4818 947 4881 puS,
971 4817 1098 4882 quo
1128 4799 1416 4881 appetitu
1448 4799 1918 4879 quodammodo
1948 4801 2303 4862 retardatur

804 4914 883 4958 ne
933 4904 1060 4959 tota
1119 4895 1470 4957 intentione
1519 4902 1739 4977 pergat
1786 4896 1851 4957 in
1911 4896 2071 4959 illud
2130 4917 2301 4959 sum-

806 5013 980 5055 mum
1032 4994 1266 5055 coelum
1321 4992 1770 5068 intellectuale,
1824 4994 1886 5056 id
1938 5003 2030 5056 est
2082 5014 2300 5077 super-

804 5091 1232 5153 beatissimam
1278 5090 1675 5165 Trinitatem,
1713 5093 2019 5173 quamdiu
2062 5093 2122 5154 ei
2173 5111 2300 5155 non

802 5188 1019 5250 subest
1064 5206 1297 5271 corpus
1348 5188 1532 5269 cujus
1588 5190 2137 5253 administratione
2196 5210 2302 5273 ap-

804 5288 1037 5371 petitus
1081 5287 1186 5349 ille
1230 5287 1535 5370 quiescat.

2411 4306 2563 4389 quia
2603 4306 2969 4369 differentia
3012 4307 3263 4388 generis
3307 4308 3500 4370 etiam
3550 4310 3912 4372 essentialis

2410 4412 2526 4477 cst,
2560 4422 2688 4467 non
2727 4405 3171 4483 accidentalis3
3216 4405 3542 4469 intendere
3570 4414 3784 4469 autem
3826 4409 3908 4470 ad

2411 4503 2813 4565 delectabilia
2857 4503 2984 4577 illa,
3018 4504 3406 4566 accidentale
3445 4512 3508 4566 et
3551 4506 3908 4587 separabile

2410 4610 2524 4664 est.
2560 4602 2852 4664 Attamen
2905 4601 3114 4664 forsan
3164 4602 3310 4683 quis
3358 4603 3548 4679 dicat,
3591 4605 3761 4686 quod
3809 4624 3911 4667 ac-

2412 4700 2666 4761 tualiter
2706 4700 2771 4761 in
2813 4700 2920 4761 illa
2961 4700 3310 4772 intendere,
3351 4702 3742 4765 accidentale
3785 4705 3906 4783 sit3

2412 4798 2738 4860 intendere
2769 4816 3022 4880 quoque
3056 4798 3119 4859 in
3153 4798 3261 4860 illa
3296 4799 3671 4875 inordinate,
3703 4810 3910 4865 exstat

2410 4896 2730 4979 culpabile
2768 4917 2781 4961 z
2816 4898 2926 4959 sed
2963 4897 3024 4958 in
3057 4916 3131 4958 ea
3168 4897 3496 4960 intendere
3525 4900 3910 4980 aptitudina·

2410 4994 2554 5057 liter
2591 5003 2655 5056 et
2687 5002 2877 5075 prout
2902 4995 3352 5057 delectationes
3393 4996 3518 5059 illae
3557 5006 3705 5061 sunt
3747 5018 3910 5080 pure

2409 5093 2726 5155 naturales
2763 5113 2838 5156 ac
2868 5094 3192 5169 ordinatae,
3227 5112 3344 5156 nec
3380 5096 3772 5159 accidentale
3811 5106 3908 5160 est

2409 5210 2616 5273 neque
2647 5191 2987 5273 culpabile.

2491 5290 2677 5352 Porro
2726 5290 3052 5353 Udalricus
3105 5292 3170 5353 in
3229 5292 3495 5356 Summa
3549 5312 3686 5369 sua,
3741 5294 3906 5359 libro
