<?xml version="1.0" encoding="UTF-8"?>
<!DOCTYPE html PUBLIC "-//W3C//DTD XHTML 1.0 Transitional//EN"
    "http://www.w3.org/TR/xhtml1/DTD/xhtml1-transitional.dtd">
<html xmlns="http://www.w3.org/1999/xhtml" xml:lang="en" lang="en">
 <head>
  <title>
</title>
<meta http-equiv="Content-Type" content="text/html;charset=utf-8" />
  <meta name='ocr-system' content='tesseract 3.04.00' />
  <meta name='ocr-capabilities' content='ocr_page ocr_carea ocr_par ocr_line ocrx_word'/>
</head>
<body>
  <div class='ocr_page' id='page_1' title='image "./doctorisecstati01denigoog_0090.png"; bbox 0 0 4334 6242; ppageno 0'>
   <div class='ocr_carea' id='block_1_1' title="bbox 581 2126 843 2177">
    <p class='ocr_par' dir='ltr' id='par_1_1' title="bbox 581 2126 843 2177">
     <span class='ocr_line' id='line_1_1' title="bbox 581 2126 843 2177; baseline -0.004 -8"><span class='ocrx_word' id='word_1_1' title='bbox 581 2126 745 2169; x_wconf 73' lang='lat' dir='ltr'><strong>locun.</strong></span> <span class='ocrx_word' id='word_1_2' title='bbox 760 2140 790 2177; x_wconf 83' lang='grc' dir='ltr'><strong>ι,</strong></span> <span class='ocrx_word' id='word_1_3' title='bbox 806 2129 843 2168; x_wconf 83' lang='grc'><strong>3.</strong></span> 
     </span>
    </p>
   </div>
   <div class='ocr_carea' id='block_1_2' title="bbox 586 3306 849 3426">
    <p class='ocr_par' dir='ltr' id='par_1_2' title="bbox 586 3306 849 3426">
     <span class='ocr_line' id='line_1_2' title="bbox 614 3306 849 3363; baseline 0 -14"><span class='ocrx_word' id='word_1_4' title='bbox 614 3307 686 3363; x_wconf 75' lang='lat' dir='ltr'><strong>Cf.</strong></span> <span class='ocrx_word' id='word_1_5' title='bbox 700 3312 732 3351; x_wconf 91' lang='lat' dir='ltr'><strong>t.</strong></span> <span class='ocrx_word' id='word_1_6' title='bbox 745 3306 849 3359; x_wconf 76' lang='lat' dir='ltr'><strong>XIX,</strong></span> 
     </span>
     <span class='ocr_line' id='line_1_3' title="bbox 586 3372 802 3426; baseline 0.005 -13"><span class='ocrx_word' id='word_1_7' title='bbox 586 3384 629 3426; x_wconf 88' lang='lat' dir='ltr'><strong>p.</strong></span> <span class='ocrx_word' id='word_1_8' title='bbox 653 3375 729 3415; x_wconf 78' lang='lat'><strong>326</strong></span> <span class='ocrx_word' id='word_1_9' title='bbox 741 3372 802 3414; x_wconf 77' lang='lat' dir='ltr'><strong>A&#39;.</strong></span> 
     </span>
    </p>
   </div>
   <div class='ocr_carea' id='block_1_3' title="bbox 875 448 955 513">
    <p class='ocr_par' dir='ltr' id='par_1_3' title="bbox 875 448 955 513">
     <span class='ocr_line' id='line_1_4' title="bbox 875 448 955 513; baseline 0 0"><span class='ocrx_word' id='word_1_10' title='bbox 875 448 955 513; x_wconf 79' lang='lat'><strong>66</strong></span> 
     </span>
    </p>
   </div>
   <div class='ocr_carea' id='block_1_4' title="bbox 1557 466 3298 530">
    <p class='ocr_par' dir='ltr' id='par_1_4' title="bbox 1557 466 3298 530">
     <span class='ocr_line' id='line_1_5' title="bbox 1557 466 3298 530; baseline 0.001 -16"><span class='ocrx_word' id='word_1_11' title='bbox 1557 466 1621 514; x_wconf 75' lang='lat' dir='ltr'><strong>IN</strong></span> <span class='ocrx_word' id='word_1_12' title='bbox 1661 468 1883 515; x_wconf 73' lang='lat' dir='ltr'><strong>unum(</strong></span> <span class='ocrx_word' id='word_1_13' title='bbox 1926 468 1968 513; x_wconf 83' lang='lat'><strong>11</strong></span> <span class='ocrx_word' id='word_1_14' title='bbox 2011 466 2494 513; x_wconf 69' lang='lat' dir='ltr'><strong>SENTENTIARUM.</strong></span> <span class='ocrx_word' id='word_1_15' title='bbox 2538 485 2617 494; x_wconf 92' lang='grc'>-</span> <span class='ocrx_word' id='word_1_16' title='bbox 2658 466 2810 513; x_wconf 89' lang='lat' dir='ltr'><strong>DlST.</strong></span> <span class='ocrx_word' id='word_1_17' title='bbox 2861 468 2914 530; x_wconf 75' lang='lat'><strong>13</strong></span> <span class='ocrx_word' id='word_1_18' title='bbox 2959 467 3183 524; x_wconf 75' lang='lat' dir='ltr'><strong>QUAEST.</strong></span> <span class='ocrx_word' id='word_1_19' title='bbox 3231 468 3298 517; x_wconf 80' lang='lat'><strong>111</strong></span> 
     </span>
    </p>
   </div>
   <div class='ocr_carea' id='block_1_5' title="bbox 881 636 3979 721">
    <p class='ocr_par' dir='ltr' id='par_1_5' title="bbox 881 636 3979 721">
     <span class='ocr_line' id='line_1_6' title="bbox 881 636 3979 721; baseline -0.001 -20"><span class='ocrx_word' id='word_1_20' title='bbox 881 638 1389 720; x_wconf 87' lang='lat' dir='ltr'><strong>intelligendum,</strong></span> <span class='ocrx_word' id='word_1_21' title='bbox 1438 638 1617 720; x_wconf 82' lang='lat' dir='ltr'><strong>quasi</strong></span> <span class='ocrx_word' id='word_1_22' title='bbox 1679 638 2038 700; x_wconf 87' lang='lat' dir='ltr'><strong>intellectus</strong></span> <span class='ocrx_word' id='word_1_23' title='bbox 2084 645 2146 699; x_wconf 92' lang='lat' dir='ltr'><strong>et</strong></span> <span class='ocrx_word' id='word_1_24' title='bbox 2195 636 2378 699; x_wconf 89' lang='lat' dir='ltr'><strong>intel·</strong></span> <span class='ocrx_word' id='word_1_25' title='bbox 2405 636 2458 699; x_wconf 82' lang='lat' dir='ltr'><strong>A</strong></span> <span class='ocrx_word' id='word_1_26' title='bbox 2487 655 2741 700; x_wconf 90' lang='lat' dir='ltr'><strong>summo</strong></span> <span class='ocrx_word' id='word_1_27' title='bbox 2780 646 2990 701; x_wconf 87' lang='lat' dir='ltr'><strong>creato</strong></span> <span class='ocrx_word' id='word_1_28' title='bbox 3029 658 3230 721; x_wconf 93' lang='lat' dir='ltr'><strong>usque</strong></span> <span class='ocrx_word' id='word_1_29' title='bbox 3261 640 3336 701; x_wconf 87' lang='lat' dir='ltr'><strong>ad</strong></span> <span class='ocrx_word' id='word_1_30' title='bbox 3377 638 3677 701; x_wconf 90' lang='lat' dir='ltr'><strong>infimum</strong></span> <span class='ocrx_word' id='word_1_31' title='bbox 3717 637 3979 700; x_wconf 88' lang='lat' dir='ltr'><strong>diversi-</strong></span> 
     </span>
    </p>
   </div>
   <div class='ocr_carea' id='block_1_6' title="bbox 878 736 2382 917">
    <p class='ocr_par' dir='ltr' id='par_1_6' title="bbox 878 736 2382 917">
     <span class='ocr_line' id='line_1_7' title="bbox 882 736 2382 819; baseline -0.001 -21"><span class='ocrx_word' id='word_1_32' title='bbox 882 737 1074 819; x_wconf 88' lang='lat' dir='ltr'><strong>ligere</strong></span> <span class='ocrx_word' id='word_1_33' title='bbox 1126 755 1253 800; x_wconf 90' lang='lat' dir='ltr'><strong>non</strong></span> <span class='ocrx_word' id='word_1_34' title='bbox 1305 738 1597 799; x_wconf 88' lang='lat' dir='ltr'><strong>dieantur</strong></span> <span class='ocrx_word' id='word_1_35' title='bbox 1638 736 1703 799; x_wconf 90' lang='lat' dir='ltr'><strong>in</strong></span> <span class='ocrx_word' id='word_1_36' title='bbox 1748 737 1985 799; x_wconf 90' lang='lat' dir='ltr'><strong>divinis</strong></span> <span class='ocrx_word' id='word_1_37' title='bbox 2032 737 2223 799; x_wconf 89' lang='lat' dir='ltr'><strong>etiam</strong></span> <span class='ocrx_word' id='word_1_38' title='bbox 2273 736 2382 797; x_wconf 89' lang='lat' dir='ltr'><strong>ab·</strong></span> 
     </span>
     <span class='ocr_line' id='line_1_8' title="bbox 878 834 2378 917; baseline -0.001 -20"><span class='ocrx_word' id='word_1_39' title='bbox 878 836 1104 907; x_wconf 88' lang='lat' dir='ltr'><strong>solute,</strong></span> <span class='ocrx_word' id='word_1_40' title='bbox 1138 843 1201 897; x_wconf 90' lang='lat' dir='ltr'><strong>et</strong></span> <span class='ocrx_word' id='word_1_41' title='bbox 1241 836 1422 917; x_wconf 82' lang='lat' dir='ltr'><strong>quasi</strong></span> <span class='ocrx_word' id='word_1_42' title='bbox 1468 854 1583 917; x_wconf 87' lang='lat' dir='ltr'><strong>per</strong></span> <span class='ocrx_word' id='word_1_43' title='bbox 1622 854 1695 897; x_wconf 94' lang='lat' dir='ltr'><strong>ea</strong></span> <span class='ocrx_word' id='word_1_44' title='bbox 1734 836 1825 897; x_wconf 91' lang='lat' dir='ltr'><strong>sic</strong></span> <span class='ocrx_word' id='word_1_45' title='bbox 1856 836 2047 909; x_wconf 89' lang='lat' dir='ltr'><strong>dicta,</strong></span> <span class='ocrx_word' id='word_1_46' title='bbox 2082 853 2208 897; x_wconf 91' lang='lat' dir='ltr'><strong>non</strong></span> <span class='ocrx_word' id='word_1_47' title='bbox 2251 834 2378 896; x_wconf 91' lang='lat' dir='ltr'><strong>sint</strong></span> 
     </span>
    </p>
   </div>
   <div class='ocr_carea' id='block_1_7' title="bbox 767 934 2380 1113">
    <p class='ocr_par' dir='ltr' id='par_1_7' title="bbox 767 934 2380 1113">
     <span class='ocr_line' id='line_1_9' title="bbox 774 934 2380 1015; baseline -0.001 -20"><span class='ocrx_word' id='word_1_48' title='bbox 774 953 812 996; x_wconf 64' lang='lat' dir='ltr'><strong>fis</strong></span> <span class='ocrx_word' id='word_1_49' title='bbox 838 984 849 996; x_wconf 92' lang='lat'><strong>.</strong></span> <span class='ocrx_word' id='word_1_50' title='bbox 878 934 1093 996; x_wconf 90' lang='lat' dir='ltr'><strong>omnia</strong></span> <span class='ocrx_word' id='word_1_51' title='bbox 1136 934 1321 1008; x_wconf 88' lang='lat' dir='ltr'><strong>facta,</strong></span> <span class='ocrx_word' id='word_1_52' title='bbox 1358 942 1545 1015; x_wconf 90' lang='lat' dir='ltr'><strong>prout</strong></span> <span class='ocrx_word' id='word_1_53' title='bbox 1583 952 1775 1015; x_wconf 91' lang='lat' dir='ltr'><strong>super</strong></span> <span class='ocrx_word' id='word_1_54' title='bbox 1813 934 2092 1015; x_wconf 86' lang='lat' dir='ltr'><strong>primum</strong></span> <span class='ocrx_word' id='word_1_55' title='bbox 2128 951 2380 1015; x_wconf 88' lang='lat' dir='ltr'><strong>expres·</strong></span> 
     </span>
     <span class='ocr_line' id='line_1_10' title="bbox 767 1032 2376 1113; baseline -0.002 -18"><span class='ocrx_word' id='word_1_56' title='bbox 767 1047 779 1066; x_wconf 82' lang='grc'>’</span> <span class='ocrx_word' id='word_1_57' title='bbox 836 1046 848 1058; x_wconf 93' lang='grc'><em>·</em></span> <span class='ocrx_word' id='word_1_58' title='bbox 878 1052 1020 1095; x_wconf 90' lang='lat' dir='ltr'><strong>sum</strong></span> <span class='ocrx_word' id='word_1_59' title='bbox 1062 1040 1175 1094; x_wconf 89' lang='lat' dir='ltr'><strong>est.</strong></span> <span class='ocrx_word' id='word_1_60' title='bbox 1209 1068 1290 1077; x_wconf 94' lang='lat'>—</span> <span class='ocrx_word' id='word_1_61' title='bbox 1319 1033 1398 1094; x_wconf 86' lang='lat' dir='ltr'><strong>At</strong></span> <span class='ocrx_word' id='word_1_62' title='bbox 1429 1050 1578 1093; x_wconf 88' lang='lat' dir='ltr'><strong>vero</strong></span> <span class='ocrx_word' id='word_1_63' title='bbox 1607 1032 1963 1095; x_wconf 86' lang='lat' dir='ltr'><strong>Avicebron</strong></span> <span class='ocrx_word' id='word_1_64' title='bbox 2007 1032 2148 1103; x_wconf 90' lang='lat' dir='ltr'><strong>iste,</strong></span> <span class='ocrx_word' id='word_1_65' title='bbox 2183 1050 2376 1113; x_wconf 90' lang='lat' dir='ltr'><strong>quem</strong></span> 
     </span>
    </p>
   </div>
   <div class='ocr_carea' id='block_1_8' title="bbox 873 1130 2379 1801">
    <p class='ocr_par' dir='ltr' id='par_1_8' title="bbox 873 1130 2379 1801">
     <span class='ocr_line' id='line_1_11' title="bbox 879 1130 2379 1212; baseline -0.001 -19"><span class='ocrx_word' id='word_1_66' title='bbox 879 1131 1257 1193; x_wconf 90' lang='lat' dir='ltr'><strong>Guillelmus</strong></span> <span class='ocrx_word' id='word_1_67' title='bbox 1288 1140 1470 1193; x_wconf 90' lang='lat' dir='ltr'><strong>vocat</strong></span> <span class='ocrx_word' id='word_1_68' title='bbox 1500 1131 1886 1212; x_wconf 89' lang='lat' dir='ltr'><strong>theologum,</strong></span> <span class='ocrx_word' id='word_1_69' title='bbox 1920 1137 1983 1192; x_wconf 89' lang='lat' dir='ltr'><strong>et</strong></span> <span class='ocrx_word' id='word_1_70' title='bbox 2014 1138 2195 1212; x_wconf 91' lang='lat' dir='ltr'><strong>putat</strong></span> <span class='ocrx_word' id='word_1_71' title='bbox 2225 1130 2379 1192; x_wconf 89' lang='lat' dir='ltr'><strong>fuis-</strong></span> 
     </span>
     <span class='ocr_line' id='line_1_12' title="bbox 876 1228 2377 1309; baseline -0.001 -18"><span class='ocrx_word' id='word_1_72' title='bbox 876 1248 944 1291; x_wconf 91' lang='lat' dir='ltr'><strong>se</strong></span> <span class='ocrx_word' id='word_1_73' title='bbox 976 1229 1395 1291; x_wconf 85' lang='lat' dir='ltr'><strong>christianum</strong></span> <span class='ocrx_word' id='word_1_74' title='bbox 1428 1248 1501 1291; x_wconf 89' lang='lat' dir='ltr'><strong>ac</strong></span> <span class='ocrx_word' id='word_1_75' title='bbox 1531 1228 1823 1303; x_wconf 87' lang='lat' dir='ltr'><strong>Arabem‚</strong></span> <span class='ocrx_word' id='word_1_76' title='bbox 1858 1236 2048 1309; x_wconf 88' lang='lat' dir='ltr'><strong>atque</strong></span> <span class='ocrx_word' id='word_1_77' title='bbox 2078 1236 2224 1290; x_wconf 90' lang='lat' dir='ltr'><strong>ante</strong></span> <span class='ocrx_word' id='word_1_78' title='bbox 2255 1229 2377 1290; x_wconf 89' lang='lat' dir='ltr'><strong>Ma—</strong></span> 
     </span>
     <span class='ocr_line' id='line_1_13' title="bbox 879 1326 2376 1409; baseline 0 -21"><span class='ocrx_word' id='word_1_79' title='bbox 879 1327 1206 1390; x_wconf 89' lang='lat' dir='ltr'><strong>hometum</strong></span> <span class='ocrx_word' id='word_1_80' title='bbox 1236 1327 1373 1409; x_wconf 92' lang='lat' dir='ltr'><strong>(qui</strong></span> <span class='ocrx_word' id='word_1_81' title='bbox 1406 1326 1644 1388; x_wconf 78' lang='lat' dir='ltr'><strong>Arabes</strong></span> <span class='ocrx_word' id='word_1_82' title='bbox 1675 1327 1954 1408; x_wconf 79' lang='lat' dir='ltr'>decepit)</span> <span class='ocrx_word' id='word_1_83' title='bbox 1983 1326 2205 1399; x_wconf 89' lang='lat' dir='ltr'><strong>fuisse,</strong></span> <span class='ocrx_word' id='word_1_84' title='bbox 2243 1327 2376 1408; x_wconf 89' lang='lat' dir='ltr'><strong>ipse</strong></span> 
     </span>
     <span class='ocr_line' id='line_1_14' title="bbox 873 1424 2375 1507; baseline 0 -21"><span class='ocrx_word' id='word_1_85' title='bbox 873 1433 970 1487; x_wconf 91' lang='lat' dir='ltr'><strong>est</strong></span> <span class='ocrx_word' id='word_1_86' title='bbox 1010 1425 1367 1487; x_wconf 85' lang='lat' dir='ltr'><strong>Avieebron</strong></span> <span class='ocrx_word' id='word_1_87' title='bbox 1418 1424 1529 1507; x_wconf 90' lang='lat' dir='ltr'><strong>qui</strong></span> <span class='ocrx_word' id='word_1_88' title='bbox 1581 1433 1649 1487; x_wconf 87' lang='lat' dir='ltr'><strong>ut</strong></span> <span class='ocrx_word' id='word_1_89' title='bbox 1699 1432 1909 1487; x_wconf 90' lang='lat' dir='ltr'><strong>narrat</strong></span> <span class='ocrx_word' id='word_1_90' title='bbox 1960 1424 2257 1487; x_wconf 87' lang='lat' dir='ltr'><strong>Albertus</strong></span> <span class='ocrx_word' id='word_1_91' title='bbox 2311 1426 2375 1486; x_wconf 88' lang='lat' dir='ltr'><strong>in</strong></span> 
     </span>
     <span class='ocr_line' id='line_1_15' title="bbox 877 1523 2378 1596; baseline 0.001 -11"><span class='ocrx_word' id='word_1_92' title='bbox 877 1524 1041 1585; x_wconf 87' lang='lat' dir='ltr'><strong>libro</strong></span> <span class='ocrx_word' id='word_1_93' title='bbox 1088 1524 1166 1585; x_wconf 90' lang='lat' dir='ltr'><strong>de</strong></span> <span class='ocrx_word' id='word_1_94' title='bbox 1209 1524 1480 1586; x_wconf 86' lang='lat' dir='ltr'><strong>Mirabili</strong></span> <span class='ocrx_word' id='word_1_95' title='bbox 1525 1523 1791 1585; x_wconf 87' lang='lat' dir='ltr'><strong>scientia</strong></span> <span class='ocrx_word' id='word_1_96' title='bbox 1840 1523 1974 1596; x_wconf 90' lang='lat' dir='ltr'><strong>Dei,</strong></span> <span class='ocrx_word' id='word_1_97' title='bbox 2017 1523 2140 1585; x_wconf 91' lang='lat' dir='ltr'><strong>fuit</strong></span> <span class='ocrx_word' id='word_1_98' title='bbox 2183 1523 2378 1586; x_wconf 90' lang='lat' dir='ltr'><strong>Plato-</strong></span> 
     </span>
     <span class='ocr_line' id='line_1_16' title="bbox 875 1622 2377 1704; baseline 0.001 -21"><span class='ocrx_word' id='word_1_99' title='bbox 875 1622 1110 1700; x_wconf 83' lang='lat' dir='ltr'><strong>nicus3</strong></span> <span class='ocrx_word' id='word_1_100' title='bbox 1171 1629 1235 1683; x_wconf 88' lang='lat' dir='ltr'><strong>et</strong></span> <span class='ocrx_word' id='word_1_101' title='bbox 1295 1622 1455 1684; x_wconf 91' lang='lat' dir='ltr'><strong>liber</strong></span> <span class='ocrx_word' id='word_1_102' title='bbox 1514 1641 1704 1704; x_wconf 91' lang='lat' dir='ltr'><strong>quem</strong></span> <span class='ocrx_word' id='word_1_103' title='bbox 1765 1622 2141 1685; x_wconf 86' lang='lat' dir='ltr'><strong>Guillelmus</strong></span> <span class='ocrx_word' id='word_1_104' title='bbox 2196 1631 2377 1685; x_wconf 88' lang='lat' dir='ltr'><strong>vocat</strong></span> 
     </span>
     <span class='ocr_line' id='line_1_17' title="bbox 878 1720 2375 1801; baseline 0 -20"><span class='ocrx_word' id='word_1_105' title='bbox 878 1720 1138 1781; x_wconf 85' lang='lat' dir='ltr'><strong>Fontem</strong></span> <span class='ocrx_word' id='word_1_106' title='bbox 1185 1720 1534 1801; x_wconf 60' lang='lat' dir='ltr'><strong>sapientise,</strong></span> <span class='ocrx_word' id='word_1_107' title='bbox 1578 1720 2004 1783; x_wconf 85' lang='lat' dir='ltr'><strong>communiter</strong></span> <span class='ocrx_word' id='word_1_108' title='bbox 2048 1739 2375 1801; x_wconf 88' lang='lat' dir='ltr'><strong>nuncupa-</strong></span> 
     </span>
    </p>
   </div>
   <div class='ocr_carea' id='block_1_9' title="bbox 2485 736 3988 1807">
    <p class='ocr_par' dir='ltr' id='par_1_9' title="bbox 2485 736 3988 1807">
     <span class='ocr_line' id='line_1_18' title="bbox 2489 736 3982 812; baseline 0 -15"><span class='ocrx_word' id='word_1_109' title='bbox 2489 736 2672 799; x_wconf 91' lang='lat' dir='ltr'><strong>mode</strong></span> <span class='ocrx_word' id='word_1_110' title='bbox 2719 737 2784 798; x_wconf 94' lang='lat' dir='ltr'><strong>in</strong></span> <span class='ocrx_word' id='word_1_111' title='bbox 2828 756 3038 799; x_wconf 87' lang='lat' dir='ltr'><strong>rerum</strong></span> <span class='ocrx_word' id='word_1_112' title='bbox 3085 738 3416 800; x_wconf 82' lang='lat' dir='ltr'><strong>ordinibus</strong></span> <span class='ocrx_word' id='word_1_113' title='bbox 3459 739 3801 812; x_wconf 88' lang='lat' dir='ltr'><strong>declarare,</strong></span> <span class='ocrx_word' id='word_1_114' title='bbox 3834 737 3982 799; x_wconf 88' lang='lat' dir='ltr'><strong>faei-</strong></span> 
     </span>
     <span class='ocr_line' id='line_1_19' title="bbox 2487 835 3981 918; baseline 0 -21"><span class='ocrx_word' id='word_1_115' title='bbox 2487 854 2601 897; x_wconf 90' lang='lat' dir='ltr'><strong>ens</strong></span> <span class='ocrx_word' id='word_1_116' title='bbox 2639 835 2935 915; x_wconf 81' lang='lat' dir='ltr'><strong>angelum</strong></span> <span class='ocrx_word' id='word_1_117' title='bbox 2977 854 3174 917; x_wconf 84' lang='lat' dir='ltr'>prope</span> <span class='ocrx_word' id='word_1_118' title='bbox 3204 856 3293 910; x_wconf 91' lang='lat' dir='ltr'><strong>se,</strong></span> <span class='ocrx_word' id='word_1_119' title='bbox 3325 844 3390 899; x_wconf 88' lang='lat' dir='ltr'><strong>et</strong></span> <span class='ocrx_word' id='word_1_120' title='bbox 3421 837 3748 899; x_wconf 88' lang='lat' dir='ltr'><strong>materiam</strong></span> <span class='ocrx_word' id='word_1_121' title='bbox 3785 854 3981 918; x_wconf 89' lang='lat' dir='ltr'><strong>prope</strong></span> 
     </span>
     <span class='ocr_line' id='line_1_20' title="bbox 2489 932 3980 1016; baseline 0.001 -23"><span class='ocrx_word' id='word_1_122' title='bbox 2489 932 2682 1011; x_wconf 82' lang='lat' dir='ltr'><strong>nihil3</strong></span> <span class='ocrx_word' id='word_1_123' title='bbox 2732 940 2796 993; x_wconf 91' lang='lat' dir='ltr'><strong>et</strong></span> <span class='ocrx_word' id='word_1_124' title='bbox 2841 940 3055 996; x_wconf 86' lang='lat' dir='ltr'><strong>tamen</strong></span> <span class='ocrx_word' id='word_1_125' title='bbox 3101 934 3292 996; x_wconf 87' lang='lat' dir='ltr'><strong>etiam</strong></span> <span class='ocrx_word' id='word_1_126' title='bbox 3348 934 3626 1016; x_wconf 90' lang='lat' dir='ltr'><strong>primum</strong></span> <span class='ocrx_word' id='word_1_127' title='bbox 3674 940 3980 1005; x_wconf 90' lang='lat' dir='ltr'><strong>creatum,</strong></span> 
     </span>
     <span class='ocr_line' id='line_1_21' title="bbox 2487 1031 3986 1111; baseline 0.001 -20"><span class='ocrx_word' id='word_1_128' title='bbox 2487 1031 2959 1111; x_wconf 88' lang='lat' dir='ltr'><strong>quantumlibet</strong></span> <span class='ocrx_word' id='word_1_129' title='bbox 3007 1034 3296 1095; x_wconf 89' lang='lat' dir='ltr'><strong>eminens</strong></span> <span class='ocrx_word' id='word_1_130' title='bbox 3342 1032 3508 1107; x_wconf 91' lang='lat' dir='ltr'><strong>aliis,</strong></span> <span class='ocrx_word' id='word_1_131' title='bbox 3551 1032 3876 1095; x_wconf 87' lang='lat' dir='ltr'><strong>occumbit</strong></span> <span class='ocrx_word' id='word_1_132' title='bbox 3923 1039 3986 1093; x_wconf 88' lang='lat' dir='ltr'><strong>et</strong></span> 
     </span>
     <span class='ocr_line' id='line_1_22' title="bbox 2486 1130 3986 1214; baseline 0.001 -23"><span class='ocrx_word' id='word_1_133' title='bbox 2486 1130 2708 1192; x_wconf 78' lang='lat' dir='ltr'><strong>deficit</strong></span> <span class='ocrx_word' id='word_1_134' title='bbox 2737 1132 2992 1212; x_wconf 90' lang='lat' dir='ltr'><strong>penitus</strong></span> <span class='ocrx_word' id='word_1_135' title='bbox 3024 1133 3276 1194; x_wconf 85' lang='lat' dir='ltr'><strong>infinite</strong></span> <span class='ocrx_word' id='word_1_136' title='bbox 3305 1132 3386 1195; x_wconf 89' lang='lat' dir='ltr'><strong>ab</strong></span> <span class='ocrx_word' id='word_1_137' title='bbox 3415 1132 3812 1206; x_wconf 81' lang='lat' dir='ltr'><strong>excellentia,</strong></span> <span class='ocrx_word' id='word_1_138' title='bbox 3847 1151 3986 1214; x_wconf 91' lang='lat' dir='ltr'><strong>per-</strong></span> 
     </span>
     <span class='ocr_line' id='line_1_23' title="bbox 2487 1228 3982 1313; baseline -0.001 -22"><span class='ocrx_word' id='word_1_139' title='bbox 2487 1228 2762 1292; x_wconf 83' lang='lat' dir='ltr'><strong>fec-tione</strong></span> <span class='ocrx_word' id='word_1_140' title='bbox 2806 1238 2869 1292; x_wconf 91' lang='lat' dir='ltr'><strong>et</strong></span> <span class='ocrx_word' id='word_1_141' title='bbox 2911 1232 3113 1312; x_wconf 88' lang='lat' dir='ltr'><strong>gloria</strong></span> <span class='ocrx_word' id='word_1_142' title='bbox 3159 1231 3610 1313; x_wconf 88' lang='lat' dir='ltr'><strong>supergloriosi</strong></span> <span class='ocrx_word' id='word_1_143' title='bbox 3652 1230 3982 1294; x_wconf 76' lang='lat' dir='ltr'><strong>CreatoriS.</strong></span> 
     </span>
     <span class='ocr_line' id='line_1_24' title="bbox 2487 1327 3983 1412; baseline 0.001 -23"><span class='ocrx_word' id='word_1_144' title='bbox 2487 1364 2567 1373; x_wconf 89' lang='lat'>—</span> <span class='ocrx_word' id='word_1_145' title='bbox 2622 1327 2714 1390; x_wconf 85' lang='lat' dir='ltr'><strong>Ad</strong></span> <span class='ocrx_word' id='word_1_146' title='bbox 2774 1330 3096 1410; x_wconf 91' lang='lat' dir='ltr'><strong>quintum,</strong></span> <span class='ocrx_word' id='word_1_147' title='bbox 3156 1331 3326 1412; x_wconf 91' lang='lat' dir='ltr'><strong>quod</strong></span> <span class='ocrx_word' id='word_1_148' title='bbox 3384 1330 3726 1392; x_wconf 91' lang='lat' dir='ltr'><strong>auctoritas</strong></span> <span class='ocrx_word' id='word_1_149' title='bbox 3784 1330 3983 1391; x_wconf 91' lang='lat' dir='ltr'><strong>divini</strong></span> 
     </span>
     <span class='ocr_line' id='line_1_25' title="bbox 2489 1427 3985 1511; baseline 0 -22"><span class='ocrx_word' id='word_1_150' title='bbox 2489 1427 2771 1510; x_wconf 81' lang='lat' dir='ltr'><strong>Dionysii</strong></span> <span class='ocrx_word' id='word_1_151' title='bbox 2814 1428 3091 1490; x_wconf 83' lang='lat' dir='ltr'><strong>sumitur</strong></span> <span class='ocrx_word' id='word_1_152' title='bbox 3129 1430 3208 1491; x_wconf 91' lang='lat' dir='ltr'><strong>de</strong></span> <span class='ocrx_word' id='word_1_153' title='bbox 3247 1430 3717 1511; x_wconf 89' lang='lat' dir='ltr'><strong>comparatione</strong></span> <span class='ocrx_word' id='word_1_154' title='bbox 3756 1429 3866 1490; x_wconf 90' lang='lat' dir='ltr'><strong>Dei</strong></span> <span class='ocrx_word' id='word_1_155' title='bbox 3907 1429 3985 1489; x_wconf 87' lang='lat' dir='ltr'><strong>ad</strong></span> 
     </span>
     <span class='ocr_line' id='line_1_26' title="bbox 2491 1527 3986 1609; baseline 0.001 -23"><span class='ocrx_word' id='word_1_156' title='bbox 2491 1533 2698 1587; x_wconf 87' lang='lat' dir='ltr'><strong>ereata</strong></span> <span class='ocrx_word' id='word_1_157' title='bbox 2740 1528 3092 1589; x_wconf 89' lang='lat' dir='ltr'><strong>secundum</strong></span> <span class='ocrx_word' id='word_1_158' title='bbox 3135 1527 3303 1608; x_wconf 93' lang='lat' dir='ltr'><strong>quod</strong></span> <span class='ocrx_word' id='word_1_159' title='bbox 3346 1527 3504 1609; x_wconf 89' lang='lat' dir='ltr'><strong>ipsis</strong></span> <span class='ocrx_word' id='word_1_160' title='bbox 3540 1527 3672 1607; x_wconf 89' lang='lat' dir='ltr'><strong>jam</strong></span> <span class='ocrx_word' id='word_1_161' title='bbox 3713 1527 3986 1589; x_wconf 88' lang='lat' dir='ltr'><strong>conditis</strong></span> 
     </span>
     <span class='ocr_line' id='line_1_27' title="bbox 2490 1623 3985 1706; baseline 0.001 -22"><span class='ocrx_word' id='word_1_162' title='bbox 2490 1623 2729 1698; x_wconf 86' lang='lat' dir='ltr'><strong>influit,</strong></span> <span class='ocrx_word' id='word_1_163' title='bbox 2763 1626 3153 1706; x_wconf 90' lang='lat' dir='ltr'><strong>providendo</strong></span> <span class='ocrx_word' id='word_1_164' title='bbox 3192 1635 3255 1689; x_wconf 84' lang='lat' dir='ltr'><strong>et</strong></span> <span class='ocrx_word' id='word_1_165' title='bbox 3290 1625 3630 1688; x_wconf 89' lang='lat' dir='ltr'><strong>tribuendo</strong></span> <span class='ocrx_word' id='word_1_166' title='bbox 3670 1626 3985 1687; x_wconf 88' lang='lat' dir='ltr'><strong>universis</strong></span> 
     </span>
     <span class='ocr_line' id='line_1_28' title="bbox 2485 1722 3988 1807; baseline 0.001 -23"><span class='ocrx_word' id='word_1_167' title='bbox 2485 1722 2667 1802; x_wconf 85' lang='lat' dir='ltr'><strong>juxta</strong></span> <span class='ocrx_word' id='word_1_168' title='bbox 2715 1724 3129 1804; x_wconf 75' lang='lat' dir='ltr'><strong>capacitatem</strong></span> <span class='ocrx_word' id='word_1_169' title='bbox 3181 1733 3244 1787; x_wconf 90' lang='lat' dir='ltr'><strong>et</strong></span> <span class='ocrx_word' id='word_1_170' title='bbox 3290 1724 3774 1807; x_wconf 88' lang='lat' dir='ltr'><strong>dispositionem</strong></span> <span class='ocrx_word' id='word_1_171' title='bbox 3823 1725 3988 1806; x_wconf 92' lang='lat' dir='ltr'><strong>ipso-</strong></span> 
     </span>
    </p>
   </div>
   <div class='ocr_carea' id='block_1_10' title="bbox 874 1817 3987 1905">
    <p class='ocr_par' dir='ltr' id='par_1_10' title="bbox 874 1817 3987 1905">
     <span class='ocr_line' id='line_1_29' title="bbox 874 1817 3987 1905; baseline 0.002 -27"><span class='ocrx_word' id='word_1_172' title='bbox 874 1826 978 1878; x_wconf 90' lang='lat' dir='ltr'><strong>tur</strong></span> <span class='ocrx_word' id='word_1_173' title='bbox 1023 1818 1185 1879; x_wconf 90' lang='lat' dir='ltr'><strong>liber</strong></span> <span class='ocrx_word' id='word_1_174' title='bbox 1230 1818 1442 1880; x_wconf 90' lang='lat' dir='ltr'><strong>Fontis</strong></span> <span class='ocrx_word' id='word_1_175' title='bbox 1486 1818 1631 1881; x_wconf 79' lang='lat' dir='ltr'><strong>vitae</strong></span> <span class='ocrx_word' id='word_1_176' title='bbox 1673 1839 1685 1883; x_wconf 92' lang='lat'>:</span> <span class='ocrx_word' id='word_1_177' title='bbox 1731 1817 1795 1879; x_wconf 92' lang='lat' dir='ltr'><strong>in</strong></span> <span class='ocrx_word' id='word_1_178' title='bbox 1847 1837 1974 1900; x_wconf 95' lang='lat' dir='ltr'><strong>quo</strong></span> <span class='ocrx_word' id='word_1_179' title='bbox 2015 1819 2375 1881; x_wconf 85' lang='lat' dir='ltr'><strong>Avieebron</strong></span> <span class='ocrx_word' id='word_1_180' title='bbox 2413 1821 2459 1883; x_wconf 93' lang='lat' dir='ltr'>B</span> <span class='ocrx_word' id='word_1_181' title='bbox 2491 1840 2652 1883; x_wconf 90' lang='lat' dir='ltr'><strong>rum.</strong></span> <span class='ocrx_word' id='word_1_182' title='bbox 2690 1822 2854 1884; x_wconf 90' lang='lat' dir='ltr'><strong>Deus</strong></span> <span class='ocrx_word' id='word_1_183' title='bbox 2897 1842 3150 1905; x_wconf 91' lang='lat' dir='ltr'><strong>quoque</strong></span> <span class='ocrx_word' id='word_1_184' title='bbox 3193 1825 3414 1885; x_wconf 89' lang='lat' dir='ltr'><strong>eodem</strong></span> <span class='ocrx_word' id='word_1_185' title='bbox 3463 1824 3648 1886; x_wconf 91' lang='lat' dir='ltr'><strong>modo</strong></span> <span class='ocrx_word' id='word_1_186' title='bbox 3687 1842 3755 1885; x_wconf 89' lang='lat' dir='ltr'><strong>se</strong></span> <span class='ocrx_word' id='word_1_187' title='bbox 3798 1823 3987 1885; x_wconf 88' lang='lat' dir='ltr'><strong>habet</strong></span> 
     </span>
    </p>
   </div>
   <div class='ocr_carea' id='block_1_11' title="bbox 874 1916 2378 2196">
    <p class='ocr_par' dir='ltr' id='par_1_11' title="bbox 874 1916 2378 2196">
     <span class='ocr_line' id='line_1_30' title="bbox 875 1916 2378 1999; baseline 0.001 -22"><span class='ocrx_word' id='word_1_188' title='bbox 875 1916 1083 1978; x_wconf 85' lang='lat' dir='ltr'><strong>fassus</strong></span> <span class='ocrx_word' id='word_1_189' title='bbox 1114 1923 1210 1979; x_wconf 87' lang='lat' dir='ltr'><strong>est</strong></span> <span class='ocrx_word' id='word_1_190' title='bbox 1237 1917 1435 1978; x_wconf 89' lang='lat' dir='ltr'><strong>Deum</strong></span> <span class='ocrx_word' id='word_1_191' title='bbox 1460 1916 1705 1979; x_wconf 87' lang='lat' dir='ltr'><strong>Patrem</strong></span> <span class='ocrx_word' id='word_1_192' title='bbox 1737 1917 1953 1979; x_wconf 87' lang='lat' dir='ltr'><strong>omnia</strong></span> <span class='ocrx_word' id='word_1_193' title='bbox 1980 1918 2230 1999; x_wconf 89' lang='lat' dir='ltr'><strong>operari</strong></span> <span class='ocrx_word' id='word_1_194' title='bbox 2263 1936 2378 1998; x_wconf 92' lang='lat' dir='ltr'><strong>per</strong></span> 
     </span>
     <span class='ocr_line' id='line_1_31' title="bbox 874 2014 2377 2098; baseline 0.001 -23"><span class='ocrx_word' id='word_1_195' title='bbox 874 2014 1155 2076; x_wconf 88' lang='lat' dir='ltr'><strong>Verbum</strong></span> <span class='ocrx_word' id='word_1_196' title='bbox 1200 2034 1387 2077; x_wconf 88' lang='lat' dir='ltr'><strong>suum</strong></span> <span class='ocrx_word' id='word_1_197' title='bbox 1432 2016 1507 2076; x_wconf 90' lang='lat' dir='ltr'><strong>ad</strong></span> <span class='ocrx_word' id='word_1_198' title='bbox 1556 2015 1718 2077; x_wconf 87' lang='lat' dir='ltr'><strong>intra</strong></span> <span class='ocrx_word' id='word_1_199' title='bbox 1762 2023 2164 2098; x_wconf 89' lang='lat' dir='ltr'><strong>conceptum,</strong></span> <span class='ocrx_word' id='word_1_200' title='bbox 2196 2016 2377 2096; x_wconf 86' lang='lat' dir='ltr'><strong>juxta</strong></span> 
     </span>
     <span class='ocr_line' id='line_1_32' title="bbox 878 2112 2372 2196; baseline 0.001 -23"><span class='ocrx_word' id='word_1_201' title='bbox 878 2112 1035 2174; x_wconf 94' lang='lat' dir='ltr'><strong>illud</strong></span> <span class='ocrx_word' id='word_1_202' title='bbox 1056 2114 1313 2176; x_wconf 83' lang='lat' dir='ltr'><strong>Joannis</strong></span> <span class='ocrx_word' id='word_1_203' title='bbox 1334 2112 1593 2175; x_wconf 90' lang='lat' dir='ltr'><strong>:Omnia</strong></span> <span class='ocrx_word' id='word_1_204' title='bbox 1622 2133 1736 2195; x_wconf 92' lang='lat' dir='ltr'><strong>per</strong></span> <span class='ocrx_word' id='word_1_205' title='bbox 1766 2114 1977 2196; x_wconf 91' lang='lat' dir='ltr'><strong>ipsum</strong></span> <span class='ocrx_word' id='word_1_206' title='bbox 2010 2113 2176 2175; x_wconf 86' lang='lat' dir='ltr'><strong>faeta</strong></span> <span class='ocrx_word' id='word_1_207' title='bbox 2205 2120 2372 2175; x_wconf 90' lang='lat' dir='ltr'><strong>sunt.</strong></span> 
     </span>
    </p>
   </div>
   <div class='ocr_carea' id='block_1_12' title="bbox 953 2309 2376 2393">
    <p class='ocr_par' dir='ltr' id='par_1_12' title="bbox 953 2309 2376 2393">
     <span class='ocr_line' id='line_1_33' title="bbox 953 2309 2376 2393; baseline -0.001 -20"><span class='ocrx_word' id='word_1_208' title='bbox 953 2309 1135 2373; x_wconf 90' lang='lat' dir='ltr'><strong>Nunc</strong></span> <span class='ocrx_word' id='word_1_209' title='bbox 1180 2309 1431 2391; x_wconf 86' lang='lat' dir='ltr'><strong>objecta</strong></span> <span class='ocrx_word' id='word_1_210' title='bbox 1473 2309 1776 2373; x_wconf 88' lang='lat' dir='ltr'><strong>solvenda</strong></span> <span class='ocrx_word' id='word_1_211' title='bbox 1818 2319 1988 2384; x_wconf 90' lang='lat' dir='ltr'><strong>sunt,</strong></span> <span class='ocrx_word' id='word_1_212' title='bbox 2022 2318 2085 2373; x_wconf 90' lang='lat' dir='ltr'><strong>et</strong></span> <span class='ocrx_word' id='word_1_213' title='bbox 2128 2312 2206 2373; x_wconf 92' lang='lat' dir='ltr'><strong>ad</strong></span> <span class='ocrx_word' id='word_1_214' title='bbox 2251 2312 2376 2393; x_wconf 89' lang='lat' dir='ltr'><strong>pri-</strong></span> 
     </span>
    </p>
   </div>
   <div class='ocr_carea' id='block_1_13' title="bbox 834 2409 2378 2491">
    <p class='ocr_par' dir='ltr' id='par_1_13' title="bbox 834 2409 2378 2491">
     <span class='ocr_line' id='line_1_34' title="bbox 834 2409 2378 2491; baseline 0.003 -24"><span class='ocrx_word' id='word_1_215' title='bbox 834 2428 1054 2471; x_wconf 91' lang='lat' dir='ltr'><strong>.mum</strong></span> <span class='ocrx_word' id='word_1_216' title='bbox 1114 2410 1453 2491; x_wconf 88' lang='lat' dir='ltr'><strong>respondet</strong></span> <span class='ocrx_word' id='word_1_217' title='bbox 1502 2409 1820 2482; x_wconf 81' lang='lat' dir='ltr'><strong>AlbertuS‚</strong></span> <span class='ocrx_word' id='word_1_218' title='bbox 1878 2410 2045 2490; x_wconf 89' lang='lat' dir='ltr'><strong>quod</strong></span> <span class='ocrx_word' id='word_1_219' title='bbox 2107 2410 2378 2472; x_wconf 88' lang='lat' dir='ltr'><strong>verbum</strong></span> 
     </span>
    </p>
   </div>
   <div class='ocr_carea' id='block_1_14' title="bbox 876 2507 2380 2982">
    <p class='ocr_par' dir='ltr' id='par_1_14' title="bbox 876 2507 2380 2982">
     <span class='ocr_line' id='line_1_35' title="bbox 879 2507 2375 2582; baseline -0.001 -12"><span class='ocrx_word' id='word_1_220' title='bbox 879 2508 1059 2580; x_wconf 92' lang='lat' dir='ltr'><strong>illud,</strong></span> <span class='ocrx_word' id='word_1_221' title='bbox 1112 2508 1207 2569; x_wconf 85' lang='lat' dir='ltr'><strong>Ab</strong></span> <span class='ocrx_word' id='word_1_222' title='bbox 1266 2526 1395 2569; x_wconf 93' lang='lat' dir='ltr'><strong>uno</strong></span> <span class='ocrx_word' id='word_1_223' title='bbox 1454 2526 1581 2569; x_wconf 91' lang='lat' dir='ltr'><strong>non</strong></span> <span class='ocrx_word' id='word_1_224' title='bbox 1638 2515 1735 2569; x_wconf 91' lang='lat' dir='ltr'><strong>est</strong></span> <span class='ocrx_word' id='word_1_225' title='bbox 1784 2507 1908 2569; x_wconf 91' lang='lat' dir='ltr'><strong>nisi</strong></span> <span class='ocrx_word' id='word_1_226' title='bbox 1962 2527 2186 2582; x_wconf 92' lang='lat' dir='ltr'><strong>unum,</strong></span> <span class='ocrx_word' id='word_1_227' title='bbox 2240 2526 2375 2580; x_wconf 89' lang='lat' dir='ltr'><strong>seu,</strong></span> 
     </span>
     <span class='ocr_line' id='line_1_36' title="bbox 877 2605 2377 2686; baseline 0 -18"><span class='ocrx_word' id='word_1_228' title='bbox 877 2607 1049 2668; x_wconf 90' lang='lat' dir='ltr'><strong>Idem</strong></span> <span class='ocrx_word' id='word_1_229' title='bbox 1115 2605 1267 2667; x_wconf 86' lang='lat' dir='ltr'><strong>facit</strong></span> <span class='ocrx_word' id='word_1_230' title='bbox 1332 2606 1524 2679; x_wconf 91' lang='lat' dir='ltr'><strong>idem,</strong></span> <span class='ocrx_word' id='word_1_231' title='bbox 1587 2605 2073 2686; x_wconf 88' lang='lat' dir='ltr'><strong>intelligendum</strong></span> <span class='ocrx_word' id='word_1_232' title='bbox 2140 2613 2237 2668; x_wconf 88' lang='lat' dir='ltr'><strong>est</strong></span> <span class='ocrx_word' id='word_1_233' title='bbox 2299 2606 2377 2668; x_wconf 90' lang='lat' dir='ltr'><strong>de</strong></span> 
     </span>
     <span class='ocr_line' id='line_1_37' title="bbox 876 2704 2376 2785; baseline 0 -20"><span class='ocrx_word' id='word_1_234' title='bbox 876 2711 1101 2785; x_wconf 79' lang='lat' dir='ltr'><strong>agente</strong></span> <span class='ocrx_word' id='word_1_235' title='bbox 1161 2722 1275 2785; x_wconf 88' lang='lat' dir='ltr'><strong>per</strong></span> <span class='ocrx_word' id='word_1_236' title='bbox 1331 2704 1774 2765; x_wconf 87' lang='lat' dir='ltr'><strong>necessitatem</strong></span> <span class='ocrx_word' id='word_1_237' title='bbox 1833 2712 2093 2776; x_wconf 82' lang='lat' dir='ltr'><strong>naturae,</strong></span> <span class='ocrx_word' id='word_1_238' title='bbox 2155 2722 2376 2785; x_wconf 89' lang='lat' dir='ltr'><strong>quem-</strong></span> 
     </span>
     <span class='ocr_line' id='line_1_38' title="bbox 878 2801 2380 2880; baseline 0 -16"><span class='ocrx_word' id='word_1_239' title='bbox 878 2802 1222 2865; x_wconf 91' lang='lat' dir='ltr'><strong>admodum</strong></span> <span class='ocrx_word' id='word_1_240' title='bbox 1275 2802 1551 2863; x_wconf 90' lang='lat' dir='ltr'><strong>calidum</strong></span> <span class='ocrx_word' id='word_1_241' title='bbox 1601 2801 1926 2880; x_wconf 83' lang='lat' dir='ltr'><strong>calefacit3</strong></span> <span class='ocrx_word' id='word_1_242' title='bbox 1980 2820 2104 2864; x_wconf 90' lang='lat' dir='ltr'><strong>non</strong></span> <span class='ocrx_word' id='word_1_243' title='bbox 2164 2809 2380 2864; x_wconf 90' lang='lat' dir='ltr'><strong>autem</strong></span> 
     </span>
     <span class='ocr_line' id='line_1_39' title="bbox 876 2899 2378 2982; baseline -0.001 -19"><span class='ocrx_word' id='word_1_244' title='bbox 876 2901 955 2963; x_wconf 93' lang='lat' dir='ltr'><strong>de</strong></span> <span class='ocrx_word' id='word_1_245' title='bbox 994 2899 1406 2982; x_wconf 84' lang='lat' dir='ltr'><strong>operantibus</strong></span> <span class='ocrx_word' id='word_1_246' title='bbox 1452 2919 1566 2981; x_wconf 87' lang='lat' dir='ltr'><strong>per</strong></span> <span class='ocrx_word' id='word_1_247' title='bbox 1610 2900 2005 2962; x_wconf 88' lang='lat' dir='ltr'><strong>intellectum</strong></span> <span class='ocrx_word' id='word_1_248' title='bbox 2050 2909 2113 2962; x_wconf 91' lang='lat' dir='ltr'><strong>et</strong></span> <span class='ocrx_word' id='word_1_249' title='bbox 2157 2900 2378 2963; x_wconf 90' lang='lat' dir='ltr'><strong>volun-</strong></span> 
     </span>
    </p>
   </div>
   <div class='ocr_carea' id='block_1_15' title="bbox 2487 1920 3992 2574">
    <p class='ocr_par' dir='ltr' id='par_1_15' title="bbox 2487 1920 3992 2574">
     <span class='ocr_line' id='line_1_40' title="bbox 2487 1920 3986 2003; baseline 0 -22"><span class='ocrx_word' id='word_1_250' title='bbox 2487 1920 2566 1981; x_wconf 88' lang='lat' dir='ltr'><strong>ad</strong></span> <span class='ocrx_word' id='word_1_251' title='bbox 2611 1921 2847 1994; x_wconf 89' lang='lat' dir='ltr'><strong>omnia,</strong></span> <span class='ocrx_word' id='word_1_252' title='bbox 2893 1920 2977 1982; x_wconf 91' lang='lat' dir='ltr'><strong>ita</strong></span> <span class='ocrx_word' id='word_1_253' title='bbox 3020 1922 3189 2003; x_wconf 92' lang='lat' dir='ltr'><strong>quod</strong></span> <span class='ocrx_word' id='word_1_254' title='bbox 3235 1922 3299 1983; x_wconf 91' lang='lat' dir='ltr'><strong>in</strong></span> <span class='ocrx_word' id='word_1_255' title='bbox 3344 1922 3484 2003; x_wconf 92' lang='lat' dir='ltr'><strong>ipso</strong></span> <span class='ocrx_word' id='word_1_256' title='bbox 3527 1939 3653 1984; x_wconf 88' lang='lat' dir='ltr'><strong>non</strong></span> <span class='ocrx_word' id='word_1_257' title='bbox 3696 1920 3986 1983; x_wconf 86' lang='lat' dir='ltr'><strong>consistit</strong></span> 
     </span>
     <span class='ocr_line' id='line_1_41' title="bbox 2487 2018 3988 2102; baseline 0.003 -24"><span class='ocrx_word' id='word_1_258' title='bbox 2487 2018 2844 2093; x_wconf 80' lang='lat' dir='ltr'><strong>diversitaS,</strong></span> <span class='ocrx_word' id='word_1_259' title='bbox 2864 2021 3156 2101; x_wconf 89' lang='lat' dir='ltr'><strong>quamvis</strong></span> <span class='ocrx_word' id='word_1_260' title='bbox 3187 2039 3264 2082; x_wconf 91' lang='lat' dir='ltr'><strong>ex</strong></span> <span class='ocrx_word' id='word_1_261' title='bbox 3297 2020 3470 2083; x_wconf 88' lang='lat' dir='ltr'><strong>fonte</strong></span> <span class='ocrx_word' id='word_1_262' title='bbox 3499 2020 3826 2102; x_wconf 65' lang='lat' dir='ltr'><strong>sapientias</strong></span> <span class='ocrx_word' id='word_1_263' title='bbox 3857 2038 3988 2082; x_wconf 81' lang='lat' dir='ltr'><strong>suae</strong></span> 
     </span>
     <span class='ocr_line' id='line_1_42' title="bbox 2489 2117 3990 2199; baseline 0 -20"><span class='ocrx_word' id='word_1_264' title='bbox 2489 2117 2642 2179; x_wconf 88' lang='lat' dir='ltr'><strong>ordo</strong></span> <span class='ocrx_word' id='word_1_265' title='bbox 2689 2125 2880 2199; x_wconf 92' lang='lat' dir='ltr'><strong>atque</strong></span> <span class='ocrx_word' id='word_1_266' title='bbox 2938 2118 3266 2181; x_wconf 88' lang='lat' dir='ltr'><strong>distinctio</strong></span> <span class='ocrx_word' id='word_1_267' title='bbox 3325 2137 3538 2180; x_wconf 92' lang='lat' dir='ltr'><strong>rerum</strong></span> <span class='ocrx_word' id='word_1_268' title='bbox 3595 2118 3990 2199; x_wconf 78' lang='lat' dir='ltr'><strong>originaliter</strong></span> 
     </span>
     <span class='ocr_line' id='line_1_43' title="bbox 2490 2215 3992 2298; baseline 0.002 -23"><span class='ocrx_word' id='word_1_269' title='bbox 2490 2215 2788 2277; x_wconf 90' lang='lat' dir='ltr'><strong>duxerint</strong></span> <span class='ocrx_word' id='word_1_270' title='bbox 2816 2223 3048 2278; x_wconf 91' lang='lat' dir='ltr'><strong>ortum.</strong></span> <span class='ocrx_word' id='word_1_271' title='bbox 3075 2253 3154 2262; x_wconf 91' lang='lat'>—</span> <span class='ocrx_word' id='word_1_272' title='bbox 3173 2216 3265 2279; x_wconf 88' lang='lat' dir='ltr'><strong>Ad</strong></span> <span class='ocrx_word' id='word_1_273' title='bbox 3297 2216 3615 2290; x_wconf 89' lang='lat' dir='ltr'><strong>ultimum,</strong></span> <span class='ocrx_word' id='word_1_274' title='bbox 3649 2217 3816 2298; x_wconf 92' lang='lat' dir='ltr'><strong>quod</strong></span> <span class='ocrx_word' id='word_1_275' title='bbox 3845 2217 3992 2279; x_wconf 84' lang='lat' dir='ltr'><strong>Avi-</strong></span> 
     </span>
     <span class='ocr_line' id='line_1_44' title="bbox 2490 2314 3990 2398; baseline 0.002 -24"><span class='ocrx_word' id='word_1_276' title='bbox 2490 2332 2692 2376; x_wconf 85' lang='lat' dir='ltr'><strong>cenna</strong></span> <span class='ocrx_word' id='word_1_277' title='bbox 2735 2333 2808 2375; x_wconf 89' lang='lat' dir='ltr'><strong>ae</strong></span> <span class='ocrx_word' id='word_1_278' title='bbox 2848 2314 2946 2377; x_wconf 91' lang='lat' dir='ltr'><strong>sui</strong></span> <span class='ocrx_word' id='word_1_279' title='bbox 2996 2315 3059 2377; x_wconf 92' lang='lat' dir='ltr'><strong>in</strong></span> <span class='ocrx_word' id='word_1_280' title='bbox 3109 2316 3226 2377; x_wconf 90' lang='lat' dir='ltr'><strong>hac</strong></span> <span class='ocrx_word' id='word_1_281' title='bbox 3272 2322 3447 2398; x_wconf 90' lang='lat' dir='ltr'><strong>parte</strong></span> <span class='ocrx_word' id='word_1_282' title='bbox 3493 2334 3620 2378; x_wconf 91' lang='lat' dir='ltr'><strong>non</strong></span> <span class='ocrx_word' id='word_1_283' title='bbox 3671 2315 3990 2398; x_wconf 85' lang='lat' dir='ltr'><strong>recipiun-</strong></span> 
     </span>
     <span class='ocr_line' id='line_1_45' title="bbox 2490 2414 3988 2495; baseline 0.001 -22"><span class='ocrx_word' id='word_1_284' title='bbox 2490 2420 2614 2486; x_wconf 89' lang='lat' dir='ltr'><strong>tur,</strong></span> <span class='ocrx_word' id='word_1_285' title='bbox 2677 2414 2828 2495; x_wconf 88' lang='lat' dir='ltr'><strong>quia</strong></span> <span class='ocrx_word' id='word_1_286' title='bbox 2887 2414 3229 2495; x_wconf 79' lang='lat' dir='ltr'><strong>Scripturae</strong></span> <span class='ocrx_word' id='word_1_287' title='bbox 3288 2422 3350 2477; x_wconf 91' lang='lat' dir='ltr'><strong>et</strong></span> <span class='ocrx_word' id='word_1_288' title='bbox 3409 2415 3638 2478; x_wconf 89' lang='lat' dir='ltr'><strong>rationi</strong></span> <span class='ocrx_word' id='word_1_289' title='bbox 3702 2434 3774 2477; x_wconf 89' lang='lat' dir='ltr'><strong>ac</strong></span> <span class='ocrx_word' id='word_1_290' title='bbox 3833 2414 3988 2476; x_wconf 91' lang='lat' dir='ltr'><strong>fidei</strong></span> 
     </span>
     <span class='ocr_line' id='line_1_46' title="bbox 2491 2512 2955 2574; baseline 0.002 -2"><span class='ocrx_word' id='word_1_291' title='bbox 2491 2512 2955 2574; x_wconf 87' lang='lat' dir='ltr'><strong>contradicunt.</strong></span> 
     </span>
    </p>
   </div>
   <div class='ocr_carea' id='block_1_16' title="bbox 2497 2743 3992 2936">
    <p class='ocr_par' dir='ltr' id='par_1_16' title="bbox 2497 2743 3992 2936">
     <span class='ocr_line' id='line_1_47' title="bbox 2497 2743 3992 2819; baseline -0.001 -11"><span class='ocrx_word' id='word_1_292' title='bbox 2497 2745 2832 2808; x_wconf 78' lang='lat' dir='ltr'><strong>Qualiter</strong></span> <span class='ocrx_word' id='word_1_293' title='bbox 2865 2749 3181 2807; x_wconf 79' lang='lat' dir='ltr'><strong>mundus</strong></span> <span class='ocrx_word' id='word_1_294' title='bbox 3218 2759 3265 2806; x_wconf 86' lang='lat' dir='ltr'><strong>a</strong></span> <span class='ocrx_word' id='word_1_295' title='bbox 3311 2746 3665 2808; x_wconf 81' lang='lat' dir='ltr'><strong>Creatore</strong></span> <span class='ocrx_word' id='word_1_296' title='bbox 3701 2743 3992 2819; x_wconf 65' lang='lat' dir='ltr'><strong>effluere-</strong></span> 
     </span>
     <span class='ocr_line' id='line_1_48' title="bbox 2576 2860 3990 2936; baseline 0.001 -16"><span class='ocrx_word' id='word_1_297' title='bbox 2576 2862 2686 2921; x_wconf 77' lang='lat' dir='ltr'><strong>rit</strong></span> <span class='ocrx_word' id='word_1_298' title='bbox 2722 2862 2793 2921; x_wconf 82' lang='lat' dir='ltr'><strong>et</strong></span> <span class='ocrx_word' id='word_1_299' title='bbox 2826 2860 3069 2933; x_wconf 80' lang='lat' dir='ltr'><strong>sactus</strong></span> <span class='ocrx_word' id='word_1_300' title='bbox 3105 2862 3228 2935; x_wconf 74' lang='lat' dir='ltr'><strong>sit,</strong></span> <span class='ocrx_word' id='word_1_301' title='bbox 3261 2863 3333 2923; x_wconf 84' lang='lat' dir='ltr'><strong>et</strong></span> <span class='ocrx_word' id='word_1_302' title='bbox 3369 2862 3695 2936; x_wconf 79' lang='lat' dir='ltr'><strong>qualiter</strong></span> <span class='ocrx_word' id='word_1_303' title='bbox 3732 2865 3818 2923; x_wconf 84' lang='lat' dir='ltr'><strong>de</strong></span> <span class='ocrx_word' id='word_1_304' title='bbox 3855 2864 3990 2922; x_wconf 81' lang='lat' dir='ltr'><strong>hoc</strong></span> 
     </span>
    </p>
   </div>
   <div class='ocr_carea' id='block_1_17' title="bbox 876 2979 3856 3081">
    <p class='ocr_par' dir='ltr' id='par_1_17' title="bbox 876 2979 3856 3081">
     <span class='ocr_line' id='line_1_49' title="bbox 876 2979 3856 3081; baseline -0.005 -28"><span class='ocrx_word' id='word_1_305' title='bbox 876 3008 1095 3073; x_wconf 74' lang='lat' dir='ltr'><strong>tatem,</strong></span> <span class='ocrx_word' id='word_1_306' title='bbox 1157 3019 1298 3081; x_wconf 71' lang='lat' dir='ltr'><strong>quae</strong></span> <span class='ocrx_word' id='word_1_307' title='bbox 1360 3006 1554 3079; x_wconf 86' lang='lat' dir='ltr'><strong>agunt</strong></span> <span class='ocrx_word' id='word_1_308' title='bbox 1617 3018 1731 3081; x_wconf 65' lang='lat' dir='ltr'><strong>per</strong></span> <span class='ocrx_word' id='word_1_309' title='bbox 1792 2999 2102 3061; x_wconf 84' lang='lat' dir='ltr'><strong>rationem</strong></span> <span class='ocrx_word' id='word_1_310' title='bbox 2162 3007 2226 3060; x_wconf 64' lang='lat' dir='ltr'><strong>et</strong></span> <span class='ocrx_word' id='word_1_311' title='bbox 2291 2999 2378 3061; x_wconf 70' lang='lat' dir='ltr'><strong>si,</strong></span> <span class='ocrx_word' id='word_1_312' title='bbox 2418 3000 2461 3063; x_wconf 77' lang='lat' dir='ltr'>C</span> <span class='ocrx_word' id='word_1_313' title='bbox 2580 2980 2856 3040; x_wconf 75' lang='lat' dir='ltr'><strong>diversi</strong></span> <span class='ocrx_word' id='word_1_314' title='bbox 2892 2980 3384 3041; x_wconf 73' lang='lat' dir='ltr'><strong>diversimode</strong></span> <span class='ocrx_word' id='word_1_315' title='bbox 3420 2979 3572 3041; x_wconf 74' lang='lat' dir='ltr'><strong>sint</strong></span> <span class='ocrx_word' id='word_1_316' title='bbox 3611 2979 3856 3042; x_wconf 79' lang='lat' dir='ltr'><strong>locuti.</strong></span> 
     </span>
    </p>
   </div>
   <div class='ocr_carea' id='block_1_18' title="bbox 879 3096 2384 4165">
    <p class='ocr_par' dir='ltr' id='par_1_18' title="bbox 879 3096 2384 4165">
     <span class='ocr_line' id='line_1_50' title="bbox 880 3096 2382 3177; baseline -0.001 -17"><span class='ocrx_word' id='word_1_317' title='bbox 880 3098 1313 3161; x_wconf 88' lang='lat' dir='ltr'><strong>militudinem</strong></span> <span class='ocrx_word' id='word_1_318' title='bbox 1362 3116 1623 3159; x_wconf 90' lang='lat' dir='ltr'><strong>suorum</strong></span> <span class='ocrx_word' id='word_1_319' title='bbox 1668 3096 2046 3172; x_wconf 80' lang='lat' dir='ltr'><strong>effectuum,</strong></span> <span class='ocrx_word' id='word_1_320' title='bbox 2090 3106 2153 3159; x_wconf 90' lang='lat' dir='ltr'><strong>et</strong></span> <span class='ocrx_word' id='word_1_321' title='bbox 2198 3097 2382 3177; x_wconf 86' lang='lat' dir='ltr'><strong>juxta</strong></span> 
     </span>
     <span class='ocr_line' id='line_1_51' title="bbox 879 3196 2380 3277; baseline -0.001 -18"><span class='ocrx_word' id='word_1_322' title='bbox 879 3196 1263 3277; x_wconf 85' lang='lat' dir='ltr'><strong>exigentiam</strong></span> <span class='ocrx_word' id='word_1_323' title='bbox 1322 3196 1475 3258; x_wconf 91' lang='lat' dir='ltr'><strong>finis</strong></span> <span class='ocrx_word' id='word_1_324' title='bbox 1538 3196 1783 3259; x_wconf 90' lang='lat' dir='ltr'><strong>intenti.</strong></span> <span class='ocrx_word' id='word_1_325' title='bbox 1836 3197 2008 3258; x_wconf 88' lang='lat' dir='ltr'><strong>Idem</strong></span> <span class='ocrx_word' id='word_1_326' title='bbox 2067 3196 2222 3259; x_wconf 87' lang='lat' dir='ltr'><strong>dicit</strong></span> <span class='ocrx_word' id='word_1_327' title='bbox 2280 3197 2380 3259; x_wconf 82' lang='lat' dir='ltr'><strong>Ri—</strong></span> 
     </span>
     <span class='ocr_line' id='line_1_52' title="bbox 881 3295 2382 3377; baseline -0.001 -19"><span class='ocrx_word' id='word_1_328' title='bbox 881 3297 1175 3369; x_wconf 89' lang='lat' dir='ltr'><strong>chardus,</strong></span> <span class='ocrx_word' id='word_1_329' title='bbox 1209 3303 1271 3356; x_wconf 92' lang='lat' dir='ltr'><strong>et</strong></span> <span class='ocrx_word' id='word_1_330' title='bbox 1302 3296 1379 3356; x_wconf 91' lang='lat' dir='ltr'><strong>de</strong></span> <span class='ocrx_word' id='word_1_331' title='bbox 1414 3295 1535 3357; x_wconf 89' lang='lat' dir='ltr'><strong>hoc</strong></span> <span class='ocrx_word' id='word_1_332' title='bbox 1576 3295 1819 3357; x_wconf 89' lang='lat' dir='ltr'><strong>dictum</strong></span> <span class='ocrx_word' id='word_1_333' title='bbox 1859 3303 1955 3357; x_wconf 91' lang='lat' dir='ltr'><strong>est</strong></span> <span class='ocrx_word' id='word_1_334' title='bbox 1986 3295 2239 3377; x_wconf 91' lang='lat' dir='ltr'><strong>plenius</strong></span> <span class='ocrx_word' id='word_1_335' title='bbox 2282 3316 2382 3357; x_wconf 92' lang='lat' dir='ltr'><strong>su-</strong></span> 
     </span>
     <span class='ocr_line' id='line_1_53' title="bbox 882 3394 2378 3477; baseline -0.001 -20"><span class='ocrx_word' id='word_1_336' title='bbox 882 3414 998 3477; x_wconf 92' lang='lat' dir='ltr'><strong>per</strong></span> <span class='ocrx_word' id='word_1_337' title='bbox 1040 3394 1341 3475; x_wconf 90' lang='lat' dir='ltr'><strong>primum.</strong></span> <span class='ocrx_word' id='word_1_338' title='bbox 1374 3429 1454 3439; x_wconf 95' lang='lat'>—</span> <span class='ocrx_word' id='word_1_339' title='bbox 1485 3394 1597 3456; x_wconf 88' lang='lat' dir='ltr'><strong>Per</strong></span> <span class='ocrx_word' id='word_1_340' title='bbox 1640 3395 1807 3474; x_wconf 91' lang='lat' dir='ltr'><strong>quod</strong></span> <span class='ocrx_word' id='word_1_341' title='bbox 1850 3394 2041 3456; x_wconf 89' lang='lat' dir='ltr'><strong>etiam</strong></span> <span class='ocrx_word' id='word_1_342' title='bbox 2088 3402 2259 3475; x_wconf 91' lang='lat' dir='ltr'><strong>patet</strong></span> <span class='ocrx_word' id='word_1_343' title='bbox 2301 3394 2378 3456; x_wconf 89' lang='lat' dir='ltr'><strong>ad</strong></span> 
     </span>
     <span class='ocr_line' id='line_1_54' title="bbox 882 3490 2383 3573; baseline 0.001 -19"><span class='ocrx_word' id='word_1_344' title='bbox 882 3492 1232 3554; x_wconf 89' lang='lat' dir='ltr'><strong>secundum</strong></span> <span class='ocrx_word' id='word_1_345' title='bbox 1266 3490 1743 3554; x_wconf 91' lang='lat' dir='ltr'><strong>soluti0.Nihilo</strong></span> <span class='ocrx_word' id='word_1_346' title='bbox 1777 3492 2011 3565; x_wconf 80' lang='lat' dir='ltr'><strong>minuS,</strong></span> <span class='ocrx_word' id='word_1_347' title='bbox 2032 3492 2198 3554; x_wconf 89' lang='lat' dir='ltr'><strong>sicut</strong></span> <span class='ocrx_word' id='word_1_348' title='bbox 2229 3512 2383 3573; x_wconf 84' lang='lat' dir='ltr'><strong>prae-</strong></span> 
     </span>
     <span class='ocr_line' id='line_1_55' title="bbox 883 3589 2384 3664; baseline -0.001 -11"><span class='ocrx_word' id='word_1_349' title='bbox 883 3590 1172 3653; x_wconf 90' lang='lat' dir='ltr'><strong>habitum</strong></span> <span class='ocrx_word' id='word_1_350' title='bbox 1212 3596 1347 3664; x_wconf 77' lang='lat' dir='ltr'><strong>est,</strong></span> <span class='ocrx_word' id='word_1_351' title='bbox 1400 3589 1563 3651; x_wconf 90' lang='lat' dir='ltr'><strong>Deus</strong></span> <span class='ocrx_word' id='word_1_352' title='bbox 1623 3590 1689 3651; x_wconf 88' lang='lat' dir='ltr'><strong>in</strong></span> <span class='ocrx_word' id='word_1_353' title='bbox 1746 3609 1813 3651; x_wconf 91' lang='lat' dir='ltr'><strong>se</strong></span> <span class='ocrx_word' id='word_1_354' title='bbox 1868 3609 2118 3651; x_wconf 88' lang='lat' dir='ltr'><strong>summe</strong></span> <span class='ocrx_word' id='word_1_355' title='bbox 2178 3599 2241 3652; x_wconf 91' lang='lat' dir='ltr'><strong>et</strong></span> <span class='ocrx_word' id='word_1_356' title='bbox 2292 3590 2384 3652; x_wconf 89' lang='lat' dir='ltr'><strong>in-</strong></span> 
     </span>
     <span class='ocr_line' id='line_1_56' title="bbox 884 3677 2384 3769; baseline 0.001 -20"><span class='ocrx_word' id='word_1_357' title='bbox 884 3677 1400 3769; x_wconf 83' lang='lat' dir='ltr'><strong>comparabiliter</strong></span> <span class='ocrx_word' id='word_1_358' title='bbox 1446 3706 1611 3750; x_wconf 89' lang='lat' dir='ltr'><strong>unus</strong></span> <span class='ocrx_word' id='word_1_359' title='bbox 1658 3694 1721 3749; x_wconf 87' lang='lat' dir='ltr'><strong>et</strong></span> <span class='ocrx_word' id='word_1_360' title='bbox 1768 3688 2061 3769; x_wconf 87' lang='lat' dir='ltr'><strong>simplex,</strong></span> <span class='ocrx_word' id='word_1_361' title='bbox 2104 3688 2274 3750; x_wconf 89' lang='lat' dir='ltr'><strong>idem</strong></span> <span class='ocrx_word' id='word_1_362' title='bbox 2319 3696 2384 3750; x_wconf 89' lang='lat' dir='ltr'><strong>et</strong></span> 
     </span>
     <span class='ocr_line' id='line_1_57' title="bbox 884 3786 2381 3870; baseline 0 -21"><span class='ocrx_word' id='word_1_363' title='bbox 884 3786 1301 3860; x_wconf 81' lang='lat' dir='ltr'><strong>invariabiliS,</strong></span> <span class='ocrx_word' id='word_1_364' title='bbox 1352 3786 1602 3870; x_wconf 78' lang='lat' dir='ltr'><strong>diversa</strong></span> <span class='ocrx_word' id='word_1_365' title='bbox 1648 3786 1965 3848; x_wconf 88' lang='lat' dir='ltr'><strong>distinctis</strong></span> <span class='ocrx_word' id='word_1_366' title='bbox 2016 3788 2146 3868; x_wconf 89' lang='lat' dir='ltr'><strong>agit</strong></span> <span class='ocrx_word' id='word_1_367' title='bbox 2197 3788 2381 3849; x_wconf 91' lang='lat' dir='ltr'><strong>ratio-</strong></span> 
     </span>
     <span class='ocr_line' id='line_1_58' title="bbox 885 3885 2384 3967; baseline -0.001 -19"><span class='ocrx_word' id='word_1_368' title='bbox 885 3886 1075 3948; x_wconf 91' lang='lat' dir='ltr'><strong>nibus</strong></span> <span class='ocrx_word' id='word_1_369' title='bbox 1118 3904 1193 3946; x_wconf 89' lang='lat' dir='ltr'><strong>ae</strong></span> <span class='ocrx_word' id='word_1_370' title='bbox 1238 3885 1419 3957; x_wconf 79' lang='lat' dir='ltr'><strong>ideis,</strong></span> <span class='ocrx_word' id='word_1_371' title='bbox 1463 3892 1524 3945; x_wconf 90' lang='lat' dir='ltr'><strong>et</strong></span> <span class='ocrx_word' id='word_1_372' title='bbox 1568 3885 1655 3946; x_wconf 86' lang='lat' dir='ltr'><strong>ita</strong></span> <span class='ocrx_word' id='word_1_373' title='bbox 1698 3886 2165 3967; x_wconf 86' lang='lat' dir='ltr'><strong>quodammodo</strong></span> <span class='ocrx_word' id='word_1_374' title='bbox 2211 3886 2384 3947; x_wconf 88' lang='lat' dir='ltr'><strong>vario</strong></span> 
     </span>
     <span class='ocr_line' id='line_1_59' title="bbox 888 3982 2382 4065; baseline -0.001 -19"><span class='ocrx_word' id='word_1_375' title='bbox 888 3985 1074 4048; x_wconf 87' lang='lat' dir='ltr'><strong>modo</strong></span> <span class='ocrx_word' id='word_1_376' title='bbox 1115 4003 1181 4046; x_wconf 89' lang='lat' dir='ltr'><strong>se</strong></span> <span class='ocrx_word' id='word_1_377' title='bbox 1228 3982 1417 4045; x_wconf 84' lang='lat' dir='ltr'><strong>babet</strong></span> <span class='ocrx_word' id='word_1_378' title='bbox 1458 3983 1537 4045; x_wconf 87' lang='lat' dir='ltr'><strong>ad</strong></span> <span class='ocrx_word' id='word_1_379' title='bbox 1582 4002 1655 4045; x_wconf 91' lang='lat' dir='ltr'><strong>ea</strong></span> <span class='ocrx_word' id='word_1_380' title='bbox 1690 4000 1703 4043; x_wconf 90' lang='lat'><strong>:</strong></span> <span class='ocrx_word' id='word_1_381' title='bbox 1743 4002 1883 4065; x_wconf 81' lang='lat' dir='ltr'><strong>quae</strong></span> <span class='ocrx_word' id='word_1_382' title='bbox 1926 3984 2198 4045; x_wconf 88' lang='lat' dir='ltr'><strong>varietas</strong></span> <span class='ocrx_word' id='word_1_383' title='bbox 2243 3984 2382 4045; x_wconf 93' lang='lat' dir='ltr'><strong>nul-</strong></span> 
     </span>
     <span class='ocr_line' id='line_1_60' title="bbox 886 4081 2381 4165; baseline 0 -20"><span class='ocrx_word' id='word_1_384' title='bbox 886 4084 1009 4145; x_wconf 88' lang='lat' dir='ltr'><strong>lam</strong></span> <span class='ocrx_word' id='word_1_385' title='bbox 1048 4084 1225 4165; x_wconf 90' lang='lat' dir='ltr'><strong>ponit</strong></span> <span class='ocrx_word' id='word_1_386' title='bbox 1258 4081 1671 4144; x_wconf 87' lang='lat' dir='ltr'><strong>variationem</strong></span> <span class='ocrx_word' id='word_1_387' title='bbox 1704 4090 1813 4144; x_wconf 89' lang='lat' dir='ltr'><strong>aut</strong></span> <span class='ocrx_word' id='word_1_388' title='bbox 1843 4082 2276 4144; x_wconf 88' lang='lat' dir='ltr'><strong>diversitatem</strong></span> <span class='ocrx_word' id='word_1_389' title='bbox 2318 4083 2381 4145; x_wconf 89' lang='lat' dir='ltr'><strong>in</strong></span> 
     </span>
    </p>
   </div>
   <div class='ocr_carea' id='block_1_19' title="bbox 2492 3188 3993 4159">
    <p class='ocr_par' dir='ltr' id='par_1_19' title="bbox 2492 3188 3993 4159">
     <span class='ocr_line' id='line_1_61' title="bbox 2573 3188 3993 3277; baseline 0.001 -21"><span class='ocrx_word' id='word_1_390' title='bbox 2573 3194 2782 3257; x_wconf 89' lang='lat' dir='ltr'><strong>Primo</strong></span> <span class='ocrx_word' id='word_1_391' title='bbox 2814 3194 2977 3257; x_wconf 88' lang='lat' dir='ltr'><strong>libro</strong></span> <span class='ocrx_word' id='word_1_392' title='bbox 3006 3196 3084 3257; x_wconf 89' lang='lat' dir='ltr'><strong>de</strong></span> <span class='ocrx_word' id='word_1_393' title='bbox 3116 3196 3442 3269; x_wconf 86' lang='lat' dir='ltr'><strong>Universo,</strong></span> <span class='ocrx_word' id='word_1_394' title='bbox 3467 3188 3993 3277; x_wconf 86' lang='lat' dir='ltr'><strong>septimodecimo</strong></span> 
     </span>
     <span class='ocr_line' id='line_1_62' title="bbox 2493 3292 3992 3374; baseline 0.001 -21"><span class='ocrx_word' id='word_1_395' title='bbox 2493 3293 2795 3374; x_wconf 84' lang='lat' dir='ltr'><strong>capitulo,</strong></span> <span class='ocrx_word' id='word_1_396' title='bbox 2842 3292 2931 3355; x_wconf 90' lang='lat' dir='ltr'><strong>ait</strong></span> <span class='ocrx_word' id='word_1_397' title='bbox 2980 3293 3359 3357; x_wconf 87' lang='lat' dir='ltr'><strong>Guillelmus</strong></span> <span class='ocrx_word' id='word_1_398' title='bbox 3408 3294 3776 3356; x_wconf 87' lang='lat' dir='ltr'><strong>Parisiensis</strong></span> <span class='ocrx_word' id='word_1_399' title='bbox 3819 3312 3834 3355; x_wconf 89' lang='lat'>:</span> <span class='ocrx_word' id='word_1_400' title='bbox 3879 3295 3992 3356; x_wconf 89' lang='lat' dir='ltr'><strong>De-</strong></span> 
     </span>
     <span class='ocr_line' id='line_1_63' title="bbox 2493 3390 3988 3473; baseline 0.001 -21"><span class='ocrx_word' id='word_1_401' title='bbox 2493 3390 2745 3453; x_wconf 89' lang='lat' dir='ltr'><strong>clarabo</strong></span> <span class='ocrx_word' id='word_1_402' title='bbox 2789 3391 3064 3473; x_wconf 85' lang='lat' dir='ltr'><strong>qualiter</strong></span> <span class='ocrx_word' id='word_1_403' title='bbox 3108 3391 3479 3454; x_wconf 91' lang='lat' dir='ltr'><strong>universum</strong></span> <span class='ocrx_word' id='word_1_404' title='bbox 3529 3392 3728 3454; x_wconf 85' lang='lat' dir='ltr'><strong>exivit</strong></span> <span class='ocrx_word' id='word_1_405' title='bbox 3764 3411 3802 3453; x_wconf 89' lang='lat' dir='ltr'><strong>a</strong></span> <span class='ocrx_word' id='word_1_406' title='bbox 3839 3392 3988 3465; x_wconf 83' lang='lat' dir='ltr'><strong>Dee,</strong></span> 
     </span>
     <span class='ocr_line' id='line_1_64' title="bbox 2492 3488 3993 3572; baseline 0.002 -22"><span class='ocrx_word' id='word_1_407' title='bbox 2492 3498 2552 3550; x_wconf 91' lang='lat' dir='ltr'><strong>et</strong></span> <span class='ocrx_word' id='word_1_408' title='bbox 2585 3488 2859 3571; x_wconf 88' lang='lat' dir='ltr'><strong>qualiter</strong></span> <span class='ocrx_word' id='word_1_409' title='bbox 2887 3498 3114 3552; x_wconf 89' lang='lat' dir='ltr'><strong>exeant</strong></span> <span class='ocrx_word' id='word_1_410' title='bbox 3143 3490 3225 3551; x_wconf 91' lang='lat' dir='ltr'><strong>ab</strong></span> <span class='ocrx_word' id='word_1_411' title='bbox 3263 3490 3486 3554; x_wconf 85' lang='lat' dir='ltr'><strong>eodem</strong></span> <span class='ocrx_word' id='word_1_412' title='bbox 3525 3490 3812 3571; x_wconf 89' lang='lat' dir='ltr'><strong>quotidie</strong></span> <span class='ocrx_word' id='word_1_413' title='bbox 3850 3509 3993 3572; x_wconf 78' lang='lat' dir='ltr'><strong>quae</strong></span> 
     </span>
     <span class='ocr_line' id='line_1_65' title="bbox 2493 3588 3992 3668; baseline 0.001 -20"><span class='ocrx_word' id='word_1_414' title='bbox 2493 3594 2788 3649; x_wconf 86' lang='lat' dir='ltr'><strong>creantur</strong></span> <span class='ocrx_word' id='word_1_415' title='bbox 2825 3606 2896 3649; x_wconf 90' lang='lat' dir='ltr'><strong>ac</strong></span> <span class='ocrx_word' id='word_1_416' title='bbox 2935 3596 3320 3668; x_wconf 84' lang='lat' dir='ltr'><strong>generantur</strong></span> <span class='ocrx_word' id='word_1_417' title='bbox 3359 3608 3472 3651; x_wconf 91' lang='lat' dir='ltr'><strong>seu</strong></span> <span class='ocrx_word' id='word_1_418' title='bbox 3514 3588 3644 3651; x_wconf 90' lang='lat' dir='ltr'><strong>alio</strong></span> <span class='ocrx_word' id='word_1_419' title='bbox 3685 3588 3874 3650; x_wconf 91' lang='lat' dir='ltr'><strong>modo</strong></span> <span class='ocrx_word' id='word_1_420' title='bbox 3911 3588 3992 3650; x_wconf 94' lang='lat' dir='ltr'><strong>ab</strong></span> 
     </span>
     <span class='ocr_line' id='line_1_66' title="bbox 2496 3684 3993 3769; baseline 0 -22"><span class='ocrx_word' id='word_1_421' title='bbox 2496 3686 2633 3767; x_wconf 89' lang='lat' dir='ltr'><strong>ipso</strong></span> <span class='ocrx_word' id='word_1_422' title='bbox 2681 3684 3074 3747; x_wconf 81' lang='lat' dir='ltr'><strong>efficiuntur.</strong></span> <span class='ocrx_word' id='word_1_423' title='bbox 3120 3688 3338 3768; x_wconf 91' lang='lat' dir='ltr'><strong>Itaque</strong></span> <span class='ocrx_word' id='word_1_424' title='bbox 3386 3687 3643 3769; x_wconf 88' lang='lat' dir='ltr'><strong>quidam</strong></span> <span class='ocrx_word' id='word_1_425' title='bbox 3692 3686 3993 3749; x_wconf 90' lang='lat' dir='ltr'><strong>dixerunt</strong></span> 
     </span>
     <span class='ocr_line' id='line_1_67' title="bbox 2495 3784 3993 3866; baseline 0.001 -21"><span class='ocrx_word' id='word_1_426' title='bbox 2495 3789 2702 3845; x_wconf 80' lang='lat' dir='ltr'><strong>ereata</strong></span> <span class='ocrx_word' id='word_1_427' title='bbox 2740 3784 2913 3845; x_wconf 89' lang='lat' dir='ltr'><strong>exire</strong></span> <span class='ocrx_word' id='word_1_428' title='bbox 2953 3803 2989 3845; x_wconf 91' lang='lat' dir='ltr'><strong>a</strong></span> <span class='ocrx_word' id='word_1_429' title='bbox 3029 3784 3320 3847; x_wconf 88' lang='lat' dir='ltr'><strong>Creatore</strong></span> <span class='ocrx_word' id='word_1_430' title='bbox 3361 3804 3475 3866; x_wconf 91' lang='lat' dir='ltr'><strong>per</strong></span> <span class='ocrx_word' id='word_1_431' title='bbox 3519 3786 3782 3847; x_wconf 90' lang='lat' dir='ltr'><strong>modum</strong></span> <span class='ocrx_word' id='word_1_432' title='bbox 3821 3803 3993 3847; x_wconf 90' lang='lat' dir='ltr'><strong>ema·</strong></span> 
     </span>
     <span class='ocr_line' id='line_1_68' title="bbox 2494 3880 3992 3964; baseline 0 -21"><span class='ocrx_word' id='word_1_433' title='bbox 2494 3881 2768 3944; x_wconf 91' lang='lat' dir='ltr'><strong>nationis</strong></span> <span class='ocrx_word' id='word_1_434' title='bbox 2809 3880 3092 3944; x_wconf 90' lang='lat' dir='ltr'><strong>rivorum</strong></span> <span class='ocrx_word' id='word_1_435' title='bbox 3123 3902 3199 3944; x_wconf 91' lang='lat' dir='ltr'><strong>ex</strong></span> <span class='ocrx_word' id='word_1_436' title='bbox 3240 3881 3436 3955; x_wconf 90' lang='lat' dir='ltr'><strong>fonte,</strong></span> <span class='ocrx_word' id='word_1_437' title='bbox 3472 3890 3779 3964; x_wconf 92' lang='lat' dir='ltr'><strong>ponentes</strong></span> <span class='ocrx_word' id='word_1_438' title='bbox 3811 3881 3992 3944; x_wconf 82' lang='lat' dir='ltr'><strong>Crea-</strong></span> 
     </span>
     <span class='ocr_line' id='line_1_69' title="bbox 2496 3979 3993 4061; baseline 0.002 -21"><span class='ocrx_word' id='word_1_439' title='bbox 2496 3987 2694 4042; x_wconf 87' lang='lat' dir='ltr'><strong>torem</strong></span> <span class='ocrx_word' id='word_1_440' title='bbox 2748 3986 2816 4041; x_wconf 87' lang='lat' dir='ltr'><strong>ut</strong></span> <span class='ocrx_word' id='word_1_441' title='bbox 2864 3979 3128 4055; x_wconf 91' lang='lat' dir='ltr'><strong>fontem,</strong></span> <span class='ocrx_word' id='word_1_442' title='bbox 3182 3988 3391 4043; x_wconf 88' lang='lat' dir='ltr'><strong>creata</strong></span> <span class='ocrx_word' id='word_1_443' title='bbox 3438 3998 3588 4043; x_wconf 85' lang='lat' dir='ltr'><strong>vero</strong></span> <span class='ocrx_word' id='word_1_444' title='bbox 3631 3980 3814 4061; x_wconf 84' lang='lat' dir='ltr'><strong>juxta</strong></span> <span class='ocrx_word' id='word_1_445' title='bbox 3861 4000 3993 4043; x_wconf 91' lang='lat' dir='ltr'><strong>ma-</strong></span> 
     </span>
     <span class='ocr_line' id='line_1_70' title="bbox 2492 4078 3992 4159; baseline 0.002 -21"><span class='ocrx_word' id='word_1_446' title='bbox 2492 4078 2894 4158; x_wconf 87' lang='lat' dir='ltr'><strong>gnitudinem</strong></span> <span class='ocrx_word' id='word_1_447' title='bbox 2928 4078 3383 4159; x_wconf 85' lang='lat' dir='ltr'><strong>parvitatemve</strong></span> <span class='ocrx_word' id='word_1_448' title='bbox 3416 4098 3617 4153; x_wconf 87' lang='lat' dir='ltr'><strong>suam,</strong></span> <span class='ocrx_word' id='word_1_449' title='bbox 3650 4098 3790 4141; x_wconf 93' lang='lat' dir='ltr'><strong>esse</strong></span> <span class='ocrx_word' id='word_1_450' title='bbox 3821 4080 3992 4142; x_wconf 90' lang='lat' dir='ltr'><strong>rivos</strong></span> 
     </span>
    </p>
   </div>
   <div class='ocr_carea' id='block_1_20' title="bbox 887 4175 3995 4263">
    <p class='ocr_par' dir='ltr' id='par_1_20' title="bbox 887 4175 3995 4263">
     <span class='ocr_line' id='line_1_71' title="bbox 887 4175 3995 4263; baseline -0.001 -21"><span class='ocrx_word' id='word_1_451' title='bbox 887 4182 1045 4263; x_wconf 89' lang='lat' dir='ltr'><strong>ipso,</strong></span> <span class='ocrx_word' id='word_1_452' title='bbox 1081 4181 1190 4242; x_wconf 90' lang='lat' dir='ltr'><strong>sed</strong></span> <span class='ocrx_word' id='word_1_453' title='bbox 1222 4180 1570 4241; x_wconf 88' lang='lat' dir='ltr'><strong>attenditur</strong></span> <span class='ocrx_word' id='word_1_454' title='bbox 1600 4198 1715 4261; x_wconf 90' lang='lat' dir='ltr'><strong>per</strong></span> <span class='ocrx_word' id='word_1_455' title='bbox 1746 4186 2107 4260; x_wconf 89' lang='lat' dir='ltr'><strong>respectum</strong></span> <span class='ocrx_word' id='word_1_456' title='bbox 2138 4180 2215 4241; x_wconf 87' lang='lat' dir='ltr'><strong>ad</strong></span> <span class='ocrx_word' id='word_1_457' title='bbox 2250 4200 2382 4243; x_wconf 83' lang='lat' dir='ltr'><strong>cre.-</strong></span> <span class='ocrx_word' id='word_1_458' title='bbox 2414 4180 2464 4243; x_wconf 91' lang='lat' dir='ltr'>D</span> <span class='ocrx_word' id='word_1_459' title='bbox 2493 4184 2602 4237; x_wconf 89' lang='lat' dir='ltr'><strong>aut</strong></span> <span class='ocrx_word' id='word_1_460' title='bbox 2650 4175 2888 4237; x_wconf 90' lang='lat' dir='ltr'><strong>rivulos</strong></span> <span class='ocrx_word' id='word_1_461' title='bbox 2937 4194 3050 4237; x_wconf 93' lang='lat' dir='ltr'><strong>seu</strong></span> <span class='ocrx_word' id='word_1_462' title='bbox 3099 4176 3542 4239; x_wconf 89' lang='lat' dir='ltr'><strong>distillationes</strong></span> <span class='ocrx_word' id='word_1_463' title='bbox 3590 4175 3866 4239; x_wconf 89' lang='lat' dir='ltr'><strong>fluentes</strong></span> <span class='ocrx_word' id='word_1_464' title='bbox 3915 4196 3995 4239; x_wconf 85' lang='lat' dir='ltr'><strong>ex</strong></span> 
     </span>
    </p>
   </div>
   <div class='ocr_carea' id='block_1_21' title="bbox 882 4277 2388 5347">
    <p class='ocr_par' dir='ltr' id='par_1_21' title="bbox 882 4277 2388 5347">
     <span class='ocr_line' id='line_1_72' title="bbox 884 4277 2384 4359; baseline -0.001 -17"><span class='ocrx_word' id='word_1_465' title='bbox 884 4288 985 4342; x_wconf 88' lang='lat' dir='ltr'><strong>ata</strong></span> <span class='ocrx_word' id='word_1_466' title='bbox 1022 4298 1095 4340; x_wconf 89' lang='lat' dir='ltr'><strong>ac</strong></span> <span class='ocrx_word' id='word_1_467' title='bbox 1135 4278 1360 4340; x_wconf 87' lang='lat' dir='ltr'><strong>ideata.</strong></span> <span class='ocrx_word' id='word_1_468' title='bbox 1394 4313 1475 4323; x_wconf 93' lang='lat'>—</span> <span class='ocrx_word' id='word_1_469' title='bbox 1504 4277 1597 4340; x_wconf 88' lang='lat' dir='ltr'><strong>Ad</strong></span> <span class='ocrx_word' id='word_1_470' title='bbox 1632 4277 1915 4350; x_wconf 86' lang='lat' dir='ltr'><strong>tertium,</strong></span> <span class='ocrx_word' id='word_1_471' title='bbox 1951 4279 2118 4358; x_wconf 92' lang='lat' dir='ltr'><strong>quod</strong></span> <span class='ocrx_word' id='word_1_472' title='bbox 2165 4278 2384 4359; x_wconf 88' lang='lat' dir='ltr'><strong>utique</strong></span> 
     </span>
     <span class='ocr_line' id='line_1_73' title="bbox 886 4375 2386 4448; baseline -0.001 -9"><span class='ocrx_word' id='word_1_473' title='bbox 886 4384 1093 4439; x_wconf 87' lang='lat' dir='ltr'><strong>creata</strong></span> <span class='ocrx_word' id='word_1_474' title='bbox 1135 4395 1173 4438; x_wconf 91' lang='lat' dir='ltr'><strong>a</strong></span> <span class='ocrx_word' id='word_1_475' title='bbox 1220 4376 1348 4437; x_wconf 89' lang='lat' dir='ltr'><strong>Deo</strong></span> <span class='ocrx_word' id='word_1_476' title='bbox 1396 4375 1736 4448; x_wconf 90' lang='lat' dir='ltr'><strong>manantia,</strong></span> <span class='ocrx_word' id='word_1_477' title='bbox 1783 4376 1945 4436; x_wconf 87' lang='lat' dir='ltr'><strong>iuter</strong></span> <span class='ocrx_word' id='word_1_478' title='bbox 1989 4394 2055 4436; x_wconf 89' lang='lat' dir='ltr'><strong>se</strong></span> <span class='ocrx_word' id='word_1_479' title='bbox 2098 4376 2386 4438; x_wconf 87' lang='lat' dir='ltr'><strong>ordinata</strong></span> 
     </span>
     <span class='ocr_line' id='line_1_74' title="bbox 886 4472 2386 4548; baseline 0 -11"><span class='ocrx_word' id='word_1_480' title='bbox 886 4483 1055 4548; x_wconf 86' lang='lat' dir='ltr'><strong>sunt,</strong></span> <span class='ocrx_word' id='word_1_481' title='bbox 1090 4492 1217 4536; x_wconf 91' lang='lat' dir='ltr'><strong>non</strong></span> <span class='ocrx_word' id='word_1_482' title='bbox 1263 4472 1529 4535; x_wconf 88' lang='lat' dir='ltr'><strong>confusa</strong></span> <span class='ocrx_word' id='word_1_483' title='bbox 1566 4480 1675 4536; x_wconf 88' lang='lat' dir='ltr'><strong>:et</strong></span> <span class='ocrx_word' id='word_1_484' title='bbox 1719 4473 1811 4535; x_wconf 89' lang='lat' dir='ltr'><strong>sic</strong></span> <span class='ocrx_word' id='word_1_485' title='bbox 1856 4473 2141 4535; x_wconf 86' lang='lat' dir='ltr'><strong>ordinate</strong></span> <span class='ocrx_word' id='word_1_486' title='bbox 2187 4473 2386 4537; x_wconf 83' lang='lat' dir='ltr'><strong>fluxe-</strong></span> 
     </span>
     <span class='ocr_line' id='line_1_75' title="bbox 886 4572 2384 4652; baseline -0.002 -15"><span class='ocrx_word' id='word_1_487' title='bbox 886 4583 1035 4637; x_wconf 89' lang='lat' dir='ltr'><strong>runt</strong></span> <span class='ocrx_word' id='word_1_488' title='bbox 1062 4592 1099 4635; x_wconf 93' lang='lat' dir='ltr'><strong>a</strong></span> <span class='ocrx_word' id='word_1_489' title='bbox 1130 4574 1441 4645; x_wconf 89' lang='lat' dir='ltr'><strong>Creatore,</strong></span> <span class='ocrx_word' id='word_1_490' title='bbox 1479 4589 1603 4633; x_wconf 91' lang='lat' dir='ltr'><strong>non</strong></span> <span class='ocrx_word' id='word_1_491' title='bbox 1649 4590 1760 4652; x_wconf 88' lang='lat' dir='ltr'><strong>per</strong></span> <span class='ocrx_word' id='word_1_492' title='bbox 1801 4572 2208 4634; x_wconf 89' lang='lat' dir='ltr'><strong>intermedias</strong></span> <span class='ocrx_word' id='word_1_493' title='bbox 2240 4592 2384 4634; x_wconf 86' lang='lat' dir='ltr'><strong>cau—</strong></span> 
     </span>
     <span class='ocr_line' id='line_1_76' title="bbox 884 4670 2385 4751; baseline -0.001 -16"><span class='ocrx_word' id='word_1_494' title='bbox 884 4692 984 4735; x_wconf 91' lang='lat' dir='ltr'><strong>sas</strong></span> <span class='ocrx_word' id='word_1_495' title='bbox 1027 4680 1091 4734; x_wconf 91' lang='lat' dir='ltr'><strong>et</strong></span> <span class='ocrx_word' id='word_1_496' title='bbox 1133 4670 1533 4733; x_wconf 88' lang='lat' dir='ltr'><strong>causalitates</strong></span> <span class='ocrx_word' id='word_1_497' title='bbox 1582 4670 1885 4741; x_wconf 77' lang='lat' dir='ltr'><strong>diversas,</strong></span> <span class='ocrx_word' id='word_1_498' title='bbox 1929 4670 2037 4731; x_wconf 90' lang='lat' dir='ltr'><strong>sed</strong></span> <span class='ocrx_word' id='word_1_499' title='bbox 2091 4690 2204 4751; x_wconf 91' lang='lat' dir='ltr'><strong>per</strong></span> <span class='ocrx_word' id='word_1_500' title='bbox 2254 4689 2385 4733; x_wconf 89' lang='lat' dir='ltr'><strong>mo·</strong></span> 
     </span>
     <span class='ocr_line' id='line_1_77' title="bbox 882 4767 2387 4848; baseline -0.002 -15"><span class='ocrx_word' id='word_1_501' title='bbox 882 4769 1262 4833; x_wconf 78' lang='lat' dir='ltr'><strong>derat-ricem</strong></span> <span class='ocrx_word' id='word_1_502' title='bbox 1320 4768 1665 4829; x_wconf 87' lang='lat' dir='ltr'><strong>increatam</strong></span> <span class='ocrx_word' id='word_1_503' title='bbox 1728 4767 2109 4848; x_wconf 88' lang='lat' dir='ltr'><strong>sapientiam</strong></span> <span class='ocrx_word' id='word_1_504' title='bbox 2170 4770 2387 4831; x_wconf 90' lang='lat' dir='ltr'><strong>omnia</strong></span> 
     </span>
     <span class='ocr_line' id='line_1_78' title="bbox 882 4865 2388 4949; baseline -0.001 -18"><span class='ocrx_word' id='word_1_505' title='bbox 882 4869 1281 4931; x_wconf 88' lang='lat' dir='ltr'><strong>ordinantem</strong></span> <span class='ocrx_word' id='word_1_506' title='bbox 1323 4886 1396 4928; x_wconf 89' lang='lat' dir='ltr'><strong>ac</strong></span> <span class='ocrx_word' id='word_1_507' title='bbox 1443 4865 1716 4947; x_wconf 92' lang='lat' dir='ltr'><strong>propriis</strong></span> <span class='ocrx_word' id='word_1_508' title='bbox 1760 4865 2111 4928; x_wconf 89' lang='lat' dir='ltr'><strong>rationibus</strong></span> <span class='ocrx_word' id='word_1_509' title='bbox 2159 4867 2388 4949; x_wconf 89' lang='lat' dir='ltr'><strong>produ-</strong></span> 
     </span>
     <span class='ocr_line' id='line_1_79' title="bbox 884 4964 2387 5046; baseline -0.001 -17"><span class='ocrx_word' id='word_1_510' title='bbox 884 4976 1153 5029; x_wconf 88' lang='lat' dir='ltr'><strong>centem.</strong></span> <span class='ocrx_word' id='word_1_511' title='bbox 1188 5002 1269 5011; x_wconf 90' lang='lat'><strong>-—</strong></span> <span class='ocrx_word' id='word_1_512' title='bbox 1298 4965 1387 5026; x_wconf 84' lang='lat' dir='ltr'><strong>Ad</strong></span> <span class='ocrx_word' id='word_1_513' title='bbox 1423 4972 1741 5046; x_wconf 89' lang='lat' dir='ltr'><strong>quartum,</strong></span> <span class='ocrx_word' id='word_1_514' title='bbox 1777 4964 1947 5045; x_wconf 91' lang='lat' dir='ltr'><strong>quod</strong></span> <span class='ocrx_word' id='word_1_515' title='bbox 1988 4982 2178 5027; x_wconf 91' lang='lat' dir='ltr'><strong>omne</strong></span> <span class='ocrx_word' id='word_1_516' title='bbox 2219 4984 2387 5027; x_wconf 87' lang='lat' dir='ltr'><strong>crea—</strong></span> 
     </span>
     <span class='ocr_line' id='line_1_80' title="bbox 884 5060 2381 5145; baseline -0.003 -16"><span class='ocrx_word' id='word_1_517' title='bbox 884 5075 1021 5129; x_wconf 90' lang='lat' dir='ltr'><strong>tum</strong></span> <span class='ocrx_word' id='word_1_518' title='bbox 1070 5063 1314 5145; x_wconf 91' lang='lat' dir='ltr'><strong>aliquid</strong></span> <span class='ocrx_word' id='word_1_519' title='bbox 1362 5062 1595 5125; x_wconf 73' lang='lat' dir='ltr'><strong>divinae</strong></span> <span class='ocrx_word' id='word_1_520' title='bbox 1644 5060 1982 5143; x_wconf 87' lang='lat' dir='ltr'><strong>participat</strong></span> <span class='ocrx_word' id='word_1_521' title='bbox 2031 5061 2381 5125; x_wconf 88' lang='lat' dir='ltr'><strong>bonitatis:</strong></span> 
     </span>
     <span class='ocr_line' id='line_1_81' title="bbox 882 5159 2385 5240; baseline -0.002 -13"><span class='ocrx_word' id='word_1_522' title='bbox 882 5165 993 5227; x_wconf 92' lang='lat' dir='ltr'><strong>sed</strong></span> <span class='ocrx_word' id='word_1_523' title='bbox 1024 5165 1189 5227; x_wconf 92' lang='lat' dir='ltr'><strong>Deus</strong></span> <span class='ocrx_word' id='word_1_524' title='bbox 1219 5160 1508 5224; x_wconf 87' lang='lat' dir='ltr'><strong>excelsus</strong></span> <span class='ocrx_word' id='word_1_525' title='bbox 1539 5167 1602 5222; x_wconf 89' lang='lat' dir='ltr'><strong>et</strong></span> <span class='ocrx_word' id='word_1_526' title='bbox 1630 5159 1943 5240; x_wconf 92' lang='lat' dir='ltr'><strong>gloriosus</strong></span> <span class='ocrx_word' id='word_1_527' title='bbox 1974 5160 2176 5223; x_wconf 82' lang='lat' dir='ltr'><strong>voluit</strong></span> <span class='ocrx_word' id='word_1_528' title='bbox 2204 5180 2385 5224; x_wconf 91' lang='lat' dir='ltr'><strong>suam</strong></span> 
     </span>
     <span class='ocr_line' id='line_1_82' title="bbox 884 5257 2388 5347; baseline -0.002 -22"><span class='ocrx_word' id='word_1_529' title='bbox 884 5262 1364 5347; x_wconf 88' lang='lat' dir='ltr'><strong>perfectionem,</strong></span> <span class='ocrx_word' id='word_1_530' title='bbox 1401 5258 1748 5321; x_wconf 84' lang='lat' dir='ltr'><strong>bonitatem</strong></span> <span class='ocrx_word' id='word_1_531' title='bbox 1790 5266 1854 5319; x_wconf 90' lang='lat' dir='ltr'><strong>et</strong></span> <span class='ocrx_word' id='word_1_532' title='bbox 1891 5257 2306 5321; x_wconf 86' lang='lat' dir='ltr'><strong>eminentiam</strong></span> <span class='ocrx_word' id='word_1_533' title='bbox 2349 5280 2388 5322; x_wconf 92' lang='lat' dir='ltr'><strong>a</strong></span> 
     </span>
    </p>
   </div>
   <div class='ocr_carea' id='block_1_22' title="bbox 2494 4274 3996 5338">
    <p class='ocr_par' dir='ltr' id='par_1_22' title="bbox 2494 4274 3996 5338">
     <span class='ocr_line' id='line_1_83' title="bbox 2496 4274 3994 4357; baseline 0.001 -22"><span class='ocrx_word' id='word_1_534' title='bbox 2496 4274 2653 4355; x_wconf 90' lang='lat' dir='ltr'><strong>ipso.</strong></span> <span class='ocrx_word' id='word_1_535' title='bbox 2690 4274 2967 4346; x_wconf 85' lang='lat' dir='ltr'><strong>Quorum</strong></span> <span class='ocrx_word' id='word_1_536' title='bbox 3013 4292 3188 4336; x_wconf 86' lang='lat' dir='ltr'><strong>error</strong></span> <span class='ocrx_word' id='word_1_537' title='bbox 3226 4274 3594 4347; x_wconf 88' lang='lat' dir='ltr'><strong>destruitur,</strong></span> <span class='ocrx_word' id='word_1_538' title='bbox 3632 4276 3784 4356; x_wconf 87' lang='lat' dir='ltr'><strong>quia</strong></span> <span class='ocrx_word' id='word_1_539' title='bbox 3822 4276 3994 4357; x_wconf 87' lang='lat' dir='ltr'><strong>quod</strong></span> 
     </span>
     <span class='ocr_line' id='line_1_84' title="bbox 2497 4372 3994 4454; baseline 0.001 -21"><span class='ocrx_word' id='word_1_540' title='bbox 2497 4380 2708 4434; x_wconf 84' lang='lat' dir='ltr'><strong>manat</strong></span> <span class='ocrx_word' id='word_1_541' title='bbox 2737 4391 2814 4434; x_wconf 89' lang='lat' dir='ltr'><strong>ex</strong></span> <span class='ocrx_word' id='word_1_542' title='bbox 2855 4372 3027 4435; x_wconf 87' lang='lat' dir='ltr'><strong>fonte</strong></span> <span class='ocrx_word' id='word_1_543' title='bbox 3066 4391 3180 4454; x_wconf 91' lang='lat' dir='ltr'><strong>per</strong></span> <span class='ocrx_word' id='word_1_544' title='bbox 3221 4374 3478 4435; x_wconf 90' lang='lat' dir='ltr'><strong>modum</strong></span> <span class='ocrx_word' id='word_1_545' title='bbox 3522 4373 3737 4446; x_wconf 91' lang='lat' dir='ltr'><strong>istum,</strong></span> <span class='ocrx_word' id='word_1_546' title='bbox 3772 4373 3896 4435; x_wconf 91' lang='lat' dir='ltr'><strong>fuit</strong></span> <span class='ocrx_word' id='word_1_547' title='bbox 3926 4374 3994 4435; x_wconf 92' lang='lat' dir='ltr'><strong>in</strong></span> 
     </span>
     <span class='ocr_line' id='line_1_85' title="bbox 2497 4472 3996 4554; baseline -0.001 -21"><span class='ocrx_word' id='word_1_548' title='bbox 2497 4472 2669 4534; x_wconf 90' lang='lat' dir='ltr'><strong>fonte</strong></span> <span class='ocrx_word' id='word_1_549' title='bbox 2720 4490 2834 4553; x_wconf 92' lang='lat' dir='ltr'><strong>pro</strong></span> <span class='ocrx_word' id='word_1_550' title='bbox 2884 4478 3059 4551; x_wconf 91' lang='lat' dir='ltr'><strong>parte</strong></span> <span class='ocrx_word' id='word_1_551' title='bbox 3106 4479 3214 4532; x_wconf 87' lang='lat' dir='ltr'><strong>aut</strong></span> <span class='ocrx_word' id='word_1_552' title='bbox 3261 4478 3390 4534; x_wconf 90' lang='lat' dir='ltr'><strong>toto</strong></span> <span class='ocrx_word' id='word_1_553' title='bbox 3437 4480 3779 4554; x_wconf 89' lang='lat' dir='ltr'><strong>antequam</strong></span> <span class='ocrx_word' id='word_1_554' title='bbox 3827 4490 3996 4534; x_wconf 88' lang='lat' dir='ltr'><strong>ema-</strong></span> 
     </span>
     <span class='ocr_line' id='line_1_86' title="bbox 2496 4569 3993 4652; baseline 0.001 -22"><span class='ocrx_word' id='word_1_555' title='bbox 2496 4570 2672 4632; x_wconf 87' lang='lat' dir='ltr'><strong>navit</strong></span> <span class='ocrx_word' id='word_1_556' title='bbox 2700 4589 2777 4631; x_wconf 89' lang='lat' dir='ltr'><strong>ex</strong></span> <span class='ocrx_word' id='word_1_557' title='bbox 2822 4570 2948 4631; x_wconf 91' lang='lat' dir='ltr'><strong>illo.</strong></span> <span class='ocrx_word' id='word_1_558' title='bbox 2985 4570 3320 4651; x_wconf 83' lang='lat' dir='ltr'><strong>Quumque</strong></span> <span class='ocrx_word' id='word_1_559' title='bbox 3361 4569 3425 4631; x_wconf 89' lang='lat' dir='ltr'><strong>in</strong></span> <span class='ocrx_word' id='word_1_560' title='bbox 3466 4569 3640 4632; x_wconf 89' lang='lat' dir='ltr'><strong>fonte</strong></span> <span class='ocrx_word' id='word_1_561' title='bbox 3674 4571 3786 4652; x_wconf 92' lang='lat' dir='ltr'><strong>qui</strong></span> <span class='ocrx_word' id='word_1_562' title='bbox 3826 4571 3993 4632; x_wconf 88' lang='lat' dir='ltr'><strong>Deus</strong></span> 
     </span>
     <span class='ocr_line' id='line_1_87' title="bbox 2495 4668 3991 4750; baseline 0.001 -20"><span class='ocrx_word' id='word_1_563' title='bbox 2495 4676 2590 4730; x_wconf 89' lang='lat' dir='ltr'><strong>est</strong></span> <span class='ocrx_word' id='word_1_564' title='bbox 2629 4668 2717 4730; x_wconf 92' lang='lat' dir='ltr'><strong>nil</strong></span> <span class='ocrx_word' id='word_1_565' title='bbox 2763 4668 2845 4730; x_wconf 90' lang='lat' dir='ltr'><strong>sit</strong></span> <span class='ocrx_word' id='word_1_566' title='bbox 2883 4669 3052 4749; x_wconf 89' lang='lat' dir='ltr'><strong>quod</strong></span> <span class='ocrx_word' id='word_1_567' title='bbox 3097 4686 3222 4730; x_wconf 90' lang='lat' dir='ltr'><strong>non</strong></span> <span class='ocrx_word' id='word_1_568' title='bbox 3269 4668 3349 4730; x_wconf 89' lang='lat' dir='ltr'><strong>sit</strong></span> <span class='ocrx_word' id='word_1_569' title='bbox 3391 4669 3550 4750; x_wconf 90' lang='lat' dir='ltr'><strong>ipse,</strong></span> <span class='ocrx_word' id='word_1_570' title='bbox 3581 4669 3798 4731; x_wconf 85' lang='lat' dir='ltr'><strong>omnia</strong></span> <span class='ocrx_word' id='word_1_571' title='bbox 3835 4668 3991 4731; x_wconf 83' lang='lat' dir='ltr'><strong>fuis-</strong></span> 
     </span>
     <span class='ocr_line' id='line_1_88' title="bbox 2495 4766 3992 4851; baseline 0.001 -22"><span class='ocrx_word' id='word_1_572' title='bbox 2495 4774 2636 4829; x_wconf 90' lang='lat' dir='ltr'><strong>sent</strong></span> <span class='ocrx_word' id='word_1_573' title='bbox 2666 4768 2764 4829; x_wconf 90' lang='lat' dir='ltr'><strong>vel</strong></span> <span class='ocrx_word' id='word_1_574' title='bbox 2800 4766 2936 4848; x_wconf 90' lang='lat' dir='ltr'><strong>ipse</strong></span> <span class='ocrx_word' id='word_1_575' title='bbox 2968 4767 3222 4830; x_wconf 88' lang='lat' dir='ltr'><strong>Creator</strong></span> <span class='ocrx_word' id='word_1_576' title='bbox 3249 4774 3359 4828; x_wconf 90' lang='lat' dir='ltr'><strong>aut</strong></span> <span class='ocrx_word' id='word_1_577' title='bbox 3389 4786 3534 4848; x_wconf 89' lang='lat' dir='ltr'><strong>pars</strong></span> <span class='ocrx_word' id='word_1_578' title='bbox 3567 4767 3768 4850; x_wconf 89' lang='lat' dir='ltr'><strong>ipsius</strong></span> <span class='ocrx_word' id='word_1_579' title='bbox 3803 4785 3818 4829; x_wconf 74' lang='grc' dir='ltr'>ε</span> <span class='ocrx_word' id='word_1_580' title='bbox 3853 4768 3992 4851; x_wconf 93' lang='lat' dir='ltr'><strong>ipse</strong></span> 
     </span>
     <span class='ocr_line' id='line_1_89' title="bbox 2494 4864 3990 4937; baseline 0.001 -10"><span class='ocrx_word' id='word_1_581' title='bbox 2494 4883 2646 4928; x_wconf 83' lang='lat' dir='ltr'><strong>vero</strong></span> <span class='ocrx_word' id='word_1_582' title='bbox 2689 4864 3102 4927; x_wconf 90' lang='lat' dir='ltr'><strong>indivisibilis</strong></span> <span class='ocrx_word' id='word_1_583' title='bbox 3143 4874 3258 4937; x_wconf 89' lang='lat' dir='ltr'><strong>est,</strong></span> <span class='ocrx_word' id='word_1_584' title='bbox 3295 4872 3356 4927; x_wconf 92' lang='lat' dir='ltr'><strong>et</strong></span> <span class='ocrx_word' id='word_1_585' title='bbox 3399 4884 3649 4927; x_wconf 90' lang='lat' dir='ltr'><strong>summe</strong></span> <span class='ocrx_word' id='word_1_586' title='bbox 3690 4865 3771 4927; x_wconf 92' lang='lat' dir='ltr'><strong>ab</strong></span> <span class='ocrx_word' id='word_1_587' title='bbox 3813 4866 3990 4928; x_wconf 89' lang='lat' dir='ltr'><strong>omni</strong></span> 
     </span>
     <span class='ocr_line' id='line_1_90' title="bbox 2496 4962 3992 5027; baseline 0.001 -4"><span class='ocrx_word' id='word_1_588' title='bbox 2496 4970 2782 5025; x_wconf 87' lang='lat' dir='ltr'><strong>creatura</strong></span> <span class='ocrx_word' id='word_1_589' title='bbox 2811 4963 3120 5024; x_wconf 83' lang='lat' dir='ltr'><strong>diversuS.</strong></span> <span class='ocrx_word' id='word_1_590' title='bbox 3152 4997 3228 5007; x_wconf 84' lang='lat'>-</span> <span class='ocrx_word' id='word_1_591' title='bbox 3258 4962 3379 5024; x_wconf 86' lang='lat' dir='ltr'><strong>Alii</strong></span> <span class='ocrx_word' id='word_1_592' title='bbox 3414 4963 3712 5026; x_wconf 86' lang='lat' dir='ltr'><strong>dixerunt</strong></span> <span class='ocrx_word' id='word_1_593' title='bbox 3740 4964 3992 5027; x_wconf 80' lang='lat' dir='ltr'><strong>univer·</strong></span> 
     </span>
     <span class='ocr_line' id='line_1_91' title="bbox 2497 5061 3992 5142; baseline 0.001 -19"><span class='ocrx_word' id='word_1_594' title='bbox 2497 5081 2640 5123; x_wconf 90' lang='lat' dir='ltr'><strong>sum</strong></span> <span class='ocrx_word' id='word_1_595' title='bbox 2687 5061 2893 5123; x_wconf 86' lang='lat' dir='ltr'><strong>exisse</strong></span> <span class='ocrx_word' id='word_1_596' title='bbox 2942 5080 2979 5121; x_wconf 88' lang='lat' dir='ltr'><strong>a</strong></span> <span class='ocrx_word' id='word_1_597' title='bbox 3027 5061 3155 5122; x_wconf 92' lang='lat' dir='ltr'><strong>Deo</strong></span> <span class='ocrx_word' id='word_1_598' title='bbox 3201 5062 3738 5142; x_wconf 86' lang='lat' dir='ltr'><strong>quemadmodum</strong></span> <span class='ocrx_word' id='word_1_599' title='bbox 3783 5061 3992 5125; x_wconf 89' lang='lat' dir='ltr'><strong>forma</strong></span> 
     </span>
     <span class='ocr_line' id='line_1_92' title="bbox 2498 5158 3984 5241; baseline 0.001 -20"><span class='ocrx_word' id='word_1_600' title='bbox 2498 5159 2874 5241; x_wconf 89' lang='lat' dir='ltr'><strong>inspectoris</strong></span> <span class='ocrx_word' id='word_1_601' title='bbox 2916 5159 2980 5221; x_wconf 93' lang='lat' dir='ltr'><strong>in</strong></span> <span class='ocrx_word' id='word_1_602' title='bbox 3021 5158 3284 5240; x_wconf 89' lang='lat' dir='ltr'><strong>speculo</strong></span> <span class='ocrx_word' id='word_1_603' title='bbox 3321 5158 3453 5221; x_wconf 87' lang='lat' dir='ltr'><strong>exit</strong></span> <span class='ocrx_word' id='word_1_604' title='bbox 3485 5159 3566 5221; x_wconf 87' lang='lat' dir='ltr'><strong>ab</strong></span> <span class='ocrx_word' id='word_1_605' title='bbox 3605 5160 3984 5241; x_wconf 89' lang='lat' dir='ltr'><strong>inspectore.</strong></span> 
     </span>
     <span class='ocr_line' id='line_1_93' title="bbox 2497 5257 3990 5338; baseline 0.002 -19"><span class='ocrx_word' id='word_1_606' title='bbox 2497 5259 2573 5319; x_wconf 91' lang='lat' dir='ltr'><strong>Et</strong></span> <span class='ocrx_word' id='word_1_607' title='bbox 2623 5257 2726 5320; x_wconf 89' lang='lat' dir='ltr'><strong>isti</strong></span> <span class='ocrx_word' id='word_1_608' title='bbox 2777 5257 3092 5331; x_wconf 87' lang='lat' dir='ltr'><strong>similiter,</strong></span> <span class='ocrx_word' id='word_1_609' title='bbox 3140 5257 3434 5338; x_wconf 84' lang='lat' dir='ltr'><strong>quamvis</strong></span> <span class='ocrx_word' id='word_1_610' title='bbox 3483 5258 3872 5321; x_wconf 87' lang='lat' dir='ltr'><strong>intenderint</strong></span> <span class='ocrx_word' id='word_1_611' title='bbox 3914 5279 3990 5323; x_wconf 88' lang='lat' dir='ltr'><strong>ac</strong></span> 
     </span>
    </p>
   </div>
   <div class='ocr_carea' id='block_1_23' title="bbox 4277 2926 4280 4277">
    <p class='ocr_par' dir='ltr' id='par_1_23' title="bbox 4277 2926 4280 4277">
     <span class='ocr_line' id='line_1_94' title="bbox 4277 2926 4280 4277; baseline 0 0"><span class='ocrx_word' id='word_1_612' title='bbox 4277 2926 4280 4277; x_wconf 95' lang='lat' dir='ltr'><strong> </strong></span> 
     </span>
    </p>
   </div>
  </div>
 </body>
</html>
