4334 6242
330 3799 347 3810 .
380 3743 607 3806 scribit
654 3743 773 3806 hoc
826 3743 964 3806 loco
1016 3761 1031 3805 z

1272 527 1359 574 AN
1400 527 1599 575 OMNES
1642 526 1863 573 Ansium
1907 525 2043 572 SINT
2084 525 2352 571 mosot-:u
2394 522 2622 570 SPECOEI

3377 504 3494 570 221

366 697 657 760 versitas
708 699 1246 762 materiae‘causat
1290 697 1721 760 diversitatem
1766 712 1891 758 non
1922 696 1973 759 A
2002 714 2103 770 na,
2127 694 2466 776 dignitates
2495 702 2558 756 et
2589 711 2801 775 opera,
2822 692 3248 756 diversimode
3276 692 3503 755 distin-

372 797 601 858 solum
630 797 895 878 speciei,
915 797 1023 858 sed
1056 796 1327 877 generis.
1342 797 1486 859 Haec
1520 796 1583 856 in
1616 796 1886 857 Summa.

453 893 753 976 Amplius
786 895 851 956 in
883 895 1144 956 Summa
1174 902 1393 956 contra
1420 894 1705 974 gentileS‚
1727 893 1893 955 libro

372 992 693 1064 secundo,
728 992 1010 1073 capitulo
1039 991 1449 1071 nonagesimo
1480 990 1686 1062 tertio,
1722 989 1890 1051 idem

374 1087 739 1150 defendens
765 1109 779 1152 ε
805 1089 1185 1152 Substantiae
1214 1089 1357 1170 (ait)
1385 1095 1708 1170 separatae,
1744 1094 1891 1149 sunt

374 1186 778 1268 quidditates
838 1207 951 1270 per
1007 1207 1073 1250 se
1133 1187 1571 1250 subsistentes,
1634 1184 1889 1268 Species

374 1293 599 1348 autem
656 1286 746 1349 rei
790 1295 885 1350 est
928 1307 1119 1369 quam
1169 1286 1491 1368 significat
1534 1283 1827 1348 definitio
1871 1301 1886 1344 ε

375 1384 777 1463 quidditates
838 1386 1033 1466 igitur
1080 1386 1499 1448 subsistentes
1558 1391 1707 1446 sunt
1753 1401 1891 1465 spe-

376 1483 514 1543 cies
546 1483 989 1546 subsistentes.
1016 1485 1161 1546 [deo
1188 1483 1559 1546 substantiae
1588 1489 1889 1565 separatae

380 1589 717 1661 nequeunt
746 1599 885 1644 esse
926 1582 1163 1664 plureS,
1200 1581 1324 1643 nisi
1362 1581 1489 1643 sint
1519 1581 1733 1662 specie
1768 1580 1889 1642 dif-

378 1676 684 1740 ferentes,
732 1679 1177 1760 multiplicatio
1224 1697 1479 1761 quoque
1528 1678 1890 1760 specierum

384 1776 591 1856 magis
646 1775 891 1839 confert
947 1778 1025 1839 ad
1087 1777 1507 1850 nobilitatem,
1560 1775 1889 1859 perfectio-

2000 802 2302 874 guuntur.
2337 792 2412 855 Et
2452 793 2602 874 quia
2646 793 2958 854 sententia
3003 791 3122 853 ista
3169 791 3312 873 plus
3357 809 3501 853 con-

2000 893 2169 973 gruit
2217 891 2402 953 dictis
2453 892 2850 964 Sanctorum,
2890 897 2954 952 et
2999 889 3072 951 in·
3113 908 3254 951 eam
3299 889 3500 970 magis

2000 990 2358 1052 consentire
2385 989 2695 1062 videntur,
2709 989 2851 1051 ideo
2873 995 3135 1071 apparet
3157 988 3215 1048 ei
3243 1004 3502 1049 consen·

2002 1089 2300 1150 tiendum.
2315 1089 2472 1151 Nam
2503 1096 2566 1150 et
2596 1088 2844 1149 divinus
2869 1086 3204 1170 Dionysius
3236 1086 3302 1147 in
3335 1086 3498 1148 libro

1999 1189 2076 1249 de
2118 1186 2420 1268 Angelica
2465 1186 2688 1249 asserit
2732 1186 3108 1258 hierarchia,
3152 1185 3320 1266 quod
3363 1202 3496 1246 om·
3552 1216 3600 1245 ea
3671 1218 3688 1246 ι
3728 1218 3752 1247 x

2000 1303 2111 1346 nes
2150 1285 2452 1347 dicuntur
2499 1285 2787 1348 coelestes
2834 1284 3144 1356 essentiae,
3179 1290 3240 1344 et
3275 1301 3496 1346 omnes

1999 1383 2303 1445 dicuntur
2340 1383 2628 1447 eoelestes
2659 1383 2948 1456 virtuteS,
2981 1400 3202 1445 omnes
3242 1399 3496 1464 quoque

1998 1481 2206 1563 angeli
2250 1481 2668 1564 appellantur.
2702 1483 3054 1563 Redditque
3096 1500 3352 1543 causam
3395 1499 3500 1542 no-

2002 1581 2250 1643 minum
2290 1580 2542 1654 horum,
2566 1580 2782 1643 dicens
2816 1582 2984 1662 quod
3015 1599 3236 1643 omnes
3277 1598 3501 1643 vocan-

2002 1687 2103 1740 tur
2146 1678 2437 1740 coelestes
2477 1678 2788 1752 essentiae,
2823 1679 3125 1760 quoniam
3169 1679 3288 1741 hoc
3333 1696 3500 1741 com-

2003 1795 2196 1838 mune
2227 1777 2396 1857 quod
2428 1783 2523 1837 est
2553 1776 2826 1839 coelestis
2857 1778 3152 1851 essentia,
3171 1777 3500 1859 aequaliter

382 1891 557 1947 nem,
592 1875 887 1937 decorem
928 1884 990 1938 et
1026 1876 1315 1938 ordinem
1356 1875 1661 1948 universi,
1694 1893 1887 1955 quam
1925 1877 1972 1939 B
2004 1875 2383 1956 participant
2427 1892 2441 1936 :
2487 1893 2706 1936 omnes
2756 1874 2996 1957 quippe
3046 1875 3113 1937 in
3163 1876 3325 1938 coelo
3371 1894 3500 1937 em-

384 1972 839 2054 multiplicatio
878 1976 1231 2037 secundum
1276 1981 1617 2036 numerum
1652 1991 1665 2034 :
1703 1972 1888 2034 idcir-

382 2088 463 2132 co
521 2070 663 2152 plus
724 2073 1031 2155 competit
1079 2073 1285 2136 ordini
1345 2090 1419 2134 ac
1476 2071 1687 2133 decori
1750 2070 1887 2132 uni-

382 2168 577 2242 versi,
612 2171 782 2252 quod
814 2171 1049 2252 singuli
1081 2171 1286 2252 angeli
1320 2169 1623 2232 differant
1650 2169 1883 2250 specie.

382 2267 532 2330 Haec
576 2268 689 2330 ibi.

466 2367 535 2427 ln
577 2367 677 2428 bis
718 2367 931 2430 verbis
972 2368 1242 2430 Thomas
1287 2385 1412 2429 non
1457 2367 1663 2429 solum
1708 2373 1890 2428 testa-

380 2474 510 2538 tur,
527 2466 695 2546 quod
724 2466 931 2546 angeli
962 2483 1186 2528 omnes
1216 2485 1289 2528 ac
1322 2465 1555 2546 singuli
1588 2464 1889 2526 differant

377 2562 463 2625 ab
497 2563 773 2626 invicem
814 2564 1049 2645 specie,
1084 2564 1193 2626 sed
1222 2563 1415 2625 etiam
1447 2564 1616 2645 quod
1656 2563 1888 2644 impos-

378 2661 573 2723 sibile
612 2663 693 2724 sit
734 2662 949 2744 plures
993 2681 1131 2724 esse
1181 2662 1417 2745 speciei
1462 2662 1771 2743 ejusdem.
1809 2661 1885 2722 Et

380 2761 435 2822 si
485 2760 781 2842 intelligit
820 2759 943 2823 hoc
986 2761 1099 2834 sic,
1134 2760 1304 2842 quod
1350 2759 1729 2842 simpliciter
1774 2759 1886 2821 im-

380 2857 689 2940 possibile
728 2859 833 2932 sit,
868 2858 955 2920 ita
993 2866 1063 2920 ut
1102 2877 1220 2920 nec
1250 2877 1286 2919 a
1316 2858 1443 2920 Deo
1481 2857 1625 2920 fieri
1669 2865 1879 2939 queat,

378 2975 455 3019 eo
500 2957 671 3038 quod
718 2957 1026 3038 implicet,
1070 2956 1300 3019 salvari
1346 2973 1473 3018 non
1516 2956 1769 3036 poterit,
1816 2962 1884 3017 ut

2001 1991 2196 2054 pyreo
2241 1973 2430 2035 creati
2478 1981 2648 2047 sunt,
2685 1992 2906 2036 omnes
2949 1974 3142 2036 etiam
3183 1975 3261 2035 ad
3313 1973 3498 2035 mini-

1998 2071 2264 2132 sterium
2317 2071 2492 2153 regni
2541 2071 2816 2134 coelestis
2866 2079 3013 2134 sunt
3056 2072 3346 2135 ordinati.
3394 2071 3495 2133 Di-

1997 2177 2231 2230 cuntur
2277 2170 2536 2232 demum
2596 2170 2884 2232 coelestes
2929 2171 3220 2244 virtuteS,
3271 2171 3495 2251 quoni-

1996 2287 2099 2329 am
2129 2286 2352 2330 omnes
2381 2269 2457 2330 ad
2490 2275 2669 2330 actus
2702 2268 3201 2332 ministeriorum
3232 2287 3494 2331 suorum

1997 2366 2298 2428 virtutem
2331 2365 2816 2448 efficaciamque
2849 2368 3054 2429 sortiti
3084 2377 3230 2430 sunt
3262 2368 3448 2450 plene
3475 2387 3488 2431 :

1998 2472 2257 2545 propter
2287 2465 2456 2546 quod
2487 2465 2551 2526 in
2585 2464 2854 2545 singulis
2882 2465 3214 2528 ordinibus
3245 2473 3493 2528 exstant

1996 2563 2309 2644 dispositi.
2373 2564 2604 2626 Omnes
2665 2563 2926 2645 insuper
2981 2565 3188 2644 angeli
3248 2583 3492 2626 nuncu-

1995 2668 2230 2741 pantur
2263 2679 2276 2722 :
2313 2662 2612 2743 quoniam
2653 2661 2875 2743 Angeli
2917 2662 3216 2724 infimum
3259 2663 3494 2725 habent

1995 2759 2284 2832 chorum,
2317 2767 2380 2822 et
2425 2761 2566 2823 ideo
2613 2779 2835 2823 omnes
2884 2761 3243 2842 superiores
3291 2761 3496 2844 perfe-

1995 2858 2269 2920 ctionem
2323 2858 2605 2939 ipsorum
2669 2859 3021 2922 includunt.
3077 2861 3143 2921 ln
3193 2859 3493 2922 omnibus

1992 2957 2228 3018 etenim
2263 2957 2680 3038 potestatibus
2711 2957 3113 3031 virtualibuS,
3134 2960 3492 3041 superiores

378 3054 549 3117 infra
586 3054 847 3136 patebit.
884 3055 977 3116 An
1010 3073 1161 3117 vero
1196 3055 1549 3118 secundum
1590 3060 1881 3116 naturam
1919 3053 1963 3118 C
1993 3055 2157 3116 dona
2189 3054 2562 3119 inferiorum
2595 3055 2922 3118 continent
2952 3057 3328 3132 eminenter,
3363 3075 3490 3120 non

380 3152 783 3234 impossibile
826 3153 931 3227 sit,
964 3153 1130 3215 infra
1172 3153 1569 3215 discutietur.

460 3249 747 3332 Denique
787 3250 1057 3313 Thomas
1102 3251 1169 3313 in
1207 3251 1307 3313 bis
1348 3270 1385 3313 a
1425 3249 1712 3313 doctrina
1757 3269 1883 3312 ma-

374 3348 561 3428 gistri
605 3348 705 3409 sui
748 3348 991 3411 Alberti
1034 3355 1315 3411 extreme
1366 3349 1649 3422 recessit,
1684 3367 1885 3430 quum

376 3455 593 3509 tamen
618 3446 911 3510 Albertus
940 3448 1175 3510 motiva
1198 3448 1451 3510 Thomae
1481 3447 1741 3510 solverit
1770 3447 1887 3508 cla·

380 3564 466 3608 re.
502 3545 622 3619 Qui
668 3545 823 3607 item
864 3545 1159 3608 Albertus
1204 3546 1271 3606 in
1309 3545 1597 3608 doctrina
1642 3545 1886 3626 Peripa-

379 3645 721 3707 teticorum
766 3644 1123 3706 eminenter
1166 3644 1289 3706 fuit
1330 3644 1731 3706 exercitatus.
1766 3644 1883 3717 Qui

1084 3743 1262 3805 Circa
1316 3742 1501 3804 istam
1554 3742 1883 3804 materiam

221 3865 233 3874 ·
282 3864 291 3870 ·
332 3863 345 3872 ·
378 3851 533 3904 sunt
579 3850 709 3904 tres
757 3842 1091 3924 opiniones
1139 3841 1452 3903 solennes,
1507 3841 1660 3915 Una,
1713 3841 1881 3922 quod

378 3940 619 4020 singuli
663 3939 871 4020 angeli
912 3959 947 4000 a
986 3938 1254 4019 singulis
1295 3937 1607 4000 differunt
1644 3938 1879 4019 specie,

378 4047 641 4120 propter
693 4038 967 4100 rationes
1026 4036 1423 4119 praehabitaS.
1475 4036 1600 4099 Alii
1660 4035 1882 4118 proba-

1992 3155 2364 3216 econtrario.
2399 3155 2676 3237 Apparet
2705 3173 2854 3234 ergo
2884 3155 3052 3236 quod
3087 3174 3308 3218 omnes
3350 3156 3490 3217 uni-

1994 3271 2068 3312 us
2098 3251 2226 3312 sint
2256 3252 2492 3333 speciei
2523 3253 2876 3314 secundum
2908 3260 3198 3315 naturam
3228 3273 3370 3335 quae
3394 3261 3490 3315 est

1994 3349 2269 3411 coelestis
2327 3350 2622 3424 essentia,
2685 3358 2748 3413 et
2807 3368 2932 3413 non
2991 3351 3116 3414 nisi
3175 3352 3355 3414 donis
3414 3370 3487 3415 ac

1993 3447 2412 3528 potestatibus
2471 3447 2791 3511 differant.
2837 3484 2920 3494 -
2972 3449 3192 3512 Adhuc
3248 3458 3484 3524 autem,

1992 3546 2319 3628 proportio
2356 3552 2451 3608 est
2489 3555 2552 3608 et
2590 3548 2880 3629 quaedam
2924 3548 3278 3610 similitudo
3323 3549 3488 3610 mili-

1993 3645 2093 3706 tiae
2138 3644 2304 3724 regis
2342 3645 2576 3706 terreni
2619 3646 2697 3707 ad
2745 3646 3040 3708 militiam
3083 3647 3266 3727 Regis
3308 3647 3492 3710 coele·

1990 3743 2123 3805 stis.
2159 3742 2228 3803 In
2262 3742 2492 3804 militia
2527 3751 2740 3805 autem
2783 3744 2947 3824 regis
2979 3745 3232 3819 terreni,
3265 3763 3488 3808 omnes

1991 3841 2182 3902 unius
2241 3847 2385 3902 sunt
2446 3841 2704 3922 speciei,
2770 3842 2935 3903 inter
2991 3861 3057 3904 se
3115 3842 3485 3905 differentes

1987 3938 2405 4018 dignitatibus
2435 3957 2507 4000 ac
2539 3939 3059 4020 potestatibuS,et
3091 3949 3314 4002 ornatu
3345 3959 3484 4022 per-

1988 4036 2229 4098 tinente
2278 4036 2356 4097 ad
2406 4036 2545 4098 illas
2593 4037 2949 4117 dignitates,
2987 4073 3064 4082 —
3103 4037 3362 4112 RursuS,
3411 4047 3480 4101 ut

380 4134 575 4197 bilius
634 4142 874 4209 tenent,
925 4134 1093 4217 quod
1142 4153 1365 4197 omnes
1422 4134 1629 4215 angeli
1690 4134 1879 4195 unius
1988 4135 2047 4195 S.
2111 4134 2450 4216 Dionysius
2511 4141 2918 4208 contestatur,
2979 4153 3200 4198 omnes
3260 4137 3478 4200 divina
3549 4153 3609 4197 ne
3629 4151 3770 4199 nsvin.

378 4231 645 4306 ordiniS,
678 4231 966 4313 ejusdem
1002 4238 1150 4292 sunt
1180 4230 1449 4313 speciei3
1479 4231 1877 4293 diversorum
1909 4239 1959 4299 D
1987 4239 2134 4293 sunt
2166 4232 2411 4293 lumina
2439 4240 2502 4294 et
2531 4232 2882 4295 clarissima
2921 4233 3178 4314 specula
3212 4235 3472 4298 increati
3505 4229 3768 4323 ἓζωρζίζιξ

377 4330 701 4398 ordinum,
746 4329 1142 4391 diversarum
1192 4329 1551 4410 specierum
1602 4348 1615 4392 :
1668 4330 1879 4391 dicen·
1990 4330 2250 4392 luminis
2282 4330 2782 4408 manifestativa;
2821 4339 2884 4392 et
2915 4331 3197 4413 ipsorum
3228 4341 3325 4395 est
3353 4353 3479 4396 una
3507 4341 3614 4384 hier·
3637 4354 3753 4385 e-111-

378 4436 495 4502 teS,
546 4427 717 4508 quod
778 4427 1101 4508 Sapientia
1160 4425 1438 4488 increata
1496 4426 1878 4508 multiplicat

378 4526 497 4588 sub
538 4543 669 4587 uno
716 4525 1044 4587 communi
1090 4525 1259 4606 quod
1299 4533 1394 4586 est
1437 4525 1703 4606 specieS,
1738 4544 1877 4606 per-

378 4642 563 4687 sonas
620 4624 960 4704 angelicaS,
1022 4631 1279 4705 propter
1338 4623 1877 4705 multiplicitatem

380 4721 884 4784 ministeriorum
930 4728 1122 4802 atque
1163 4720 1529 4784 officiorum
1573 4721 1651 4782 ad
1696 4722 1879 4784 coele-

379 4821 491 4883 stis
535 4820 714 4901 regni
760 4827 1053 4881 ornatum
1100 4818 1545 4900 spectantium.

444 4919 640 4981 Tertii
669 4917 981 4991 dixerunt,
996 4918 1167 4999 quod
1198 4936 1419 4980 omnes
1449 4918 1656 5000 angeli
1689 4917 1879 4980 unius

380 5025 527 5080 sunt
560 5015 823 5098 speciei,
859 5015 1235 5078 hierarchiis
1269 5016 1727 5097 ordinibusque
1758 5015 1879 5077 dis-

380 5115 657 5177 ferentes
710 5132 725 5177 :
778 5132 855 5176 eo
902 5114 1071 5196 quod
1129 5114 1391 5197 quidam
1450 5131 1670 5176 eorum
1731 5121 1881 5176 sunt

381 5213 561 5295 quasi
592 5213 905 5294 agalmata
933 5231 1045 5274 seu
1070 5212 1459 5295 exemplaria
1485 5212 1662 5293 juxta
1684 5212 1880 5275 Deum

380 5313 753 5376 exsistentia
764 5329 783 5393 3
804 5311 915 5374 alii
940 5329 1093 5374 vero
1121 5314 1473 5374 secundum
1505 5311 1757 5374 diversa
1785 5312 1887 5376 do-

1987 4427 2316 4509 perfectiO,
2352 4447 2643 4509 unusque
2689 4429 2914 4490 modus
2953 4429 3348 4493 deiformiter
3387 4431 3481 4494 iu-

1990 4526 2336 4606 telligendi,
2386 4534 2576 4607 atque
2624 4527 2702 4589 ad
2755 4526 2955 4589 finem
3003 4529 3271 4592 ordinati
3331 4538 3481 4593 sunt

1988 4643 2209 4685 unum.

2068 4721 2275 4794 Quum
2307 4741 2455 4803 ergo
2483 4722 2807 4803 objicitur,
2834 4724 3001 4804 quod
3035 4726 3483 4807 multiplicatio

1988 4839 2065 4881 ex
2114 4838 2298 4901 aequo
2354 4820 2520 4882 facta
2575 4820 2696 4882 sub
2754 4839 2881 4883 uno
2940 4824 3267 4884 communi
3312 4824 3483 4905 quod

1990 4937 2330 4980 commune
2360 4926 2455 4981 est
2485 4919 2564 4980 ad
2597 4919 2794 4980 multa
2822 4918 3187 4983 differentia
3215 4938 3340 4982 non
3374 4939 3487 5002 per

1993 5018 2344 5091 materiam,
2377 5016 2454 5078 fit
2488 5035 2603 5098 per
2632 5016 3027 5079 differentias
3069 5018 3482 5098 [essentiales]

1990 5121 2053 5176 et
2093 5115 2335 5196 species
2375 5115 2730 5177 dividentes
2773 5115 2930 5177 illud
2970 5132 3345 5196 commune3
3377 5135 3486 5178 an·

1991 5213 2117 5296 geli
2155 5221 2365 5274 autem
2410 5212 2918 5294 multiplicantur
2946 5214 3065 5276 sub
3095 5233 3324 5296 genere
3361 5215 3483 5277 hoc

1996 5310 2320 5374 communi
2370 5309 2539 5392 quod
2587 5317 2684 5372 est
2728 5309 3082 5374 substantia
3130 5311 3484 5396 spiritualis
