4334 6242
101 1511 172 1552 ηρ.
183 1513 260 1548 vm,
273 1513 327 1542 nx.

113 2185 158 2227 De
171 2186 326 2230 Coelest.

98 2247 180 2289 hier.
199 2261 234 2290 c.
255 2262 296 2290 x.

115 3478 150 3516 p.
180 3469 246 3508 tte
258 3465 320 3516 θ’,

94 3532 150 3569 ωε
162 3530 200 3578 Β,
214 3536 294 3574 ete.

565 528 788 584 QUAEST.
825 533 862 578 V
897 533 910 578 :
943 533 1030 580 AN
1068 533 1292 582 ANGELt
1329 535 1598 582 EJUSDEM
1635 535 2028 584 mERARCmAE:
2067 535 2189 584 Am·
2224 536 2491 583 mosoma
2528 535 2773 583 onnmts
2810 537 2945 583 SINT
2972 535 3261 594 AEQUALES
3343 511 3461 581 507

810 831 1285 934 QUAESTIO
1364 833 1424 894 V

501 1095 690 1158 Uinto
758 1097 1084 1177 quaeritur‚
1133 1098 1262 1164 An
1323 1099 1589 1177 ang-en
1653 1097 1856 1178 ejus-

361 1090 492 1290 0
546 1195 728 1260 dem
795 1195 1301 1272 hierarchiae,
1362 1197 1502 1261 aut
1567 1196 1855 1261 saltem

355 1291 716 1371 ejusdem
763 1294 1089 1371 ordinis,
1135 1296 1302 1361 sint
1343 1295 1705 1376 aequaleS.

441 1390 704 1452 Videtur
756 1393 926 1472 quod
978 1391 1089 1453 sic.
1138 1392 1368 1464 Primo,
1415 1391 1565 1473 quia
1605 1391 1672 1453 B.
1719 1391 1859 1454 Dio—

358 1488 581 1570 nysius
632 1488 797 1551 libro
849 1489 927 1551 de
972 1489 1224 1552 Coelesti
1273 1489 1628 1552 hierarchia
1672 1508 1858 1571 ange·

359 1585 454 1647 los
505 1585 796 1666 ejusdem
849 1587 1220 1650 hierarchiae
1266 1587 1602 1670 aliquoties
1654 1587 1858 1650 nomi-

358 1693 468 1746 nat
497 1685 958 1767 aequipotentes
992 1704 1006 1748 ε
1041 1704 1189 1767 ergo
1229 1687 1427 1748 multo
1465 1687 1610 1769 plus
1650 1686 1855 1767 angeli

357 1783 648 1861 ejusdem
698 1785 941 1846 ordinis
989 1803 1172 1866 pares
1220 1792 1386 1846 sunt.
1420 1820 1501 1830 —-
1543 1784 1854 1858 Secunde,

1885 706 1936 768 A
1964 713 2046 778 ta,
2084 713 2148 769 et
2197 707 2507 788 perfectio
2556 707 2777 788 maior,
2817 725 2890 769 ac
2938 705 3347 789 pulchritudo
3398 705 3461 768 in

1961 823 2193 886 genere
2224 811 2526 868 creaturae
2566 805 2866 888 perfecta.
2903 805 3062 867 Hinc
3102 804 3267 868 sicut
3300 822 3463 866 unus

1963 903 2198 965 dicitur
2260 904 2413 966 ordo
2470 903 2941 986 Apostolorum,
3006 921 3299 985 unusque
3360 920 3463 965 or-

1964 1001 2045 1062 do
2087 1008 2461 1082 martyrum,
2504 1011 2565 1064 et
2604 1021 2769 1064 unus
2810 1003 2963 1065 ordo
3002 999 3460 1073 consessorum,

1966 1116 2259 1180 unusque
2310 1099 2654 1180 virginum,
2688 1108 2751 1164 et
2799 1108 3013 1162 tamen
3064 1100 3127 1161 in
3177 1097 3465 1181 quolibet

1965 1197 2189 1259 horum
2237 1204 2331 1258 est
2372 1198 2605 1278 gradus
2651 1198 3137 1280 perfectionum,
3172 1197 3341 1258 unde
3384 1195 3462 1258 de

1966 1293 2254 1376 quolibet
2293 1295 2524 1376 legitur
2562 1296 2811 1370 Sancto,
2843 1297 2979 1360 Non
3024 1303 3121 1358 est
3167 1295 3463 1358 inventus
3492 1308 3757 1414 ᾆσαι-,μω

1965 1392 2197 1454 similis
2230 1393 2359 1470 illi3
2396 1393 2488 1456 sic
2528 1392 2595 1456 in
2634 1393 2937 1474 angelicis
2977 1400 3179 1456 exstat
3221 1393 3463 1456 ordini·-

1965 1490 2105 1552 bus,
2159 1527 2239 1538 —
2285 1493 2413 1554 Nec
2462 1493 2908 1555 convenientia
2958 1493 3160 1574 surgit
3208 1511 3284 1555 ex
3332 1491 3466 1554 sola

1965 1590 2345 1670 aequalitate,
2397 1591 2506 1653 sed
2557 1609 2633 1652 ex
2684 1590 3035 1672 disparium
3092 1590 3465 1672 congruenti

1966 1687 2385 1762 ordinatione,
2420 1697 2490 1750 ut
2535 1689 2933 1770 praeallegato
2978 1688 3141 1751 libro
3188 1689 3265 1750 de
3309 1689 3469 1749 Vera

1969 1783 2276 1866 religione
2338 1786 2619 1868 loquitur
2674 1786 3084 1868 Augustinus,
3141 1787 3467 1847 Verumta-

357 1879 524 1942 sicut
553 1882 762 1962 angeli
794 1882 1184 1945 conveniunt
1213 1883 1278 1945 in
1318 1882 1737 1956 naturalibuS,
1772 1882 1858 1944 ita
1895 1883 1940 1945 B
1973 1903 2119 1944 men
2164 1884 2231 1946 in
2276 1884 2837 1966 superbeatissima
2875 1885 3177 1946 Trinitate
3222 1903 3299 1946 ex
3338 1884 3471 1946 sola

359 1979 424 2040 in
455 1980 771 2060 gratuitis.
801 1981 921 2042 Sed
952 1999 1173 2043 omnes
1203 1982 1410 2062 angeli
1445 1982 1666 2063 primae
1697 1981 1859 2044 hier-

357 2077 590 2140 archiae
645 2085 1015 2160 purgantur,
1069 2078 1514 2141 illuminantur
1559 2086 1623 2141 et
1665 2079 1859 2161 perfi-

357 2175 618 2236 ciuntur
656 2175 1022 2238 immediate
1061 2195 1098 2236 a
1137 2176 1286 2248 De0,
1321 2184 1391 2238 ut
1421 2177 1675 2239 divinus
1716 2178 1858 2240 Dio-

357 2272 580 2353 nysius
628 2273 814 2335 tradit
856 2291 870 2335 :
914 2291 1062 2354 ergo
1111 2273 1177 2335 in
1225 2273 1620 2336 naturalibus
1669 2283 1857 2356 atque

353 2370 647 2450 gratuitis
678 2372 1034 2434 consistunt
1062 2372 1355 2454 aequales.
1388 2409 1470 2417 —
1497 2373 1728 2447 Tertio,
1764 2373 1858 2434 in-

352 2467 680 2550 aequalitas
721 2489 910 2532 causa
948 2478 1044 2532 est
1084 2469 1469 2532 diversitatis
1509 2470 1859 2533 distinctio·

355 2566 584 2648 nisque
630 2567 947 2629 ordinum.
985 2568 1049 2631 Si
1093 2586 1242 2649 ergo
1288 2568 1495 2649 angeli
1540 2569 1606 2630 in
1655 2568 1857 2650 digni-

352 2673 478 2726 tate
509 2673 572 2727 et
602 2666 800 2746 gradu
834 2666 1242 2748 perfectionis
1274 2675 1422 2729 sunt
1456 2667 1752 2748 impareS,
1775 2669 1852 2730 ad

347 2763 683 2826 distinctos
715 2764 1034 2845 pertinent
1065 2764 1338 2826 ordines.
1363 2799 1444 2809 -—
1463 2766 1714 2839 Quarto,
1734 2765 1856 2827 Au-

345 2861 644 2941 gustinus
685 2861 849 2923 libro
889 2862 966 2924 de
995 2863 1156 2924 Vera
1195 2861 1499 2942 religione
1535 2869 1802 2925 testatur
1834 2880 1849 2925 :

344 2960 415 3021 ln
449 2959 752 3022 omnibus
784 2960 1226 3022 convenientia
1258 2960 1625 3042 placet‚qua
1656 2961 1848 3035 salva,

347 3057 619 3140 pulchra
666 3065 814 3120 sunt
863 3059 1096 3121 omnia.
1137 3058 1591 3121 Convenientia
1636 3067 1845 3122 autem
1887 3064 1931 3127 C
1963 3060 2333 3143 praehabita‚
2367 3059 2431 3121 in
2470 3059 2710 3140 angelis
2752 3067 2841 3121 tot
2872 3059 3001 3121 sint
3030 3059 3276 3140 species
3308 3066 3461 3140 quot
3514 3088 3556 3129 p.
3582 3069 3736 3116 nonu

345 3155 776 3238 aequalitatem
821 3164 884 3218 et
925 3157 1437 3231 similitudinem,
1481 3176 1607 3219 non
1645 3159 1852 3240 dispa-

346 3255 626 3328 ritatem,
661 3253 946 3336 requirit.

422 3352 492 3414 In
526 3353 893 3433 oppositum
923 3361 1017 3415 est
1047 3354 1386 3416 auctoritas
1417 3354 1848 3438 Dionysii,qui

351 3460 417 3513 ut
453 3451 823 3533 frequenter
852 3451 1274 3532 praehabitum
1306 3460 1421 3525 est,
1456 3453 1706 3516 decimo
1735 3454 1854 3516 Au-

347 3548 570 3631 gelicae
618 3548 990 3611 hierarchiae
1030 3549 1310 3631 capitulo
1352 3549 1607 3624 fatetur,
1642 3551 1704 3613 in
1751 3569 1852 3613 eo-

349 3649 496 3710 dem
529 3647 750 3710 ordine
781 3647 1022 3729 primos
1061 3667 1198 3710 esse
1228 3658 1288 3710 et
1331 3649 1570 3712 medios
1600 3668 1673 3711 ac
1705 3650 1851 3711 ulti-

353 3763 510 3808 mos.
552 3782 633 3791 —
675 3745 930 3808 Lucifer
976 3764 1230 3828 quoque
1279 3746 1514 3809 dicitur
1560 3767 1849 3810 summus

347 3845 552 3907 fuisse
603 3845 669 3907 in
717 3844 925 3926 primo
973 3845 1195 3906 ordine
1243 3845 1612 3926 angelorum
1652 3863 1850 3927 :ergo

348 3941 416 4003 in
449 3941 670 4004 ordine
701 3941 812 4004 illo
839 3941 948 4004 alii
989 3949 1168 4004 erant
1207 3943 1556 4006 inferiores.
1589 3979 1672 3988 —
1698 3944 1851 4006 Rur-

348 4058 482 4112 sus,
523 4039 678 4100 ordo
716 4040 1068 4102 secundum
1110 4042 1559 4122 Augustinum‚
1593 4050 1688 4104 est
1733 4043 1848 4103 im-

348 4136 599 4219 parium
653 4137 1032 4219 pariumque
1082 4140 1392 4202 connexio
1438 4147 1586 4220 apta
1635 4157 1649 4202 :
1701 4157 1849 4220 ergo

1969 1983 2331 2063 aequalitate
2360 1991 2423 2044 et
2461 1983 2884 2045 similitudine
2914 1989 3153 2044 constat
3187 1981 3467 2063 pulchri-

1970 2080 2124 2142 tudo
2165 2089 2231 2142 et
2268 2080 2712 2144 convenientia
2750 2100 3022 2154 summa,
3056 2100 3256 2162 quum
3302 2099 3469 2161 quae-

1971 2177 2125 2240 libet
2169 2179 2387 2240 divina
2428 2187 2491 2240 et
2534 2179 2811 2240 increata
2853 2195 3123 2259 persona
3162 2178 3241 2239 sit
3288 2176 3353 2238 in
3398 2195 3466 2239 se

1970 2275 2258 2338 absolute
2324 2275 2605 2358 perfecta
2673 2293 2687 2337 ε
2753 2275 2938 2355 cujus
3006 2274 3464 2357 perfectionem

1970 2393 2169 2456 quum
2214 2374 2370 2436 ordo
2411 2375 2735 2455 angelicus
2780 2374 2967 2456 plene
3010 2380 3283 2455 nequeat
3328 2373 3469 2434 imi-

1969 2471 2110 2545 tari,
2154 2472 2410 2553 supplet
2457 2472 2522 2533 in
2572 2471 2711 2553 ipso
2759 2471 3113 2546 diversitaS,
3156 2470 3325 2552 quod
3376 2489 3469 2532 re-

1969 2579 2349 2650 praesentare
2390 2587 2516 2631 non
2556 2568 2722 2632 valet
2760 2569 3021 2631 unitatis
3062 2567 3461 2649 simplicitas,

1967 2667 2110 2729 Haec
2152 2667 2611 2730 Bonaventura.

2045 2766 2349 2828 Praeterea
2376 2766 2647 2828 Thomas
2672 2783 2685 2826 :
2710 2764 2953 2845 Augen,
2988 2764 3217 2846 inquit,
3240 2783 3465 2826 secun-

1965 2867 2118 2927 dum
2149 2865 2582 2927 diversitatem
2624 2863 3007 2926 naturalium
3038 2863 3463 2925 diversimode

1965 2964 2030 3026 in
2073 2963 2367 3044 gratuitis
2408 2971 2552 3024 sunt
2594 2961 2879 3044 perfecti.
2910 2963 3245 3043 Quumque
3282 2961 3465 3040 juxta

1962 3158 2315 3231 individua,
2350 3175 2604 3238 semper
2645 3177 2809 3218 unus
2846 3156 3109 3238 angelus
3150 3165 3246 3218 est
3274 3175 3460 3237 supe-

1963 3257 2092 3320 rior
2127 3256 2272 3318 alio.
2303 3291 2386 3300 —
2415 3255 2575 3318 Hinc
2611 3254 2817 3336 angeli
2860 3255 3051 3317 unius
3090 3254 3460 3316 hierarchiae

1962 3355 2264 3417 dicuntur
2301 3353 2759 3434 aequipotentes
2804 3371 2916 3414 seu
2952 3351 3457 3434 aequipollenteS,

1963 3470 2090 3515 non
2121 3451 2523 3533 simpliciter,
2556 3451 2664 3512 sed
2698 3451 3050 3512 secundum
3084 3450 3259 3532 quid,
3293 3450 3463 3513 vide-

1963 3550 2112 3612 licet.
2155 3557 2466 3631 quantum
2507 3548 2581 3610 ad
2628 3549 2885 3611 modum
2928 3547 3280 3630 accipiendi
3324 3547 3464 3608 illu-

1964 3648 2341 3711 minationes
2368 3646 2614 3708 divinas
2641 3646 3124 3709 convenientem
3150 3665 3278 3708 suae
3303 3645 3465 3707 hier·

1963 3745 2212 3808 archiae.
2267 3743 2573 3807 Similiter
2622 3743 2830 3825 angeli
2878 3743 3168 3824 ejusdem
3219 3743 3461 3806 ordinis

1963 3851 2110 3905 sunt
2149 3842 2424 3924 aequales
2456 3861 2567 3904 seu
2606 3841 3065 3923 aequipotentes
3106 3841 3459 3904 secundum

1963 3941 2472 4004 convenientiam
2537 3940 2601 4001 in
2661 3946 2805 4000 actu
2855 3939 3097 4001 ordinis
3148 3940 3270 4012 sui,
3330 3957 3457 4002 non

1962 4038 2342 4120 simpliciter
2389 4037 2455 4100 in
2504 4036 2824 4099 omnibus.
2866 4071 2948 4082 -
2983 4036 3111 4098 Nec
3160 4036 3462 4118 quaelibet

1961 4137 2287 4198 distinctio
2316 4136 2541 4216 gradus
2573 4135 2725 4197 facit
2751 4135 3113 4197 distantiam
3142 4135 3457 4208 ordinum,

349 4235 417 4297 in
461 4234 684 4296 eodem
728 4236 1015 4317 angelico
1063 4237 1256 4300 choro
1304 4237 1629 4319 imparitas
1676 4257 1850 4319 repe·
1880 4242 1928 4304 D
1959 4235 2068 4296 sed
2101 4235 2209 4296 illa
2240 4253 2381 4315 quae
2418 4240 2515 4294 est
2544 4232 2896 4294 secundum
2932 4241 3112 4294 actus
3152 4233 3454 4295 diversos.

346 4334 532 4395 ritur.

442 4530 534 4593 Ad
613 4531 732 4593 hoc
798 4530 1238 4593 Bonaventura
1302 4532 1642 4612 respondet
1698 4549 1715 4594 ε
1779 4533 1844 4594 ln

345 4629 634 4711 angelica
680 4628 1036 4691 hierarchia
1081 4629 1397 4710 reperitur
1439 4630 1846 4710 pulchritudo

345 4728 632 4811 perfecta
681 4727 746 4790 in
797 4745 1028 4808 genere
1082 4735 1384 4790 creaturae
1441 4747 1518 4790 ex
1571 4730 1844 4810 quadam

343 4825 712 4907 gradatione
742 4824 1115 4906 disparium.
1150 4825 1218 4886 In
1261 4825 1380 4887 hoe
1411 4825 1582 4887 enim
1619 4844 1844 4889 conve-

347 4923 588 4985 nientia
636 4931 699 4984 et
753 4922 1161 5003 pulchritudo
1211 4923 1586 4986 consistunt.
1639 4925 1844 4997 Quum

347 5022 518 5084 enim
551 5020 767 5083 nullus
807 5021 1176 5102 angelorum
1210 5021 1274 5082 in
1307 5040 1372 5082 se
1415 5023 1552 5103 ipso
1583 5022 1846 5084 omnino

345 5119 668 5200 perfectus
722 5119 824 5192 sit,
879 5137 1136 5180 necesse
1186 5127 1278 5181 est
1330 5126 1398 5179 ut
1447 5139 1522 5180 ex
1570 5119 1842 5200 quadam

346 5217 748 5279 convenienti
818 5217 1185 5279 diversitate
1255 5217 1318 5278 in
1388 5217 1842 5298 proportionali

342 5314 707 5398 gradatione
749 5323 1084 5398 consurgat
1126 5315 1566 5380 convenientia
1598 5315 1842 5380 ordina-

1955 4368 2036 4378 —-
2067 4332 2369 4406 Quamvis
2399 4331 2591 4393 etiam
2624 4329 2913 4394 omnium
2948 4331 3292 4412 spirituum
3323 4331 3460 4392 uni-

1959 4451 2033 4493 us
2071 4431 2247 4494 chori
2286 4430 2367 4492 sit
2408 4430 2576 4492 idem
2616 4430 2852 4492 donum
2897 4429 2961 4490 in
2995 4429 3297 4510 generali,
3331 4447 3458 4492 non

1959 4538 2170 4592 tamen
2213 4547 2434 4592 omnes
2476 4528 2803 4610 aequaliter
2846 4526 3001 4588 illud
3051 4527 3453 4609 participant.

1958 4629 2100 4690 Haec
2142 4628 2413 4690 Thomas
2460 4628 2523 4689 in
2567 4627 2834 4707 Script0.

2038 4727 2390 4791 Concordat
2433 4726 2652 4789 Petrus
2692 4743 2705 4786 ε
2739 4724 3283 4798 Quemadmodum
3331 4726 3454 4806 (in-

1957 4826 2213 4908 quiens)
2253 4825 2318 4886 in
2358 4823 2715 4886 hierarchia
2753 4823 3183 4885 ecclesiastica
3224 4831 3321 4885 est
3362 4824 3453 4887 di-

1955 4923 2214 4985 stinctio
2263 4929 2542 4984 statuum
2593 4922 3007 5003 generalium,
3052 4929 3121 4983 ut
3168 4921 3455 5004 praelato-
3530 4926 3540 4938 '

1957 5041 2121 5093 rum,
2156 5029 2220 5082 et
2248 5021 2651 5094 clericorum,
2683 5039 2757 5081 ac
2789 5019 3133 5098 laicorum3
3164 5027 3355 5101 atque
3387 5021 3451 5081 in

1955 5118 2240 5200 quolibet
2284 5126 2449 5180 statu
2489 5119 2815 5181 distinctio
2852 5119 3164 5199 graduum
3206 5127 3270 5180 et
3307 5117 3452 5181 ossi-

1955 5218 2223 5288 ciorum,
2260 5225 2329 5278 ut
2360 5217 2425 5278 in
2458 5217 2708 5278 clericis
2740 5225 2888 5278 sunt
2918 5216 3294 5300 presbytcri,
3326 5217 3455 5278 dia-

1955 5315 2120 5390 coni,
2153 5323 2271 5378 etc.
2296 5333 2314 5395 3
2350 5315 2415 5377 in
2446 5314 2683 5378 officiis
2713 5332 2966 5400 quoque
2996 5315 3297 5380 distincta
3327 5314 3453 5382 ido-
