4334 6242
999 505 1085 555 ΑΝ
1126 505 1347 554 auom
1389 505 1777 555 coenoscartr
1816 503 1931 552 rna
1971 502 2212 551 sencias
2252 501 2684 562 affirmasti-m,
2723 500 2851 548 1-:·rc.
3342 474 3462 544 249

378 679 738 760 completur
772 701 886 763 per
914 681 1185 745 formam
1225 700 1439 754 unam,
1474 681 1583 743 sed
1627 696 1869 742 succes·
1895 674 1947 739 A
1976 676 2151 739 Unde
2191 677 2345 740 dicit
2386 677 2521 760 ipse
2551 677 2893 750 Avicenna,
2928 677 3096 758 quod
3135 677 3300 738 Deus
3338 691 3462 736 non

376 777 509 840 sive
558 779 831 861 suscipit
878 781 1093 862 plures
1144 799 1159 843 :
1212 782 1303 843 sic
1352 781 1632 864 potentia
1690 778 1870 840 intel-

380 876 608 939 lectiva
649 878 1147 942 substantiarum
1193 879 1616 960 superiorum,
1650 877 1869 940 videli-

378 980 475 1036 cet
504 976 901 1055 angelorum,
934 997 969 1039 a
999 977 1099 1038 sui
1130 977 1388 1039 exordio
1430 977 1744 1058 completa
1776 983 1871 1036 est

378 1091 491 1152 per
532 1073 969 1154 intelligibiles
1008 1076 1252 1156 species
1292 1075 1416 1137 sibi
1457 1084 1755 1138 connatas
1793 1075 1870 1136 ad

379 1172 597 1233 omnia
654 1174 1091 1254 cognoscenda
1151 1193 1291 1255 quae
1351 1173 1719 1236 naturaliter
1774 1190 1875 1234 co-

377 1287 683 1351 gnoscere
714 1278 956 1352 potest3
994 1272 1276 1353 potentia
1305 1291 1456 1335 vero
1488 1271 1874 1334 intellectiva

380 1367 443 1428 in
477 1367 855 1431 substantiis
896 1369 1328 1444 inferioribus,
1361 1370 1605 1431 scilicet
1636 1370 1873 1430 anima-

378 1465 521 1540 bus,
558 1485 683 1529 non
724 1475 821 1528 est
859 1467 927 1529 in
971 1468 1289 1550 principio
1332 1467 1427 1529 sui
1478 1468 1561 1530 ila
1601 1467 1875 1548 comple-

380 1573 461 1636 ta,
514 1566 625 1626 sed
685 1566 1044 1628 successive
1096 1567 1426 1648 perficitur
1478 1586 1591 1648 per
1641 1565 1875 1627 abstra—

378 1665 659 1726 ctionem
708 1665 1066 1746 specierum
1115 1685 1152 1726 a
1202 1665 1411 1728 rebus.
1456 1665 1600 1726 ldeo
1646 1664 1874 1726 animae

380 1762 717 1824 rationales
778 1764 1151 1844 corporibus
1212 1764 1582 1825 naturaliter
1638 1763 1873 1823 uniun—

1978 778 2297 858 cognoscit
2331 778 2735 859 particularia
2769 777 3252 858 particulariter,
3286 783 3467 856 utpo-

1978 887 2039 938 te
2070 877 2191 938 hoe
2221 896 2392 938 nunc
2427 895 2586 947 esse,
2620 885 2678 938 et
2713 895 2883 937 nunc
2919 894 3044 938 non
3078 894 3234 938 esse.
3273 875 3346 936 Et
3375 881 3472 936 est

1980 976 2190 1038 simile
2238 976 2317 1038 de
2369 995 2445 1038 eo
2502 976 2613 1058 qui
2673 975 2996 1056 cognoscit
3053 975 3346 1056 eclipsim
3407 973 3472 1035 in

1981 1075 2190 1136 causis
2232 1076 2364 1136 suis
2410 1074 2898 1147 universalibuS,
2932 1073 3042 1155 qui
3085 1081 3297 1136 tamen
3346 1091 3474 1134 non

1982 1174 2305 1254 cognoscit
2353 1174 2514 1235 hanc
2565 1173 2855 1253 eclipsim
2905 1172 3255 1234 secundum
3307 1171 3474 1253 quod

1982 1281 2078 1333 est
2124 1272 2230 1333 hie
2280 1279 2342 1334 et
2392 1291 2562 1334 nunc
2623 1271 2925 1333 inchoans
2973 1277 3035 1332 et
3083 1290 3254 1332 nunc
3313 1269 3474 1332 desi-

1984 1389 2163 1444 nens,
2188 1371 2309 1431 nisi
2343 1389 2532 1432 sensu
2565 1369 2894 1452 percipiat.
2918 1404 2998 1413 —
3028 1370 3173 1430 ldeo
3203 1369 3278 1430 ad
3310 1368 3475 1429 hanc

1983 1468 2364 1550 positionem
2395 1468 2592 1549 aliqui
2627 1469 3025 1540 addiderunt,
3060 1468 3228 1547 quod
3260 1485 3334 1528 ex
3366 1485 3472 1547 ap-

1984 1567 2324 1648 plicat-ione
2361 1566 2584 1627 harum
2628 1566 3081 1628 universalium
3123 1564 3471 1627 formarum

1983 1665 2058 1726 ad
2100 1665 2221 1727 hoc
2254 1665 2632 1746 particulare
2663 1666 2761 1726 vel
2804 1665 2983 1738 illud,
3018 1663 3476 1726 determinatur

1983 1764 2191 1844 angeli
2251 1763 2528 1844 cognitio
2579 1771 2646 1824 ut
2696 1764 2814 1826 hoe
2875 1762 3191 1844 singulare
3251 1778 3475 1842 cogno-

382 1867 595 1921 tur.—
618 1861 760 1923 Haec
795 1861 861 1922 in
892 1863 1169 1924 Summa.
1202 1863 1287 1923 De
1318 1861 1553 1942 quibus
1582 1868 1645 1922 et
1676 1861 1875 1922 multa
1908 1863 1953 1926 B
1986 1870 2135 1925 scat.
2190 1863 2308 1925 Sed
2359 1863 2477 1924 hoc
2527 1863 2756 1924 iterum
2819 1880 2942 1924 non
2993 1861 3245 1924 videtur
3293 1859 3477 1922 sussi-

380 1958 697 2020 habentur
733 1959 799 2021 in
830 1961 1092 2022 Summa
1131 1968 1349 2023 contra
1386 1960 1675 2041 gentileS,
1712 1959 1874 2022 libro

379 2059 678 2120 secundo.

456 2154 751 2236 Amplius
783 2156 860 2216 de
892 2156 1033 2230 hoc,
1069 2155 1341 2238 qualiter
1369 2156 1574 2238 angeli
1609 2175 1722 2237 per
1751 2156 1876 2218 sor-

380 2271 513 2314 mas
552 2273 667 2314 seu
714 2254 961 2334 species
1006 2254 1440 2334 intelligibiles
1486 2254 1874 2316 universales

379 2350 787 2431 particularia
845 2358 1127 2425 noscant,
1179 2351 1525 2413 conscribit
1583 2373 1595 2416 :
1649 2354 1875 2413 Praeter

376 2448 749 2528 opinionem
811 2448 1159 2510 dicentium
1218 2450 1473 2530 angelos
1532 2450 1872 2533 particula·

379 2547 541 2607 rium
590 2546 883 2607 notitiam
928 2564 1055 2608 non
1100 2547 1354 2620 habere,
1397 2566 1537 2630 quoe
1581 2548 1875 2610 haeretica

377 2653 470 2705 est
518 2651 581 2705 et
634 2644 883 2705 veritati
943 2645 1283 2726 Scripturae
1342 2646 1675 2719 contraria,
1726 2653 1873 2707 sunt

377 2743 646 2804 diversa*
693 2742 1027 2823 opiniones
1078 2745 1154 2805 de
1202 2745 1390 2806 modo
1440 2763 1566 2826 quo
1612 2744 1873 2824 angelus

378 2841 728 2921 singularia
781 2841 977 2903 novit.
1030 2841 1294 2915 Quidam
1343 2843 1578 2905 etenim
1628 2843 1870 2916 dicunt,

377 2940 547 3021 quod
604 2939 815 3019 angeli
875 2959 988 3021 per
1049 2939 1283 3003 formas
1347 2940 1591 3003 innatas
1651 2961 1875 3022 cogno-

1986 1962 2160 2023 cicns
2196 1979 2210 2022 :
2246 1961 2394 2043 quia
2436 1962 2568 2023 haec
2598 1961 2940 2042 applicatio
2967 1965 3074 2022 aut
3105 1967 3198 2022 est
3231 1960 3308 2021 ad
3349 1958 3476 2020 sin-

1985 2061 2202 2140 gulare
2233 2061 2400 2141 quod
2433 2067 2528 2120 est
2562 2058 2624 2120 in
2659 2058 2982 2119 intellectu
3013 2057 3476 2138 angeli,sicque

1986 2165 2372 2239 supponeret
2423 2158 2538 2218 ista
2596 2156 2812 2238 opinio
2864 2156 2924 2216 id
2984 2155 3061 2216 de
3111 2173 3238 2236 quo
3296 2153 3478 2216 dubi·

1985 2263 2174 2328 tatur,
2210 2263 2428 2336 utpote
2471 2254 2814 2334 singularia
2857 2272 2996 2316 esse
3040 2253 3105 2314 in
3150 2253 3475 2314 intellectu

1983 2354 2230 2436 angeli3
2279 2355 2378 2416 vel
2429 2355 2506 2417 ad
2554 2354 2872 2434 singulare
2921 2353 3087 2434 quod
3133 2359 3228 2414 est
3271 2351 3335 2412 in
3385 2370 3472 2423 re,

1986 2462 2174 2534 prout
2221 2453 2516 2514 videntur
2565 2451 2914 2524 intendere,
2957 2457 3026 2512 ut
3069 2450 3122 2511 si
3169 2449 3275 2511 lux
3324 2449 3476 2511 solis

1983 2558 2148 2613 esset
2208 2552 2588 2631 intelligenS,
2641 2550 3022 2630 intelligeret
3079 2566 3342 2629 corpora
3396 2547 3473 2608 ad

1986 2669 2125 2730 quae
2174 2649 2275 2710 sui
2322 2648 2478 2710 radii
2528 2647 2947 2729 applicantur.
3002 2647 3122 2709 Sed
3169 2647 3290 2708 hoc
3336 2664 3476 2708 esse

1986 2764 2111 2807 non
2162 2747 2346 2808 valet.
2401 2746 2605 2818 Quum
2658 2747 2830 2808 enim
2891 2744 3166 2825 cognitio
3223 2762 3347 2806 non
3397 2744 3478 2805 sit

1986 2844 2106 2905 nisi
2148 2844 2500 2906 secundum
2539 2843 3086 2915 assimilationem,
3122 2841 3481 2922 impossibi-

1987 2943 2043 3004 le
2088 2951 2183 3005 est
2224 2944 2390 3024 quod
2439 2942 2715 3022 cognitio
2760 2961 2826 3004 se
2871 2942 3166 3004 extendat
3211 2941 3374 3001 ultra
3417 2940 3478 3001 id

376 3045 561 3099 scunt
622 3056 843 3098 causas
904 3037 1315 3109 universaleS‚
1379 3040 1487 3100 sed
1547 3058 1623 3100 ex
1684 3040 1873 3100 rebus
1910 3041 2051 3109 Cin
2102 3060 2231 3122 quo
2279 3050 2375 3102 est
2421 3040 2811 3102 assimilatio.
2861 3039 2924 3102 Si
2974 3057 3124 3119 ergo
3173 3039 3280 3100 lux
3329 3037 3478 3100 solis

378 3135 531 3217 ipsis
573 3135 903 3216 accipiunt.
935 3135 1102 3196 unde
1135 3136 1479 3216 singularia
1510 3155 1587 3198 ex
1624 3137 1872 3199 univer-

376 3234 617 3296 salibus
669 3233 877 3296 causis
935 3235 1241 3316 producta
1289 3243 1693 3315 cognoscunt.
1748 3236 1874 3296 Hoc

376 3341 589 3393 autem
624 3350 751 3394 non
783 3332 1037 3393 videtur
1067 3332 1471 3395 conveniens
1497 3333 1670 3405 Quod
1706 3353 1877 3394 nam-

377 3449 499 3510 que
536 3437 877 3511 acceptum
918 3437 1013 3492 est
1051 3450 1086 3492 a
1128 3451 1194 3492 re
1235 3431 1562 3511 singulari,
1596 3449 1723 3493 non
1763 3432 1876 3492 du-

378 3527 461 3589 cit
492 3527 559 3589 in
594 3527 1024 3608 cognitionem
1065 3528 1519 3608 singularitatis
1554 3529 1717 3608 ejuS,
1752 3529 1875 3590 nisi

378 3626 685 3708 quamdiu
728 3632 1059 3686 servantur
1098 3626 1165 3688 in
1199 3644 1275 3687 eo
1314 3626 1707 3689 conditiones
1750 3645 1877 3688 ma-

378 3723 633 3785 teriales
665 3722 1135 3785 individuantes
1168 3723 1325 3785 illud
1360 3741 1373 3784 :
1409 3725 1576 3805 quod
1612 3743 1735 3787 non
1772 3743 1877 3806 po-

380 3829 496 3883 test
540 3839 685 3883 esse
728 3820 851 3882 nisi
896 3821 1107 3902 specie
1153 3821 1495 3884 exsistente
1539 3822 1602 3883 in
1643 3839 1878 3902 organo

378 3919 715 4002 corporali,
767 3929 837 3979 ut
890 3919 952 3980 in
1013 3937 1204 3980 sensu
1262 3927 1323 3980 et
1383 3919 1874 4000 imaginatione3

377 4036 709 4099 quumque.
756 4017 963 4097 angeli
1012 4035 1246 4097 organo
1296 4025 1547 4080 careant
1592 4036 1879 4101 corpora-

382 4117 444 4190 li,
485 4115 742 4177 etiamsi
793 4115 1039 4196 species
1086 4134 1123 4175 a
1173 4115 1361 4177 rebus
1415 4116 1873 4190 abstraherent,

1985 3140 2085 3201 vel
2118 3139 2478 3201 intellectus
2508 3138 2714 3219 angeli
2745 3137 3136 3200 assimilatur
3165 3136 3254 3198 rei
3287 3155 3477 3217 quam

1986 3237 2264 3309 irradiat,
2307 3237 2426 3298 hoc
2472 3256 2596 3299 non
2650 3244 2855 3317 potest
2897 3255 3035 3298 esse
3087 3234 3206 3296 nisi
3254 3234 3352 3295 vel
3400 3253 3478 3296 ex

1984 3353 2059 3396 eo
2106 3337 2276 3416 quod
2335 3335 2492 3396 illud
2541 3334 2708 3416 quod
2760 3341 2855 3395 est
2905 3335 2992 3394 rei
3054 3333 3361 3414 recipitur
3410 3333 3476 3394 in

1986 3433 2312 3495 intellectu
2344 3441 2452 3493 aut
2483 3433 2548 3494 in
2582 3433 2722 3494 luce
2754 3431 2926 3505 soliS,
2951 3440 3012 3494 et
3042 3431 3162 3493 hoc
3197 3431 3315 3512 ipsi
3349 3448 3475 3493 non

1984 3539 2251 3613 ponunt,
2287 3531 2438 3612 quia
2476 3531 2708 3592 rediret
2739 3531 2944 3612 prima
2981 3530 3234 3611 opini03
3269 3529 3367 3590 vel
3400 3549 3476 3591 ex

1984 3647 2059 3692 eo
2089 3629 2258 3710 quod
2288 3648 2324 3689 a
2354 3629 2485 3690 sole
2526 3628 2768 3709 aliquid
2811 3628 2980 3689 circa
3021 3647 3152 3688 rem
3195 3627 3475 3709 ponitur,

1984 3735 2047 3788 et
2095 3727 2188 3788 sic
2243 3745 2368 3788 non
2430 3733 2832 3806 cognosceret
2883 3726 2960 3787 de
3012 3744 3077 3786 re
3127 3725 3250 3787 nisi
3309 3725 3478 3806 quod

1986 3826 2154 3886 circa
2195 3843 2334 3887 eam
2376 3825 2576 3906 ponit,
2611 3824 2775 3886 sicut
2806 3823 2898 3885 sol
2941 3831 3347 3903 cognosceret
3377 3843 3482 3884 na-

1986 3931 2194 3984 turam
2255 3922 2539 3997 luminiS,
2600 3940 2727 3984 non
2788 3922 3108 4003 propriam
3171 3921 3479 3983 rationem

1984 4021 2179 4101 hujus
2211 4021 2309 4082 vel
2345 4021 2515 4083 illius
2546 4019 2796 4093 coloriS,
2831 4039 2970 4100 quae
3001 4026 3097 4080 est
3125 4038 3201 4081 ex
3233 4019 3482 4080 diversa

1986 4118 2434 4199 recipientium
2468 4117 2874 4198 proportione
2909 4134 2922 4177 :
2958 4123 3020 4178 et
3051 4116 3346 4178 similiter
3375 4135 3481 4178 an-

380 4233 502 4276 non
544 4220 807 4295 possent
838 4232 950 4294 per
981 4212 1348 4293 hujusmodi
1390 4215 1634 4295 species
1666 4215 1877 4296 singu·
1906 4217 1955 4277 D
1984 4217 2163 4298 gelus
2215 4235 2327 4298 per
2374 4215 2742 4295 hujusmodi
2800 4214 3291 4296 applicationem
3349 4231 3476 4276 non

380 4312 605 4373 larium
660 4311 1089 4390 cognitionem
1139 4311 1389 4373 habere.
1436 4347 1517 4358 -—
1560 4312 1719 4374 Hinc
1766 4314 1874 4376 alii

378 4410 865 4491 responderunt,
919 4409 1088 4490 quod
1138 4409 1352 4471 omnia
1403 4409 1750 4490 singularia
1797 4432 1871 4474 ex

377 4508 585 4570 causis
646 4507 1115 4569 universalibus
1161 4508 1465 4570 ordinatis
1526 4509 1591 4570 in
1650 4518 1873 4572 natura

378 4607 693 4688 prodeunt
742 4606 840 4667 vel
902 4606 1375 4687 producuntur3
1426 4627 1753 4690 quumque
1809 4609 1871 4671 in

374 4705 599 4786 angelo
644 4705 773 4766 sint
813 4703 1032 4767 formae
1072 4705 1311 4767 ordinis
1356 4723 1689 4768 causarum
1738 4708 1874 4769 uni-

378 4805 563 4877 versi,
620 4823 735 4885 per
785 4803 1151 4882 hujusmodi
1206 4803 1438 4865 formas
1486 4805 1700 4867 omnia
1750 4807 1874 4868 sin-

374 4901 617 4982 gularia
666 4917 1044 4979 cognoscere
1093 4901 1273 4962 valet.
1320 4902 1395 4963 Et
1443 4901 1577 4966 haec
1622 4904 1873 4966 videtur

379 5000 605 5080 positio
648 4999 1007 5060 Avicennae.
1042 4997 1177 5060 Non
1225 5007 1433 5062 tamen
1477 5001 1729 5064 videtur
1777 5023 1869 5065 se-

378 5097 655 5158 cundum
701 5095 896 5158 fidem
936 5103 1215 5159 nostram
1256 5098 1579 5172 sufficere,
1616 5100 1765 5180 quia
1804 5101 1869 5161 in

378 5196 583 5256 causis
634 5194 1103 5256 universalibus
1148 5213 1271 5258 non
1318 5197 1718 5278 cognoscitur
1759 5198 1869 5259 ali-

378 5293 527 5375 quid
577 5295 931 5357 secundum
982 5294 1376 5357 conditiones
1430 5296 1866 5359 individuale-S.

1984 4315 2244 4376 haberet
2287 4314 2364 4375 de
2414 4311 2603 4375 rebus
2653 4314 2972 4394 propriam
3024 4313 3474 4393 cognitionem,

1984 4433 2182 4494 quum
2230 4412 2550 4495 propriam
2595 4419 2884 4473 naturam
2930 4411 3118 4474 rebus
3162 4430 3285 4474 non
3328 4429 3475 4474 con-

1982 4511 2159 4573 serat.
2189 4547 2268 4556 —
2299 4511 2420 4572 Alii
2466 4511 2706 4584 dicunt,
2748 4511 2915 4591 quod
2959 4530 3034 4572 ex
3085 4511 3478 4592 conjunctio-

1982 4629 2061 4672 ne
2094 4609 2552 4672 universalium
2593 4628 2734 4691 quae
2774 4617 3180 4689 cognoscunt,
3216 4611 3478 4672 resultat

1983 4708 2260 4788 cognitio
2315 4708 2734 4788 particularis,
2781 4709 3132 4770 secundum
3180 4708 3348 4789 quod
3398 4728 3476 4770 ex

1982 4806 2276 4888 pluribus
2319 4805 2539 4868 formis
2583 4805 2975 4886 congregatis
3020 4806 3275 4868 resultat
3317 4806 3479 4868 acci-

1982 4905 2269 4967 dentium
2314 4906 2601 4986 quaedam
2647 4905 2935 4967 collectio
2978 4924 3170 4987 quam
3216 4923 3342 4967 non
3381 4913 3478 4968 est

1982 5003 2261 5084 reperire
2312 5003 2377 5064 in
2426 5003 2568 5065 alio.
2614 5004 2730 5066 Sed
2786 5023 2990 5086 neque
3039 5004 3158 5066 hoc
3205 5004 3472 5078 sufficit,

1981 5101 2285 5182 quoniam
2329 5101 2747 5164 individuatio
2791 5102 3008 5165 sormae
3048 5122 3174 5165 non
3215 5111 3307 5165 est
3349 5104 3474 5166 nisi

1980 5219 2057 5261 ex
2110 5199 2372 5260 materia
2422 5219 2435 5262 :
2494 5200 2728 5262 idcirco
2774 5208 3206 5283 quotcumque
3253 5202 3474 5265 formai

1982 5305 2420 5378 aggregentur,
2454 5317 2706 5382 sempe-r
2735 5307 3013 5364 remane-t
3047 5300 3336 5363 collectio
3367 5301 3474 5368 illa
