4334 6242
1261 494 1346 542 AN
1388 493 1688 542 nAEMoNsss
1731 494 2140 543 Plu-:NoscAN'r
2182 493 2441 552 FUTURA,
2482 492 2611 541 Em.

3364 468 3481 539 417

379 666 443 727 in
485 665 747 747 aliquod
793 665 1184 749 principium
1225 665 1517 744 coeleste3
1549 665 1659 727 sed
1709 664 1877 747 quod
1909 663 1958 726 Α
1991 664 2200 727 bolica
2242 664 2537 727 illusione
2582 664 2925 736 nascentia,
2959 670 3202 725 certum
3246 670 3343 725 est
3388 680 3485 726 ro-

377 763 540 843 ignis
589 764 1004 839 descendenS,
1054 763 1205 826 huic
1255 764 1532 826 materiae
1591 770 1881 825 occurrat

373 870 434 923 et
470 862 805 924 comburat
840 881 1004 936 eam,
1038 880 1166 923 non
1206 862 1397 924 habet
1435 861 1879 942 hujuscemodi

373 979 653 1034 causam,
687 980 806 1023 nec
845 978 1102 1023 causam
1147 960 1570 1023 necessariam
1615 978 1726 1021 seu
1767 978 1881 1041 per

372 1076 461 1132 se,
497 1059 612 1121 sed
655 1077 910 1121 causam
957 1077 1072 1140 per
1113 1058 1427 1120 accidens,

437 1156 744 1219 Praeterea
779 1155 930 1219 huic
965 1156 1267 1238 positioni
1301 1164 1362 1219 et
1396 1155 1583 1218 dictis
1620 1174 1698 1217 ex
1730 1155 1883 1218 Tho-

375 1272 479 1317 ma
506 1262 572 1316 et
602 1254 894 1317 Udalrico
937 1255 1277 1317 concordat
1303 1254 1760 1317 Bonaventurae
1789 1272 1883 1315 re-

375 1352 654 1435 sponsio,
692 1352 766 1414 Et
805 1353 982 1415 addit
1016 1370 1030 1415 :
1063 1353 1220 1427 Quia
1260 1352 1539 1433 cognitio
1579 1359 1882 1415 creaturae

376 1452 694 1533 dependet
720 1470 798 1513 ex
831 1470 931 1531 re3
962 1452 1116 1516 dum
1160 1470 1260 1514 res
1302 1452 1545 1513 incerta
1581 1458 1678 1513 est
1716 1450 1783 1512 in
1815 1468 1881 1513 se

377 1559 439 1613 et
471 1551 537 1612 in
568 1570 686 1612 sua
724 1569 935 1625 causa,
971 1568 1096 1613 non
1129 1557 1338 1633 potest
1375 1557 1664 1612 creatura
1698 1549 1882 1611 certi-

377 1648 748 1711 tudinaliter
779 1648 955 1711 illam
986 1667 1380 1731 praenoscere
1409 1648 1533 1710 nisi
1563 1666 1680 1729 per
1708 1666 1884 1711 reve-

378 1747 681 1810 lationem
713 1764 726 1808 :
763 1747 905 1809 ideo
941 1746 1350 1830 praecognitio
1387 1746 1612 1808 talium
1652 1753 1747 1807 est
1779 1746 1884 1807 vel

1992 763 2164 825 boris
2216 782 2354 825 esse
2414 764 2675 825 nulliuS.
2729 762 2847 826 Sed
2908 763 3154 826 somnia
3211 781 3353 843 quae
3408 762 3488 824 ab

1991 861 2231 942 angelis
2282 845 2467 924 honis
2516 870 2666 923 sunt
2714 869 2823 923 aut
2870 881 2907 923 a
2954 862 3103 935 Deo,
3147 868 3297 923 sunt
3344 880 3494 923 vcra

1991 961 2172 1041 signa
2203 960 2267 1022 in
2300 960 2484 1022 nobis
2514 979 2729 1022 rerum
2761 960 3015 1022 illarum
3047 960 3125 1022 ad
3156 978 3313 1041 quas
3346 978 3498 1041 prae-

1993 1058 2331 1138 signandas
2361 1066 2472 1120 aut
2509 1058 2931 1121 ostendendas
2970 1057 3372 1120 exhibentur.
3407 1058 3500 1120 Id·

1992 1156 2163 1219 circo
2192 1175 2270 1219 ex
2300 1157 2420 1219 hoc
2449 1175 2577 1219 non
2608 1156 2873 1219 habetur
2901 1157 3061 1239 quod
3092 1156 3499 1239 praecognitio

1994 1256 2499 1338 contingentium
2545 1257 2909 1319 futurorum
2957 1255 3144 1318 aliter
3189 1254 3498 1318 habeatur

1992 1373 2186 1436 quam
2236 1374 2272 1417 a
2318 1355 2466 1429 Deo,
2511 1354 2635 1416 nisi
2684 1372 2800 1436 per
2844 1354 3123 1437 aliquam
3174 1353 3495 1434 conjectu-

1994 1472 2148 1514 ram.
2184 1452 2328 1517 Haec
2367 1454 2825 1516 Bonavcntura.
2861 1452 3103 1526 Quibus
3141 1451 3498 1515 Alexander

1994 1551 2353 1613 concordat.

2077 1648 2409 1711 Durandus
2440 1666 2697 1731 quoque
2726 1655 3030 1712 consonat
3061 1648 3493 1731 praeinductiS‚

1997 1746 2122 1809 nisi
2151 1748 2320 1829 quod
2353 1748 2734 1811 concordare
2764 1748 3018 1810 videtur
3047 1748 3341 1811 secundae
3370 1748 3500 1829 opi·

375 1844 487 1907 Dei
536 1846 637 1908 vel
691 1864 727 1907 a
774 1845 920 1907 Deo.
961 1844 1038 1907 Et
1085 1845 1386 1927 quoniam
1437 1844 1881 1926 superbissimi
1919 1846 1966 1909 B
1997 1846 2175 1909 nioni
2207 1864 2285 1908 ex
2326 1846 2636 1909 Richardo
2663 1846 2797 1927 jam
2837 1846 3114 1910 recitatae
3144 1847 3222 1909 de
3260 1864 3497 1929 praeco-

375 1944 696 2007 daemones
741 1943 1018 2005 maxime
1050 1942 1412 2005 desiderant
1441 1942 1566 2004 sibi
1598 1942 1881 2025 impendi

373 2042 670 2103 divinum
702 2043 1032 2115 honorem,
1066 2040 1342 2103 maxime
1382 2041 1639 2103 student
1676 2047 1883 2103 osten-

378 2149 508 2205 tare
558 2161 627 2205 sc
679 2142 789 2205 illa
838 2142 1154 2225 praescire.
1197 2140 1651 2204 Verumtamen
1699 2158 1886 2202 even-

375 2250 514 2303 tum
545 2239 838 2303 futurum
869 2241 1085 2323 aliquo
1129 2240 1316 2303 modo
1353 2240 1790 2323 praesentiunt‚
1823 2246 1886 2301 et

376 2339 748 2421 frequenter
797 2358 945 2401 vera
997 2337 1352 2421 praedicunt
1396 2356 1409 2399 ε
1458 2346 1519 2400 et
1567 2337 1688 2399 hoc
1737 2356 1887 2418 qua-

377 2438 776 2520 drupliciter,
810 2438 1164 2500 secundum
1197 2436 1625 2517 Augustinum
1665 2454 1887 2498 secun·

377 2536 460 2598 do
489 2554 685 2618 super
715 2535 1014 2599 Genesim
1043 2535 1120 2596 ad
1154 2535 1449 2595 litteram.
1480 2534 1710 2608 Primo,
1734 2534 1887 2596 acri—

378 2634 595 2697 monia
637 2634 737 2695 sui
783 2652 1007 2695 sensus
1049 2640 1239 2714 atque
1288 2632 1528 2713 ingenii
1563 2650 1576 2694 :
1612 2640 1683 2693 ut
1731 2632 1885 2694 dum

375 2734 718 2813 diligenter
767 2730 1169 2795 considerant
1215 2731 1294 2793 ad
1338 2731 1494 2812 quid
1542 2730 1888 2793 inclinetur

376 2839 594 2894 nostra
651 2829 932 2904 affectio,
982 2830 1085 2891 vel
1138 2849 1280 2911 quae
1323 2830 1461 2891 sint
1521 2829 1888 2891 inducentia

375 2938 486 2992 aut
531 2928 936 2992 retrahentia.
972 2928 1284 3003 Secund0‚
1319 2928 1520 2990 multa
1560 2928 1888 3009 experien-

1995 1944 2279 2025 gnitione
2320 1945 2682 2008 daemonum
2724 1945 2893 2007 circa
2923 1945 3351 2026 cognitionem
3391 1964 3497 2007 na-

1997 2043 2301 2105 turalium
2344 2044 2766 2125 quorumdam
2810 2043 3185 2117 effectuum,
3219 2062 3495 2125 quorum

1995 2160 2201 2205 causae
2246 2149 2514 2223 possunt
2554 2142 2896 2224 aliquando
2944 2142 3261 2224 impediri.

2074 2239 2611 2304 Antisiodorcnsis
2650 2242 2843 2303 ctiam
2878 2249 3111 2323 quarto
3150 2260 3280 2304 suae
3319 2242 3499 2304 Sum-

1995 2357 2116 2400 mae
2146 2338 2312 2401 libro
2342 2339 2657 2402 consentit
2691 2339 3077 2421 praehabitis.
3113 2340 3189 2401 Et
3225 2340 3499 2421 qualiter

1994 2437 2315 2499 daemones
2383 2438 2511 2500 sint
2582 2437 2973 2500 immissores
3041 2438 3496 2518 cogitationum

1997 2535 2331 2609 malarum,
2395 2536 2603 2617 angeli
2668 2554 2818 2598 vero
2882 2535 3216 2610 bonarum,
3278 2536 3498 2617 expla-

1996 2652 2154 2696 nans
2201 2651 2214 2695 :
2258 2634 2516 2709 Revera,
2560 2634 2789 2719 inquit,
2835 2634 3127 2696 diabolus
3174 2634 3499 2697 immissor

1996 2740 2094 2794 est
2152 2732 2629 2814 cogitationum.
2694 2732 2923 2807 Primo,
2977 2750 3092 2814 per
3147 2732 3269 2795 hoc
3326 2732 3497 2814 quod

1998 2830 2308 2911 imagines
2349 2850 2562 2893 rerum
2603 2830 3006 2893 sensibilium
3042 2830 3495 2893 delectantium

1999 2928 2316 3011 imprimit
2364 2929 2787 2991 instrumento
2834 2948 2945 2991 seu
2998 2946 3233 3010 organo
3281 2929 3501 3009 imagi—

377 3028 466 3089 tia
497 3034 858 3109 temporum
896 3044 909 3087 τ
947 3026 1098 3108 quia
1135 3044 1213 3088 ex
1254 3025 1488 3087 talibus
1529 3026 1762 3108 saepius
1795 3026 1884 3088 vi·
1923 3030 1966 3093 C
1997 3026 2306 3105 nationis;
2339 3026 2641 3108 quoniam
2677 3028 2821 3089 data
2857 3034 2953 3088 est
2981 3027 3040 3089 ei
3074 3034 3349 3109 potestas
3385 3028 3499 3089 im·

377 3127 471 3188 dit
520 3126 770 3189 daemon
823 3125 1110 3187 accidere
1171 3124 1339 3187 talia.
1388 3124 1620 3197 Tertio,
1670 3123 1887 3187 dolosa

379 3224 630 3286 cautela
665 3240 679 3285 ε
713 3228 784 3285 ut
814 3222 1070 3304 quando
1099 3222 1398 3305 proponit
1438 3220 1680 3303 aliquid
1720 3220 1885 3282 face-

380 3340 471 3396 re,
505 3331 568 3385 et
600 3321 891 3405 praedicit
921 3321 1044 3383 tale
1075 3320 1232 3402 quid
1263 3328 1663 3383 eventurum.
1699 3318 1888 3391 Quar-

380 3429 466 3494 to,
489 3419 702 3482 aliena
726 3419 1014 3482 doctrina
1049 3437 1062 3481 :
1099 3427 1167 3481 ut
1198 3420 1352 3481 dum
1381 3418 1555 3499 justo
1587 3418 1698 3479 Dei
1725 3417 1890 3497 judi-

379 3520 478 3582 cio
529 3517 922 3601 permittitur
963 3517 1044 3579 ab
1086 3517 1326 3597 angelis
1370 3517 1635 3579 discere.
1670 3516 1887 3598 Itaque

380 3619 702 3683 daemones
746 3616 1040 3699 quamvis
1089 3615 1337 3698 possint
1385 3615 1600 3677 futura
1647 3616 1890 3678 contin-

378 3718 596 3800 gentia
653 3715 1070 3799 probabiliter
1129 3715 1517 3796 praesentire,
1571 3733 1699 3777 non
1749 3732 1888 3797 pos-

380 3824 530 3879 sunt
579 3824 791 3877 tamen
851 3812 1382 3876 certitudinaliter
1431 3814 1726 3895 praescire
1777 3822 1887 3876 aut

380 3913 832 3997 praenuntiare.
881 3947 962 3957 -—
1011 3912 1098 3973 Dc
1156 3912 1422 3974 somniis
1476 3929 1628 3974 vero
1685 3911 1888 3973 scien-

382 4014 560 4087 dum,
594 4011 766 4093 quod
806 4011 1092 4093 quinque
1123 4010 1200 4071 de
1242 4010 1450 4073 causis
1487 4008 1678 4083 fiunt,
1713 4010 1886 4073 vide-

381 4111 554 4185 licet,
595 4128 674 4173 ex
719 4108 1136 4191 dispositione
1183 4108 1488 4191 corporiS‚
1531 4127 1608 4170 ex
1658 4108 1889 4171 sollici-

2000 3124 2310 3187 miscendi
2360 3144 2429 3187 se
2478 3125 2732 3208 spiritui
2782 3123 3093 3199 sensibili,
3145 3133 3210 3187 et
3267 3126 3499 3188 immu-

1998 3224 2170 3285 tandi
2203 3223 2416 3305 ipsum
2448 3223 2850 3305 quandoque,
2885 3223 3050 3285 sicut
3081 3224 3495 3305 permittitur,

1997 3320 2384 3401 imaginibus
2432 3320 2910 3383 delectabilium
2962 3339 3177 3383 rerum
3218 3338 3233 3383 :
3278 3322 3497 3404 sicque

1997 3418 2288 3480 immittit
2350 3419 2758 3499 cogitationes
2822 3437 3035 3481 rerum
3100 3419 3494 3500 hujusmodi,

1998 3517 2537 3599 quemadmodum
2596 3516 2829 3599 aliquis
2889 3536 3132 3600 ponens
3190 3525 3335 3580 ante
3394 3536 3497 3581 me

1998 3615 2334 3696 speculum
2391 3613 2671 3697 aliquod,
2726 3614 3015 3677 immittit
3076 3615 3232 3678 mihi
3285 3615 3498 3678 visum

1999 3713 2090 3775 rei
2123 3714 2189 3774 in
2220 3712 2482 3795 speculo
2512 3712 2875 3774 relucentis.
2899 3714 3030 3776 Scit
3060 3732 3335 3795 namque
3366 3714 3499 3776 dia-

1999 3812 2207 3887 boluS,
2240 3811 2411 3894 quod
2450 3810 2825 3874 delectabile
2863 3813 3337 3894 apprehensum
3370 3832 3501 3876 mo-

1997 3918 2103 3972 vet
2155 3928 2169 3972 2
2224 3910 2365 3972 ideo
2426 3909 2713 3971 immittit
2776 3912 3349 3992 apprehensionem
3406 3911 3498 3975 rei

1998 4009 2414 4083 delectabiliS,
2471 4016 2539 4071 ut
2600 4017 2849 4072 moveat
2903 4010 2981 4072 ad
3038 4010 3498 4093 appetitionem

1997 4108 2441 4170 inordinatam.
2478 4107 2708 4190 Sicque
2752 4116 2959 4190 potest
3005 4108 3351 4172 immittere
3400 4129 3499 4173 co-

383 4209 606 4273 tudine
659 4208 912 4283 mentiS,
958 4226 1038 4270 ex
1086 4206 1383 4269 illusione
1431 4206 1765 4282 diabolica,
1809 4226 1888 4270 ex
1917 4218 1967 4280 D
1995 4206 2367 4289 gitationem
2398 4206 2570 4269 mali.
2604 4206 2739 4268 Non
2771 4214 2985 4269 tamen
3016 4214 3223 4289 potest
3264 4207 3499 4271 immit-

383 4309 771 4371 revelatione
801 4305 1108 4388 angelica,
1141 4324 1218 4367 ex
1251 4305 1612 4367 visitatione
1647 4305 1882 4368 divina.

383 4407 594 4471 Prima
643 4406 769 4468 duo
812 4404 1061 4467 somnia
1102 4411 1252 4466 sunt
1294 4404 1600 4485 praesagia
1644 4403 1886 4467 futuro-

385 4525 532 4569 rum
582 4524 726 4587 quae
767 4522 1022 4567 causam
1066 4503 1302 4565 habent
1353 4502 1418 4564 in
1467 4502 1653 4566 nobis
1689 4520 1703 4564 :
1740 4522 1886 4565 nam

383 4623 529 4686 quae
577 4601 957 4684 contingunt
1002 4620 1078 4663 ex
1123 4602 1540 4683 dispositione
1579 4602 1882 4683 corporiS,

382 4703 566 4783 signa
613 4708 764 4763 sunt
815 4700 1246 4778 infirmitatis3
1287 4719 1430 4781 quae
1473 4708 1687 4762 autem
1727 4702 1888 4762 acci-

381 4803 545 4865 dunt
593 4820 672 4863 ex
722 4800 1154 4863 sollicitudine
1205 4800 1458 4873 mentiS,
1511 4806 1660 4862 sunt
1709 4799 1889 4881 signa

383 4918 608 4963 eorum
659 4900 739 4961 ad
788 4918 929 4981 quae
985 4897 1274 4959 facienda
1321 4898 1422 4959 vel
1475 4898 1888 4961 desideranda

386 4999 736 5061 inclinatur
792 4997 1052 5059 affectio
1109 5004 1341 5059 nostra.
1394 4995 1681 5059 Aliorum
1739 5015 1890 5060 vero

389 5115 518 5159 non
549 5105 700 5159 sunt
738 5096 918 5177 signa
959 5096 1036 5157 de
1076 5114 1144 5159 se
1179 5112 1192 5157 :
1228 5095 1358 5161 imo
1397 5094 1449 5157 si
1489 5094 1892 5177 applicentur

389 5196 471 5259 ad
499 5195 640 5271 alia,
655 5195 868 5278 potius
899 5193 1184 5276 praebent
1211 5194 1607 5256 occasionem
1639 5192 1891 5255 errandi

395 5313 588 5378 quam
629 5293 1024 5378 praesciendi.
1059 5292 1321 5357 Somnia
1356 5293 1616 5355 demum
1653 5310 1731 5353 ex
1762 5291 1894 5353 dia-

646 5427 712 5483 T.
746 5428 826 5481 21.

1998 4315 2130 4368 tere
2182 4304 2626 4387 cogitationem
2677 4305 2909 4367 malam
2956 4325 3099 4387 quae
3146 4307 3230 4369 sit
3276 4326 3497 4390 pecca-

2001 4412 2136 4467 tum
2184 4422 2197 4466 :
2241 4423 2383 4485 quae
2430 4410 2526 4465 est
2574 4402 2740 4465 mala
2788 4403 3101 4480 voluntaS,
3142 4406 3496 4469 secundum

1999 4504 2169 4586 quod
2202 4503 2455 4575 dicitur,
2489 4501 2749 4565 Peccavi
2782 4502 3178 4582 cogitatione.
3214 4504 3358 4567 Ideo
3391 4505 3499 4567 be-

1998 4621 2080 4665 ne
2119 4602 2275 4663 dicit
2311 4601 2497 4673 Beda,
2531 4601 2700 4682 quod
2744 4620 2872 4664 non
2912 4610 3009 4663 est
3046 4602 3369 4666 immissor
3400 4623 3497 4667 co-

1997 4701 2379 4782 gitationum
2424 4700 2755 4774 malarum,
2800 4700 2863 4761 id
2902 4708 2997 4762 est
3040 4701 3347 4763 malarum
3389 4721 3499 4765 vo·

2000 4801 2340 4873 luntatum,
2383 4799 2535 4882 quia
2581 4818 2685 4863 eas
2737 4801 2992 4882 proprie
3036 4819 3164 4863 non
3207 4802 3498 4864 immittit

2001 4898 2125 4960 nisi
2176 4917 2290 4980 per
2336 4898 2768 4979 operationem
2817 4899 3055 4960 virium
3113 4909 3491 4963 nostrarum.

1999 4996 2127 5058 Nec
2166 4996 2341 5057 enim
2379 4996 2803 5077 apprehensio
2831 4997 3224 5060 delectabilis
3266 4999 3497 5061 malam

2004 5094 2167 5176 parit
2206 5094 2578 5156 volitionem
2618 5102 2919 5176 tanquam
2959 5097 3315 5159 necessaria
3352 5116 3498 5159 cau-

2003 5212 2092 5266 sa,
2143 5192 2254 5254 sed
2312 5199 2615 5275 tanquam
2675 5194 2923 5256 occasio
2973 5201 3082 5256 aut
3140 5214 3330 5258 causa
3385 5214 3498 5258 vo-

2008 5292 2299 5354 luntaria.
2352 5324 2433 5337 -
2478 5291 2619 5354 Alio
2677 5292 2864 5355 modo
2928 5292 3215 5355 immittit
3275 5293 3496 5357 diabo-

3184 5427 3243 5483 2?
