4334 6242
563 978 681 1022 Dan.
695 981 810 1030 x,l3·‚

549 1043 619 1086 2⁰.

604 1566 711 1611 Luc.
742 1581 771 1611 ι.

595 2159 656 2204 De
693 2161 805 2205 Becl.

543 2223 652 2267 hier.
675 2237 714 2268 c.
738 2239 777 2268 v.

557 3531 618 3575 De
632 3531 805 3576 Coelcst.

543 3595 650 3638 hier.
667 3609 706 3640 e.
719 3609 807 3646 vui,

543 3671 599 3702 ix.

839 477 962 546 488

1506 500 1572 547 IN
1610 501 1833 547 LIBRUM
1875 502 1920 547 11
1962 501 2446 549 smssmlanmt.
2490 519 2572 530 -
2612 502 2767 547 nls'r.
2810 501 2913 564 113
2957 501 3181 558 QUAEST.
3224 501 3293 548 111

841 669 918 732 ad
967 669 1294 734 hominem
1347 690 1568 734 unum.
1614 672 1680 735 Si
1720 673 1799 734 ad
1844 692 2035 735 unam
2086 673 2340 754 provin·
2367 671 2420 734 A
2450 691 2615 747 cere,
2650 673 2819 754 quod
2856 680 2954 735 est
2988 673 3346 751 Virtutum3
3376 681 3441 736 et
3476 672 3775 735 nuntiare
3816 691 3953 734 ma-

843 767 1032 842 ciam,
1065 768 1158 831 sic
1198 778 1294 832 est
1329 769 1807 852 principatuum
1849 771 2024 846 ordo,
2060 779 2130 833 ut
2167 771 2340 834 Prin-

843 883 992 948 ceps
1021 868 1375 942 Persarum,
1409 869 1518 950 qui
1551 877 1815 951 praeerat
1844 870 2069 942 PersiS,
2102 870 2181 932 (16
2211 889 2339 952 quo

841 963 1062 1027 Daniel
1111 965 1353 1028 scribit.
1398 967 1459 1029 Si
1493 985 1644 1030 vero
1681 967 1990 1030 limitetur
2018 969 2096 1030 ad
2135 969 2338 1031 homi-

841 1082 989 1126 nem
1031 1083 1253 1139 unum,
1285 1073 1394 1127 aut
1435 1074 1530 1130 est
1569 1067 1646 1128 de
1686 1067 1787 1128 his
1825 1086 1966 1149 quae
2005 1069 2082 1130 ad
2122 1068 2337 1150 ipsum

824 1162 1162 1244 pertinent
1211 1165 1443 1241 solum,
1484 1174 1548 1228 et
1601 1166 1688 1228 ita
1735 1173 1830 1228 est
1877 1167 2032 1229 ordo
2074 1167 2340 1248 Angelo-

840 1279 1023 1340 rum3
1063 1270 1173 1325 aut
1202 1263 1281 1325 de
1311 1264 1411 1325 his
1446 1283 1588 1346 quae
1619 1265 1939 1346 pertinent
1976 1265 2054 1327 ad
2093 1265 2334 1328 bonum

841 1359 1206 1434 multorum,
1223 1381 1364 1442 quae
1394 1381 1509 1444 per
1534 1370 1746 1425 actum
1779 1365 1970 1426 unius
2000 1364 2339 1446 explentur

840 1476 1148 1540 personae,
1181 1468 1243 1523 et
1286 1461 1364 1522 ad
1409 1460 1528 1522 hoc
1573 1469 1668 1522 est
1715 1461 1868 1524 ordo
1916 1461 2338 1542 Archangelo-

839 1558 1558 1638 rum‚quemadmodum
1585 1558 1858 1632 Gabriel,
1880 1561 1988 1642 qui
2021 1561 2338 1622 nuntiavit

839 1655 1234 1719 nativitatem
1289 1657 1519 1720 Christi
1574 1665 1762 1740 atque
1809 1659 2066 1721 ,loannis
2120 1676 2134 1720 :
2186 1659 2336 1721 hinc

837 1753 1140 1816 dicuntur
1167 1756 1462 1818 nunt-iare
1493 1756 2084 1836 majora—Verum
2119 1777 2337 1820 nume-

2446 771 2605 852 jora,
2629 771 2800 853 quod
2830 779 2927 834 est
2956 770 3531 853 Archangelorum3
3558 779 3622 834 et
3652 771 3951 834 nuntiare

2450 870 2719 944 minora,
2752 870 2920 952 quod
2951 877 3046 932 est
3075 870 3479 952 Angelorum.
3508 906 3589 916 —
3616 870 3761 932 Haec
3790 869 3955 932 'rho-

2450 987 2585 1030 mas
2628 968 2695 1031 in
2738 969 3004 1050 Scripto.

2528 1066 2833 1130 Praeterea
2878 1068 2955 1129 de
3000 1066 3372 1130 nominibus
3419 1085 3531 1130 seu
3580 1067 3953 1148 appellatio-

2447 1164 2639 1227 nibus
2688 1165 3079 1246 angelorum,
3132 1165 3357 1228 scribit
3406 1166 3643 1228 ibidem
3700 1185 3714 1230 :
3766 1165 3957 1228 Circa

2450 1263 2918 1327 nominationes
2988 1265 3288 1327 ordinum
3355 1273 3453 1327 est
3516 1265 3951 1347 pensandum,

2447 1361 2616 1443 quod
2674 1362 2840 1425 sicut
2888 1363 3329 1444 unusquisque
3387 1362 3543 1426 ordo
3588 1370 3685 1426 est
3730 1363 3951 1438 altior,

2448 1459 2535 1522 ita
2579 1460 2773 1522 etiam
2820 1479 2859 1522 a
2906 1460 3270 1543 perfectiori
3326 1461 3776 1524 denominatur
3820 1482 3835 1526 :
3878 1469 3957 1524 et

2447 1558 2741 1639 quamvis
2784 1577 2859 1621 ea
2896 1579 3038 1641 quae
3080 1567 3230 1621 sunt
3267 1560 3691 1642 superiorum,
3725 1560 3807 1622 ab
3850 1560 3955 1622 in-

2445 1655 2790 1719 ferioribus
2839 1658 3307 1739 quodammodo
3356 1659 3837 1741 participentur,
3880 1667 3955 1721 et

2448 1772 2589 1835 quae
2633 1754 3009 1817 inferiorum
3056 1763 3227 1830 sunt,
3260 1775 3298 1818 a
3340 1755 3775 1837 superioribus
3819 1757 3955 1819 vir-

838 1871 947 1914 rus
987 1870 1206 1914 eorum
1242 1855 1352 1936 qui
1395 1855 1457 1916 in
1502 1873 1885 1937 unoquoque
1925 1863 2072 1918 sunt
2111 1856 2333 1919 ordine
2370 1855 2418 1918 B
2448 1852 2703 1914 tualiter
2759 1851 3111 1915 habeantur
3147 1871 3164 1933 ;
3224 1872 3351 1916 non
3408 1862 3621 1917 tamen
3681 1855 3955 1917 nomina

839 1947 1090 2030 ignotus
1125 1958 1220 2012 est
1259 1951 1464 2014 nobis.

904 2048 973 2109 ln
1003 2048 1430 2112 ecclesiastica
1456 2068 1605 2113 vero
1635 2050 1992 2114 hierarchia
2020 2051 2335 2115 exsistunt

838 2153 1084 2208 tantum
1131 2154 1257 2208 tres
1300 2147 1578 2221 ordines„
1617 2156 1687 2210 ut
1730 2149 1788 2212 S.
1832 2149 2172 2232 Dionysius
2218 2158 2335 2212 tra-

834 2243 948 2306 dit.
982 2245 1099 2318 Qui
1144 2244 1625 2326 distinguuntur
1669 2248 2022 2310 secundum
2065 2255 2193 2311 tres
2236 2267 2334 2312 ac-

834 2341 1040 2404 tiones
1085 2342 1508 2406 hierarchicas
1553 2363 1567 2406 :
1609 2345 1912 2427 quoniam
1957 2345 2331 2409 inferiorum

837 2441 1276 2505 ministrorum
1308 2451 1404 2504 est
1434 2463 1726 2525 purgare,
1759 2446 2158 2509 sacerdotum
2195 2447 2335 2509 illu-

835 2540 1080 2603 minare
1140 2541 1375 2623 pariter
1431 2550 1494 2604 et
1541 2561 1830 2624 purgare,
1883 2544 2332 2626 episcoporum

834 2639 1164 2720 perficere.
1216 2639 1335 2702 Sed
1381 2639 1524 2702 talis
1573 2641 1900 2704 distinctio
1948 2659 2074 2704 non
2127 2651 2334 2725 potest

832 2737 898 2799 in
940 2737 1297 2800 hierarchia
1339 2757 1478 2801 esse
1523 2739 1788 2814 coelesti,
1834 2743 2134 2822 quoniam
2179 2743 2334 2806 ordo

832 2836 1143 2898 minimus
1173 2837 1541 2917 angelorum
1585 2840 1877 2920 superior
1905 2847 2001 2901 est
2033 2859 2333 2922 supremo

831 2942 1062 2997 nostrae
1120 2934 1492 2998 hierarchiae
1548 2935 1770 2998 ordine
1826 2954 1840 2998 :
1898 2938 2068 3000 unde
2124 2947 2335 3021 potest

832 3051 1125 3115 purgare,
1161 3033 1548 3108 illuminare,
1581 3042 1645 3096 et
1686 3035 1838 3098 item
1886 3037 2218 3118 perficere.

914 3130 977 3193 Si
1013 3139 1226 3194 autem
1267 3131 1366 3193 his
1396 3132 1760 3212 objiciatur,
1795 3135 1963 3216 quod
1995 3134 2332 3216 Gregorius

833 3228 1016 3310 ponit
1071 3229 1359 3291 ordinem
1408 3229 1728 3292 Virtutum
1791 3232 2072 3312 primum
2133 3235 2333 3298 tertiae

836 3327 1228 3401 hierarchiae,
1290 3327 1580 3390 ordinem
1641 3347 1792 3390 vero
1852 3329 2332 3412 principatuum

837 3425 1121 3487 medium
1172 3415 1541 3489 hierarchiae
1590 3427 1921 3507 secundae3
1964 3427 2186 3492 beatus
2229 3451 2333 3493 au-

837 3531 964 3586 tem
1017 3543 1089 3586 ac
1135 3524 1392 3587 divinus
1441 3525 1778 3608 Dionysius
1827 3544 2190 3591 econverso.
2235 3530 2334 3592 Di-

837 3623 1135 3697 cendum,
1187 3624 1357 3705 quod
1409 3623 1724 3686 ordinatio
1781 3625 1840 3686 S.
1896 3625 2179 3708 Dionysii
2238 3637 2334 3691 est

836 3721 1286 3794 rationabilior,
1300 3721 1445 3803 quia
1463 3721 1798 3803 distinguit
1817 3724 2152 3797 secundam
2174 3726 2335 3788 hier-

834 3819 1116 3881 archiam
1155 3839 1192 3881 a
1231 3819 1416 3881 tertia
1458 3838 1652 3901 penes
1693 3819 2052 3883 universale
2092 3831 2155 3883 et
2195 3842 2333 3904 par-

831 3915 1098 3979 ticulare
1133 3933 1146 3978 z
1175 3915 1324 3978 -ideo
1353 3917 1630 3978 Virtutes
1670 3918 1850 3998 ponit
1879 3918 1945 3980 in
1976 3918 2332 3983 hierarchia

832 4014 1130 4089 secunda,
1182 4014 1577 4096 principatus
1627 4015 1690 4076 in
1738 4016 1942 4078 tertia.
1993 4017 2331 4098 Gregorius

831 4130 983 4175 vero
1021 4131 1149 4175 non
1191 4112 1465 4174 multum
1508 4113 1780 4175 intendit
1819 4113 2074 4176 ordines
2108 4116 2331 4179 distin-

2446 1949 2681 2012 debent
2708 1969 2847 2013 esse
2878 1951 3164 2026 confusa,
3197 1951 3306 2014 sed
3338 1951 3654 2014 distincta.
3687 1952 3781 2015 Ad
3820 1952 3951 2016 1106

2394 2115 2411 2130 ,
2445 2049 2685 2131 quippe
2723 2050 2894 2130 quod
2932 2067 3164 2112 nomen
3208 2050 3466 2132 aliquod
3508 2051 3763 2133 proprie
3804 2071 3951 2114 rem

2445 2147 2753 2228 designet,
2800 2148 2926 2210 duo
2984 2149 3398 2229 requiruntur
3450 2167 3464 2212 ε
3517 2150 3823 2230 primum,
3870 2158 3951 2212 ut

2446 2246 2509 2308 id
2540 2247 2711 2328 quod
2750 2245 3151 2327 significatur
3190 2265 3304 2328 per
3343 2265 3601 2318 nomen,
3635 2248 3954 2312 habeatur

2444 2344 2726 2426 perfecte
2756 2346 3111 2407 secundum
3144 2353 3357 2408 actum
3389 2347 3820 2428 completum3
3850 2365 3953 2410 se-

2443 2443 2749 2516 cundum,
2785 2451 2855 2505 ut
2882 2443 2964 2504 sit
2997 2443 3221 2505 ultima
3248 2443 3388 2525 ejus
3421 2445 3765 2526 perfectio:
3790 2464 3952 2528 quo-

2443 2541 2615 2603 niam
2647 2542 2857 2604 omnis
2890 2542 3327 2605 denominatio
3354 2550 3452 2606 est
3481 2562 3516 2605 a
3547 2544 3749 2607 forma
3769 2545 3949 2626 (quae

2442 2640 2548 2701 dat
2576 2657 2715 2702 6336
2752 2647 2817 2701 61
2846 2647 2943 2702 est
2981 2640 3372 2721 principium
3413 2641 3829 2723 operationis)
3856 2651 3951 2706 at-

2443 2756 2568 2818 que
2606 2757 2643 2798 a
2681 2737 2975 2818 digniori.
3012 2737 3187 2800 Sicut
3228 2738 3293 2800 in
3338 2739 3597 2802 homine
3638 2748 3731 2802 est
3776 2760 3951 2822 quae—

2441 2834 2584 2897 dam
2628 2835 3029 2918 participatio
3060 2835 3453 2914 intellectus;
3486 2838 3597 2900 sed
3632 2838 3783 2920 quia
3814 2857 3947 2902 non

2442 2931 2633 2994 habet
2680 2941 2891 2994 actum
2945 2934 3204 3015 plenum
3254 2934 3673 3016 intelligendi,
3715 2937 3947 3018 quoni·

2370 3032 2413 3096 G
2443 3049 2545 3092 am
2582 3031 2721 3092 sine
2756 3031 3046 3093 discursu
3082 3039 3146 3094 et
3177 3031 3591 3114 inquisitione
3628 3032 3947 3116 intellige-

2444 3146 2512 3190 re
2553 3128 2797 3211 nequit,
2842 3129 3081 3192 idcirco
3122 3130 3187 3191 111
3232 3130 3454 3192 ordine
3495 3131 3945 3195 intellectuali·

2446 3246 2554 3289 um
2604 3227 3102 3290 substantiarum
3143 3247 3271 3292 non
3312 3230 3588 3311 ponitur.
3632 3230 3947 3293 Similiter

2444 3325 2733 3408 quamvis
2767 3325 2993 3388 habeat
3025 3346 3284 3389 sensum
3318 3327 3819 3410 completissime
3850 3349 3947 3392 re-

2444 3433 2666 3506 spectu
2718 3425 3092 3488 animalium
3145 3427 3586 3489 universorum
3640 3428 3943 3509 quoniam

2444 3531 2656 3586 tame-n
2718 3524 2953 3586 sentire
3015 3541 3142 3586 non
3201 3532 3298 3587 est
3354 3525 3577 3587 ultima
3632 3526 3945 3608 perfectio

2442 3620 2606 3700 ejuS,
2640 3639 2765 3684 non
2808 3621 3069 3703 ponitur
3101 3622 3167 3683 in
3199 3623 3422 3684 ordine
3461 3624 3938 3700 sensitivorum‚

2444 3719 2555 3780 sed
2600 3719 2664 3780 in
2709 3719 2931 3782 ordine
2974 3719 3377 3782 rationalium
3422 3740 3435 3784 :
3478 3722 3630 3802 quia
3676 3724 3941 3786 rationis

2442 3824 2655 3879 actum
2703 3816 2895 3879 habet
2943 3817 3247 3898 plenarie,
3294 3826 3518 3900 estque
3569 3829 3747 3883 actus
3795 3821 3937 3902 ejus

2444 3913 2507 3976 in
2545 3923 2855 3996 quantum
2895 3924 2987 3977 est
3028 3916 3238 3978 homo.
3282 3952 3361 3962 —
3400 3917 3765 3981 Secundum
3814 3920 3935 3983 1106

2443 4012 2611 4086 (1160,
2674 4013 2843 4094 quod
2906 4013 3145 4076 donum
3212 4015 3581 4095 angelorum
3650 4019 3934 4099 superio-

2441 4130 2584 4174 rum
2628 4120 2725 4174 est
2763 4112 2829 4173 in
2872 4111 3282 4176 inferioribus
3324 4115 3676 4178 secundum
3718 4136 3937 4198 quam-

831 4211 986 4272 ctim
1017 4230 1088 4273 ac
1122 4210 1376 4293 proprie
1406 4210 1714 4284 ordinare,
1732 4211 1841 4272 sed
1873 4213 2076 4293 potius
2107 4233 2329 4277 nume·
2361 4211 2410 4272 D
2442 4211 2585 4272 dam
2638 4211 3211 4292 participationem,
3254 4231 3382 4276 non
3432 4215 3785 4278 secundum
3834 4236 3933 4279 ac-

830 4328 988 4372 rare.
1021 4309 1235 4372 Nihilo
1281 4310 1494 4371 minus
1537 4310 1852 4372 ordinatio
1893 4310 2002 4372 illa
2045 4311 2327 4394 Gregorii

829 4407 1035 4490 accipi
1085 4415 1292 4489 potest
1339 4408 1689 4470 secundum
1738 4416 1916 4470 actus
1959 4411 2325 4486 exterioreS,

831 4515 894 4570 et
943 4507 1297 4569 secundum
1347 4506 1856 4569 conformitatem
1907 4508 1984 4570 ad
2035 4509 2328 4573 ecclesia-

830 4606 1057 4669 sticam
1105 4605 1550 4679 hierarchiam,
1602 4606 1667 4667 in
1717 4625 1844 4688 qua
1893 4607 2323 4688 praelationem

832 4703 1160 4777 habentes,
1202 4711 1352 4764 sunt
1397 4721 1590 4783 supra
1638 4702 1916 4784 privatas
1967 4723 2267 4786 personas
2308 4726 2321 4772 :

832 4801 974 4864 ideo
1024 4801 1088 4864 in
1139 4800 1416 4863 secunda
1474 4799 1829 4862 hierarchia
1876 4802 2124 4864 ordinat
2184 4804 2327 4868 illos

830 4918 1102 4982 quorum
1168 4900 1429 4962 nomina
1498 4898 1930 4980 praelationem
1994 4901 2327 4982 designant

829 5018 940 5062 seu
987 4999 1370 5080 praelationis
1413 4997 1729 5072 officium,
1773 5006 1990 5080 utpote
2037 5001 2326 5063 Domina-

826 5099 1054 5172 1101163,
1087 5097 1483 5178 Principatus
1523 5105 1585 5159 et
1615 5098 1996 5175 Potestates3
2034 5098 2100 5160 in
2139 5100 2326 5160 tertia

828 5215 1001 5271 vere,
1034 5196 1290 5260 ordines
1330 5213 1600 5277 quorum
1646 5204 1823 5258 actus
1861 5204 2010 5258 sunt
2050 5197 2322 5278 privata-

828 5315 970 5360 rum
1016 5295 1207 5360 etiam
1259 5311 1671 5379 personarum
1708 5311 1722 5356 :
1759 5302 1826 5358 ut
1872 5293 2189 5359 mirabilia
2229 5295 2320 5360 fa-

2441 4318 2576 4371 tum
2627 4310 3019 4391 completum
3064 4330 3078 4374 z
3126 4311 3365 4374 idcirco
3409 4313 3490 4375 ab
3540 4313 3653 4376 illo
3698 4334 3932 4397 neque-

2439 4416 2555 4469 unt
2585 4408 2920 4471 nominari.
2958 4409 3326 4472 Econtrario
3355 4410 3517 4473 dona
3556 4411 3929 4476 inferiorum

2438 4514 2586 4568 sunt
2626 4506 2691 4568 in
2730 4506 3166 4588 superioribus
3206 4509 3592 4572 eminentius
3629 4530 3823 4592 quam
3866 4513 3929 4574 in

2438 4605 2871 4679 inferioribus,
2918 4607 3027 4668 sed
3074 4607 3139 4668 in
3190 4606 3316 4669 illis
3364 4608 3613 4671 actibus
3662 4627 3789 4672 non
3838 4619 3933 4673 est

2437 4704 2840 4786 superiorum
2872 4705 3170 4768 ultimum
3203 4707 3744 4787 complementum
3774 4728 3788 4771 :
3818 4731 3929 4772 un-

2437 4803 2515 4866 de
2553 4802 2634 4865 ab
2674 4803 2802 4866 illis
2846 4823 2972 4866 non
3018 4804 3429 4868 nominantur
3466 4806 3632 4871 sicut
3674 4809 3931 4891 proprio

2437 4901 2714 4964 nomine.
2750 4901 2909 4963 Hinc
2952 4901 3252 4964 dicuntur
3292 4902 3414 4965 sibi
3461 4904 3525 4966 in
3570 4905 3929 4968 denomina-

2436 5000 2716 5063 tionibus
2760 5001 3005 5074 cedere,
3040 5009 3110 5063 ut
3153 5002 3398 5064 scilicet
3440 5004 3595 5066 ordo
3642 5006 3929 5088 superior

2434 5099 2515 5160 ab
2546 5099 2978 5162 excellentiori
3010 5119 3125 5162 suo
3153 5109 3296 5162 actu
3332 5119 3569 5164 nomen
3599 5105 3923 5186 proprium

2434 5198 2752 5260 sortiatur.

2514 5297 2797 5378 Denique
2838 5297 3233 5382 principatus
3274 5307 3461 5384 prout
3502 5301 3567 5364 in
3609 5301 3923 5368 definitio-
