<?xml version="1.0" encoding="UTF-8"?>
<!DOCTYPE html PUBLIC "-//W3C//DTD XHTML 1.0 Transitional//EN"
    "http://www.w3.org/TR/xhtml1/DTD/xhtml1-transitional.dtd">
<html xmlns="http://www.w3.org/1999/xhtml" xml:lang="en" lang="en">
 <head>
  <title>
</title>
<meta http-equiv="Content-Type" content="text/html;charset=utf-8" />
  <meta name='ocr-system' content='tesseract 3.04.00' />
  <meta name='ocr-capabilities' content='ocr_page ocr_carea ocr_par ocr_line ocrx_word'/>
</head>
<body>
  <div class='ocr_page' id='page_1' title='image "./doctorisecstati01denigoog_0105.png"; bbox 0 0 4334 6242; ppageno 0'>
   <div class='ocr_carea' id='block_1_1' title="bbox 729 477 3438 544">
    <p class='ocr_par' dir='ltr' id='par_1_1' title="bbox 729 477 3438 544">
     <span class='ocr_line' id='line_1_1' title="bbox 729 477 3438 544; baseline 0 -2"><span class='ocrx_word' id='word_1_1' title='bbox 729 495 815 543; x_wconf 72' lang='grc' dir='ltr'><strong>ΑΝ</strong></span> <span class='ocrx_word' id='word_1_2' title='bbox 856 495 1099 544; x_wconf 65' lang='lat' dir='ltr'><strong>nunnus</strong></span> <span class='ocrx_word' id='word_1_3' title='bbox 1143 493 1222 543; x_wconf 72' lang='grc' dir='ltr'><strong>ΑΒ</strong></span> <span class='ocrx_word' id='word_1_4' title='bbox 1262 494 1515 543; x_wconf 64' lang='lat' dir='ltr'><strong>AErssmvo</strong></span> <span class='ocrx_word' id='word_1_5' title='bbox 1558 494 1631 541; x_wconf 76' lang='grc' dir='ltr'><strong>ΕΤ</strong></span> <span class='ocrx_word' id='word_1_6' title='bbox 1674 494 1811 542; x_wconf 63' lang='lat' dir='ltr'><strong>susm</strong></span> <span class='ocrx_word' id='word_1_7' title='bbox 1852 491 2003 543; x_wconf 70' lang='lat' dir='ltr'><strong>oum</strong></span> <span class='ocrx_word' id='word_1_8' title='bbox 2042 493 2384 543; x_wconf 59' lang='lat' dir='ltr'><strong>rauronma</strong></span> <span class='ocrx_word' id='word_1_9' title='bbox 2427 494 2612 543; x_wconf 76' lang='lat' dir='ltr'><strong>mmo</strong></span> <span class='ocrx_word' id='word_1_10' title='bbox 2655 497 2746 543; x_wconf 79' lang='lat' dir='ltr'><strong>s1r</strong></span> <span class='ocrx_word' id='word_1_11' title='bbox 2789 494 3055 544; x_wconf 65' lang='lat' dir='ltr'><strong>cunnus</strong></span> <span class='ocrx_word' id='word_1_12' title='bbox 3363 477 3438 543; x_wconf 83' lang='lat'><strong>81</strong></span> 
     </span>
    </p>
   </div>
   <div class='ocr_carea' id='block_1_2' title="bbox 362 662 3444 748">
    <p class='ocr_par' dir='ltr' id='par_1_2' title="bbox 362 662 3444 748">
     <span class='ocr_line' id='line_1_2' title="bbox 362 662 3444 748; baseline 0.002 -25"><span class='ocrx_word' id='word_1_13' title='bbox 362 662 480 725; x_wconf 90' lang='lat' dir='ltr'><strong>lum</strong></span> <span class='ocrx_word' id='word_1_14' title='bbox 506 683 547 725; x_wconf 90' lang='lat' dir='ltr'><strong>a</strong></span> <span class='ocrx_word' id='word_1_15' title='bbox 578 663 886 728; x_wconf 79' lang='lat' dir='ltr'><strong>fidelibus</strong></span> <span class='ocrx_word' id='word_1_16' title='bbox 925 667 1034 728; x_wconf 88' lang='lat' dir='ltr'><strong>sed</strong></span> <span class='ocrx_word' id='word_1_17' title='bbox 1073 665 1153 727; x_wconf 93' lang='lat' dir='ltr'><strong>ab</strong></span> <span class='ocrx_word' id='word_1_18' title='bbox 1186 665 1341 747; x_wconf 89' lang='lat' dir='ltr'><strong>ipsis</strong></span> <span class='ocrx_word' id='word_1_19' title='bbox 1371 682 1625 747; x_wconf 89' lang='lat' dir='ltr'><strong>quoque</strong></span> <span class='ocrx_word' id='word_1_20' title='bbox 1663 665 1840 747; x_wconf 88' lang='lat' dir='ltr'><strong>puris</strong></span> <span class='ocrx_word' id='word_1_21' title='bbox 1870 665 1921 728; x_wconf 90' lang='lat' dir='ltr'>A</span> <span class='ocrx_word' id='word_1_22' title='bbox 2028 664 2342 747; x_wconf 79' lang='lat' dir='ltr'><strong>Amplius,</strong></span> <span class='ocrx_word' id='word_1_23' title='bbox 2387 666 2631 740; x_wconf 77' lang='lat' dir='ltr'><strong>creare,</strong></span> <span class='ocrx_word' id='word_1_24' title='bbox 2675 666 2902 748; x_wconf 83' lang='lat' dir='ltr'><strong>inquit,</strong></span> <span class='ocrx_word' id='word_1_25' title='bbox 2945 674 3042 729; x_wconf 85' lang='lat' dir='ltr'><strong>est</strong></span> <span class='ocrx_word' id='word_1_26' title='bbox 3081 666 3321 748; x_wconf 88' lang='lat' dir='ltr'><strong>aliquid</strong></span> <span class='ocrx_word' id='word_1_27' title='bbox 3366 668 3444 729; x_wconf 90' lang='grc'><strong>(16</strong></span> 
     </span>
    </p>
   </div>
   <div class='ocr_carea' id='block_1_3' title="bbox 358 761 1845 1829">
    <p class='ocr_par' dir='ltr' id='par_1_3' title="bbox 358 761 1845 1333">
     <span class='ocr_line' id='line_1_3' title="bbox 362 761 1845 845; baseline 0.003 -24"><span class='ocrx_word' id='word_1_28' title='bbox 362 761 769 845; x_wconf 81' lang='lat' dir='ltr'><strong>philosophiS,</strong></span> <span class='ocrx_word' id='word_1_29' title='bbox 803 764 929 825; x_wconf 90' lang='lat' dir='ltr'><strong>sint</strong></span> <span class='ocrx_word' id='word_1_30' title='bbox 962 764 1237 826; x_wconf 88' lang='lat' dir='ltr'><strong>inducta.</strong></span> <span class='ocrx_word' id='word_1_31' title='bbox 1264 764 1464 827; x_wconf 80' lang='lat' dir='ltr'>Solvit</span> <span class='ocrx_word' id='word_1_32' title='bbox 1492 764 1682 826; x_wconf 88' lang='lat' dir='ltr'><strong>ctiam</strong></span> <span class='ocrx_word' id='word_1_33' title='bbox 1716 764 1845 845; x_wconf 91' lang='lat' dir='ltr'><strong>opi-</strong></span> 
     </span>
     <span class='ocr_line' id='line_1_4' title="bbox 360 860 1843 944; baseline 0.003 -24"><span class='ocrx_word' id='word_1_34' title='bbox 360 860 611 922; x_wconf 87' lang='lat' dir='ltr'><strong>nionum</strong></span> <span class='ocrx_word' id='word_1_35' title='bbox 656 862 921 924; x_wconf 88' lang='lat' dir='ltr'><strong>istarum</strong></span> <span class='ocrx_word' id='word_1_36' title='bbox 968 864 1225 937; x_wconf 88' lang='lat' dir='ltr'><strong>motiva,</strong></span> <span class='ocrx_word' id='word_1_37' title='bbox 1268 872 1331 924; x_wconf 88' lang='lat' dir='ltr'><strong>et</strong></span> <span class='ocrx_word' id='word_1_38' title='bbox 1374 863 1646 944; x_wconf 78' lang='lat' dir='ltr'><strong>qualiter</strong></span> <span class='ocrx_word' id='word_1_39' title='bbox 1694 882 1843 924; x_wconf 92' lang='lat' dir='ltr'><strong>una-</strong></span> 
     </span>
     <span class='ocr_line' id='line_1_5' title="bbox 358 960 1839 1044; baseline 0.002 -25"><span class='ocrx_word' id='word_1_40' title='bbox 358 976 615 1039; x_wconf 81' lang='lat' dir='ltr'><strong>quaeque</strong></span> <span class='ocrx_word' id='word_1_41' title='bbox 644 968 834 1041; x_wconf 80' lang='lat' dir='ltr'><strong>queat</strong></span> <span class='ocrx_word' id='word_1_42' title='bbox 864 960 1121 1023; x_wconf 84' lang='lat' dir='ltr'><strong>defendi</strong></span> <span class='ocrx_word' id='word_1_43' title='bbox 1155 962 1582 1044; x_wconf 79' lang='lat' dir='ltr'><strong>prosequitur,</strong></span> <span class='ocrx_word' id='word_1_44' title='bbox 1615 980 1734 1023; x_wconf 93' lang='lat' dir='ltr'><strong>nec</strong></span> <span class='ocrx_word' id='word_1_45' title='bbox 1762 961 1839 1022; x_wconf 85' lang='lat' dir='ltr'><strong>ad</strong></span> 
     </span>
     <span class='ocr_line' id='line_1_6' title="bbox 358 1056 1842 1137; baseline 0.002 -21"><span class='ocrx_word' id='word_1_46' title='bbox 358 1056 624 1137; x_wconf 81' lang='lat' dir='ltr'><strong>aliquam</strong></span> <span class='ocrx_word' id='word_1_47' title='bbox 669 1060 1039 1122; x_wconf 87' lang='lat' dir='ltr'><strong>earumdem</strong></span> <span class='ocrx_word' id='word_1_48' title='bbox 1088 1060 1405 1121; x_wconf 89' lang='lat' dir='ltr'><strong>declinare</strong></span> <span class='ocrx_word' id='word_1_49' title='bbox 1450 1060 1737 1137; x_wconf 84' lang='lat' dir='ltr'><strong>videtur3</strong></span> <span class='ocrx_word' id='word_1_50' title='bbox 1779 1066 1842 1120; x_wconf 88' lang='lat' dir='ltr'><strong>et</strong></span> 
     </span>
     <span class='ocr_line' id='line_1_7' title="bbox 358 1156 1843 1236; baseline 0.001 -21"><span class='ocrx_word' id='word_1_51' title='bbox 358 1174 423 1215; x_wconf 82' lang='lat' dir='ltr'><strong>ea</strong></span> <span class='ocrx_word' id='word_1_52' title='bbox 448 1175 587 1236; x_wconf 85' lang='lat' dir='ltr'><strong>quae</strong></span> <span class='ocrx_word' id='word_1_53' title='bbox 620 1156 859 1229; x_wconf 86' lang='lat' dir='ltr'><strong>scribit,</strong></span> <span class='ocrx_word' id='word_1_54' title='bbox 874 1158 1333 1219; x_wconf 89' lang='lat' dir='ltr'><strong>sententialiter</strong></span> <span class='ocrx_word' id='word_1_55' title='bbox 1364 1158 1515 1219; x_wconf 86' lang='lat' dir='ltr'><strong>satis</strong></span> <span class='ocrx_word' id='word_1_56' title='bbox 1546 1156 1843 1219; x_wconf 88' lang='lat' dir='ltr'><strong>videntur</strong></span> 
     </span>
     <span class='ocr_line' id='line_1_8' title="bbox 360 1253 713 1333; baseline 0.008 -20"><span class='ocrx_word' id='word_1_57' title='bbox 360 1253 713 1333; x_wconf 83' lang='lat' dir='ltr'><strong>praehabita.</strong></span> 
     </span>
    </p>

    <p class='ocr_par' dir='ltr' id='par_1_4' title="bbox 360 1352 1842 1829">
     <span class='ocr_line' id='line_1_9' title="bbox 430 1352 1841 1437; baseline 0.001 -24"><span class='ocrx_word' id='word_1_58' title='bbox 430 1352 729 1415; x_wconf 82' lang='lat' dir='ltr'><strong>Praeterea</strong></span> <span class='ocrx_word' id='word_1_59' title='bbox 759 1354 1235 1435; x_wconf 78' lang='lat' dir='ltr'><strong>quaerit,utrum</strong></span> <span class='ocrx_word' id='word_1_60' title='bbox 1269 1354 1477 1437; x_wconf 87' lang='lat' dir='ltr'><strong>prima</strong></span> <span class='ocrx_word' id='word_1_61' title='bbox 1506 1354 1841 1417; x_wconf 88' lang='lat' dir='ltr'><strong>causalitas</strong></span> 
     </span>
     <span class='ocr_line' id='line_1_10' title="bbox 360 1452 1842 1534; baseline 0.002 -25"><span class='ocrx_word' id='word_1_62' title='bbox 360 1458 636 1531; x_wconf 89' lang='lat' dir='ltr'><strong>respectu</strong></span> <span class='ocrx_word' id='word_1_63' title='bbox 682 1452 968 1514; x_wconf 88' lang='lat' dir='ltr'><strong>omnium</strong></span> <span class='ocrx_word' id='word_1_64' title='bbox 1008 1452 1384 1514; x_wconf 81' lang='lat' dir='ltr'><strong>creabilium</strong></span> <span class='ocrx_word' id='word_1_65' title='bbox 1431 1453 1495 1515; x_wconf 92' lang='lat' dir='ltr'><strong>in</strong></span> <span class='ocrx_word' id='word_1_66' title='bbox 1535 1471 1842 1534; x_wconf 89' lang='lat' dir='ltr'><strong>quocum·</strong></span> 
     </span>
     <span class='ocr_line' id='line_1_11' title="bbox 362 1549 1841 1627; baseline 0.002 -19"><span class='ocrx_word' id='word_1_67' title='bbox 362 1566 475 1627; x_wconf 89' lang='lat' dir='ltr'><strong>que</strong></span> <span class='ocrx_word' id='word_1_68' title='bbox 509 1567 673 1623; x_wconf 89' lang='lat' dir='ltr'><strong>esse,</strong></span> <span class='ocrx_word' id='word_1_69' title='bbox 706 1550 782 1611; x_wconf 92' lang='lat' dir='ltr'><strong>de</strong></span> <span class='ocrx_word' id='word_1_70' title='bbox 814 1550 1189 1613; x_wconf 82' lang='lat' dir='ltr'><strong>necessitate</strong></span> <span class='ocrx_word' id='word_1_71' title='bbox 1231 1550 1311 1611; x_wconf 93' lang='lat' dir='ltr'><strong>sit</strong></span> <span class='ocrx_word' id='word_1_72' title='bbox 1343 1550 1410 1613; x_wconf 90' lang='lat' dir='ltr'><strong>iu</strong></span> <span class='ocrx_word' id='word_1_73' title='bbox 1441 1549 1648 1613; x_wconf 88' lang='lat' dir='ltr'><strong>tribus</strong></span> <span class='ocrx_word' id='word_1_74' title='bbox 1682 1550 1841 1611; x_wconf 90' lang='lat' dir='ltr'><strong>divi-</strong></span> 
     </span>
     <span class='ocr_line' id='line_1_12' title="bbox 362 1645 1840 1731; baseline 0.004 -26"><span class='ocrx_word' id='word_1_75' title='bbox 362 1645 450 1706; x_wconf 86' lang='lat' dir='ltr'><strong>nis</strong></span> <span class='ocrx_word' id='word_1_76' title='bbox 488 1648 796 1727; x_wconf 81' lang='lat' dir='ltr'><strong>personiS,</strong></span> <span class='ocrx_word' id='word_1_77' title='bbox 829 1648 915 1710; x_wconf 87' lang='lat' dir='ltr'><strong>ita</strong></span> <span class='ocrx_word' id='word_1_78' title='bbox 946 1649 1113 1731; x_wconf 92' lang='lat' dir='ltr'><strong>quod</strong></span> <span class='ocrx_word' id='word_1_79' title='bbox 1149 1668 1287 1711; x_wconf 89' lang='lat' dir='ltr'><strong>esse</strong></span> <span class='ocrx_word' id='word_1_80' title='bbox 1325 1667 1449 1712; x_wconf 88' lang='lat' dir='ltr'><strong>non</strong></span> <span class='ocrx_word' id='word_1_81' title='bbox 1482 1650 1685 1711; x_wconf 90' lang='lat' dir='ltr'><strong>valeat</strong></span> <span class='ocrx_word' id='word_1_82' title='bbox 1714 1649 1840 1711; x_wconf 89' lang='lat' dir='ltr'><strong>nisi</strong></span> 
     </span>
     <span class='ocr_line' id='line_1_13' title="bbox 360 1742 1842 1829; baseline 0.003 -26"><span class='ocrx_word' id='word_1_83' title='bbox 360 1742 431 1804; x_wconf 87' lang='lat' dir='ltr'><strong>sit</strong></span> <span class='ocrx_word' id='word_1_84' title='bbox 463 1744 525 1805; x_wconf 89' lang='lat' dir='ltr'><strong>in</strong></span> <span class='ocrx_word' id='word_1_85' title='bbox 556 1745 780 1809; x_wconf 86' lang='lat' dir='ltr'><strong>tribus.</strong></span> <span class='ocrx_word' id='word_1_86' title='bbox 804 1783 883 1792; x_wconf 95' lang='lat'><strong>—-</strong></span> <span class='ocrx_word' id='word_1_87' title='bbox 908 1746 1304 1829; x_wconf 88' lang='lat' dir='ltr'><strong>Respondet:</strong></span> <span class='ocrx_word' id='word_1_88' title='bbox 1330 1747 1674 1810; x_wconf 89' lang='lat' dir='ltr'><strong>Causalitas</strong></span> <span class='ocrx_word' id='word_1_89' title='bbox 1704 1767 1842 1829; x_wconf 93' lang='lat' dir='ltr'><strong>per-</strong></span> 
     </span>
    </p>
   </div>
   <div class='ocr_carea' id='block_1_4' title="bbox 1949 762 3450 1829">
    <p class='ocr_par' dir='ltr' id='par_1_5' title="bbox 1949 762 3450 1829">
     <span class='ocr_line' id='line_1_14' title="bbox 1950 762 3444 848; baseline 0.002 -25"><span class='ocrx_word' id='word_1_90' title='bbox 1950 762 2152 826; x_wconf 91' lang='lat' dir='ltr'><strong>nihilo</strong></span> <span class='ocrx_word' id='word_1_91' title='bbox 2200 765 2546 845; x_wconf 88' lang='lat' dir='ltr'><strong>producere</strong></span> <span class='ocrx_word' id='word_1_92' title='bbox 2591 765 2654 826; x_wconf 91' lang='lat' dir='ltr'><strong>in</strong></span> <span class='ocrx_word' id='word_1_93' title='bbox 2700 765 2937 827; x_wconf 79' lang='lat' dir='ltr'><strong>effectu</strong></span> <span class='ocrx_word' id='word_1_94' title='bbox 2983 784 2997 829; x_wconf 91' lang='lat'><strong>:</strong></span> <span class='ocrx_word' id='word_1_95' title='bbox 3039 773 3102 827; x_wconf 88' lang='lat' dir='ltr'><strong>et</strong></span> <span class='ocrx_word' id='word_1_96' title='bbox 3143 766 3313 848; x_wconf 88' lang='lat' dir='ltr'><strong>quod</strong></span> <span class='ocrx_word' id='word_1_97' title='bbox 3351 765 3444 826; x_wconf 91' lang='lat' dir='ltr'><strong>di-</strong></span> 
     </span>
     <span class='ocr_line' id='line_1_15' title="bbox 1950 862 3448 944; baseline 0.003 -22"><span class='ocrx_word' id='word_1_98' title='bbox 1950 862 2117 923; x_wconf 90' lang='lat' dir='ltr'><strong>citur</strong></span> <span class='ocrx_word' id='word_1_99' title='bbox 2145 866 2226 921; x_wconf 84' lang='lat' dir='ltr'><strong>de</strong></span> <span class='ocrx_word' id='word_1_100' title='bbox 2257 865 2490 933; x_wconf 76' lang='lat' dir='ltr'><strong>nihilo,</strong></span> <span class='ocrx_word' id='word_1_101' title='bbox 2525 872 2732 944; x_wconf 89' lang='lat' dir='ltr'><strong>potest</strong></span> <span class='ocrx_word' id='word_1_102' title='bbox 2763 870 2979 925; x_wconf 87' lang='lat' dir='ltr'><strong>notare</strong></span> <span class='ocrx_word' id='word_1_103' title='bbox 3014 864 3303 927; x_wconf 81' lang='lat' dir='ltr'><strong>ordinem</strong></span> <span class='ocrx_word' id='word_1_104' title='bbox 3343 883 3448 926; x_wconf 91' lang='lat' dir='ltr'><strong>na-</strong></span> 
     </span>
     <span class='ocr_line' id='line_1_16' title="bbox 1953 961 3449 1026; baseline 0.003 -5"><span class='ocrx_word' id='word_1_105' title='bbox 1953 968 2106 1023; x_wconf 83' lang='lat' dir='ltr'><strong>turae</strong></span> <span class='ocrx_word' id='word_1_106' title='bbox 2150 968 2214 1022; x_wconf 90' lang='lat' dir='ltr'><strong>et</strong></span> <span class='ocrx_word' id='word_1_107' title='bbox 2260 961 2548 1022; x_wconf 86' lang='lat' dir='ltr'><strong>ordinem</strong></span> <span class='ocrx_word' id='word_1_108' title='bbox 2595 962 2965 1025; x_wconf 86' lang='lat' dir='ltr'><strong>durationis.</strong></span> <span class='ocrx_word' id='word_1_109' title='bbox 3008 963 3218 1026; x_wconf 90' lang='lat' dir='ltr'><strong>Primo</strong></span> <span class='ocrx_word' id='word_1_110' title='bbox 3260 962 3449 1025; x_wconf 91' lang='lat' dir='ltr'><strong>modo</strong></span> 
     </span>
     <span class='ocr_line' id='line_1_17' title="bbox 1950 1059 3446 1143; baseline 0.003 -24"><span class='ocrx_word' id='word_1_111' title='bbox 1950 1059 2308 1121; x_wconf 88' lang='lat' dir='ltr'><strong>concedunt</strong></span> <span class='ocrx_word' id='word_1_112' title='bbox 2339 1060 2702 1142; x_wconf 90' lang='lat' dir='ltr'><strong>philosophi</strong></span> <span class='ocrx_word' id='word_1_113' title='bbox 2745 1061 2944 1123; x_wconf 91' lang='lat' dir='ltr'><strong>Deum</strong></span> <span class='ocrx_word' id='word_1_114' title='bbox 2987 1080 3172 1143; x_wconf 93' lang='lat' dir='ltr'><strong>posse</strong></span> <span class='ocrx_word' id='word_1_115' title='bbox 3212 1080 3446 1134; x_wconf 85' lang='lat' dir='ltr'><strong>creare,</strong></span> 
     </span>
     <span class='ocr_line' id='line_1_18' title="bbox 1953 1158 3449 1242; baseline 0.003 -25"><span class='ocrx_word' id='word_1_116' title='bbox 1953 1164 2019 1217; x_wconf 91' lang='lat' dir='ltr'><strong>ut</strong></span> <span class='ocrx_word' id='word_1_117' title='bbox 2052 1165 2219 1237; x_wconf 87' lang='lat' dir='ltr'><strong>patet</strong></span> <span class='ocrx_word' id='word_1_118' title='bbox 2254 1177 2368 1239; x_wconf 91' lang='lat' dir='ltr'><strong>per</strong></span> <span class='ocrx_word' id='word_1_119' title='bbox 2385 1158 2774 1221; x_wconf 89' lang='lat' dir='ltr'><strong>Avicennam</strong></span> <span class='ocrx_word' id='word_1_120' title='bbox 2806 1167 2983 1221; x_wconf 82' lang='lat' dir='ltr'><strong>sexto</strong></span> <span class='ocrx_word' id='word_1_121' title='bbox 3007 1159 3449 1242; x_wconf 82' lang='lat' dir='ltr'><strong>Metaphysicae</strong></span> 
     </span>
     <span class='ocr_line' id='line_1_19' title="bbox 1949 1256 3450 1339; baseline 0.003 -24"><span class='ocrx_word' id='word_1_122' title='bbox 1949 1274 2098 1317; x_wconf 84' lang='lat' dir='ltr'><strong>suae.</strong></span> <span class='ocrx_word' id='word_1_123' title='bbox 2143 1256 2320 1329; x_wconf 91' lang='lat' dir='ltr'><strong>Quod</strong></span> <span class='ocrx_word' id='word_1_124' title='bbox 2371 1257 2658 1338; x_wconf 85' lang='lat' dir='ltr'><strong>intelligo</strong></span> <span class='ocrx_word' id='word_1_125' title='bbox 2705 1257 2784 1319; x_wconf 93' lang='lat' dir='ltr'><strong>de</strong></span> <span class='ocrx_word' id='word_1_126' title='bbox 2834 1258 3159 1339; x_wconf 86' lang='lat' dir='ltr'><strong>prioritate</strong></span> <span class='ocrx_word' id='word_1_127' title='bbox 3209 1265 3450 1320; x_wconf 82' lang='lat' dir='ltr'><strong>naturae</strong></span> 
     </span>
     <span class='ocr_line' id='line_1_20' title="bbox 1952 1354 3444 1438; baseline 0.003 -26"><span class='ocrx_word' id='word_1_128' title='bbox 1952 1361 2140 1433; x_wconf 91' lang='lat' dir='ltr'><strong>prout</strong></span> <span class='ocrx_word' id='word_1_129' title='bbox 2170 1354 2348 1436; x_wconf 91' lang='lat' dir='ltr'><strong>prius</strong></span> <span class='ocrx_word' id='word_1_130' title='bbox 2380 1363 2604 1417; x_wconf 89' lang='lat' dir='ltr'><strong>natura</strong></span> <span class='ocrx_word' id='word_1_131' title='bbox 2633 1354 2868 1418; x_wconf 85' lang='lat' dir='ltr'><strong>dicitur</strong></span> <span class='ocrx_word' id='word_1_132' title='bbox 2897 1356 3078 1437; x_wconf 86' lang='lat' dir='ltr'><strong>quasi</strong></span> <span class='ocrx_word' id='word_1_133' title='bbox 3111 1355 3444 1438; x_wconf 85' lang='lat' dir='ltr'><strong>privative,</strong></span> 
     </span>
     <span class='ocr_line' id='line_1_21' title="bbox 1952 1451 3450 1537; baseline 0.003 -26"><span class='ocrx_word' id='word_1_134' title='bbox 1952 1458 2021 1512; x_wconf 90' lang='lat' dir='ltr'><strong>ut</strong></span> <span class='ocrx_word' id='word_1_135' title='bbox 2050 1451 2114 1512; x_wconf 92' lang='lat' dir='ltr'><strong>in</strong></span> <span class='ocrx_word' id='word_1_136' title='bbox 2149 1454 2412 1514; x_wconf 87' lang='lat' dir='ltr'><strong>materia</strong></span> <span class='ocrx_word' id='word_1_137' title='bbox 2443 1453 2622 1535; x_wconf 90' lang='lat' dir='ltr'><strong>prius</strong></span> <span class='ocrx_word' id='word_1_138' title='bbox 2659 1462 2754 1517; x_wconf 90' lang='lat' dir='ltr'><strong>est</strong></span> <span class='ocrx_word' id='word_1_139' title='bbox 2787 1455 3057 1536; x_wconf 88' lang='lat' dir='ltr'><strong>privatio</strong></span> <span class='ocrx_word' id='word_1_140' title='bbox 3096 1474 3288 1537; x_wconf 87' lang='lat' dir='ltr'><strong>quam</strong></span> <span class='ocrx_word' id='word_1_141' title='bbox 3327 1454 3450 1517; x_wconf 82' lang='lat' dir='ltr'><strong>for-</strong></span> 
     </span>
     <span class='ocr_line' id='line_1_22' title="bbox 1954 1550 3448 1633; baseline 0.003 -23"><span class='ocrx_word' id='word_1_142' title='bbox 1954 1568 2072 1611; x_wconf 89' lang='lat' dir='ltr'><strong>ma.</strong></span> <span class='ocrx_word' id='word_1_143' title='bbox 2109 1550 2232 1612; x_wconf 89' lang='lat' dir='ltr'><strong>Sed</strong></span> <span class='ocrx_word' id='word_1_144' title='bbox 2263 1558 2450 1633; x_wconf 91' lang='lat' dir='ltr'><strong>prout</strong></span> <span class='ocrx_word' id='word_1_145' title='bbox 2479 1556 2560 1611; x_wconf 85' lang='lat' dir='ltr'><strong>de</strong></span> <span class='ocrx_word' id='word_1_146' title='bbox 2589 1555 2799 1614; x_wconf 76' lang='lat' dir='ltr'><strong>m‘lzilo</strong></span> <span class='ocrx_word' id='word_1_147' title='bbox 2829 1554 2985 1615; x_wconf 88' lang='lat' dir='ltr'><strong>dicit</strong></span> <span class='ocrx_word' id='word_1_148' title='bbox 3012 1554 3301 1615; x_wconf 88' lang='lat' dir='ltr'><strong>ordinem</strong></span> <span class='ocrx_word' id='word_1_149' title='bbox 3332 1554 3448 1614; x_wconf 90' lang='lat' dir='ltr'><strong>du-</strong></span> 
     </span>
     <span class='ocr_line' id='line_1_23' title="bbox 1951 1648 3450 1733; baseline 0.003 -25"><span class='ocrx_word' id='word_1_150' title='bbox 1951 1648 2235 1723; x_wconf 81' lang='lat' dir='ltr'><strong>rationiS,</strong></span> <span class='ocrx_word' id='word_1_151' title='bbox 2268 1651 2500 1712; x_wconf 84' lang='lat' dir='ltr'><strong>creatio</strong></span> <span class='ocrx_word' id='word_1_152' title='bbox 2531 1670 2567 1711; x_wconf 93' lang='lat' dir='ltr'><strong>a</strong></span> <span class='ocrx_word' id='word_1_153' title='bbox 2596 1650 2992 1733; x_wconf 91' lang='lat' dir='ltr'><strong>philosophis</strong></span> <span class='ocrx_word' id='word_1_154' title='bbox 3022 1651 3450 1714; x_wconf 90' lang='lat' dir='ltr'><strong>communiter</strong></span> 
     </span>
     <span class='ocr_line' id='line_1_24' title="bbox 1953 1748 3449 1829; baseline 0.003 -23"><span class='ocrx_word' id='word_1_155' title='bbox 1953 1755 2238 1825; x_wconf 83' lang='lat' dir='ltr'><strong>negat-ur,</strong></span> <span class='ocrx_word' id='word_1_156' title='bbox 2271 1748 2572 1829; x_wconf 89' lang='lat' dir='ltr'><strong>quoniam</strong></span> <span class='ocrx_word' id='word_1_157' title='bbox 2604 1749 2825 1810; x_wconf 91' lang='lat' dir='ltr'><strong>dicunt</strong></span> <span class='ocrx_word' id='word_1_158' title='bbox 2855 1749 3056 1812; x_wconf 90' lang='lat' dir='ltr'><strong>Deum</strong></span> <span class='ocrx_word' id='word_1_159' title='bbox 3092 1749 3449 1812; x_wconf 85' lang='lat' dir='ltr'><strong>necessario</strong></span> 
     </span>
    </p>
   </div>
   <div class='ocr_carea' id='block_1_5' title="bbox 362 1840 3442 1929">
    <p class='ocr_par' dir='ltr' id='par_1_6' title="bbox 362 1840 3442 1929">
     <span class='ocr_line' id='line_1_25' title="bbox 362 1840 3442 1929; baseline 0.002 -27"><span class='ocrx_word' id='word_1_160' title='bbox 362 1840 513 1905; x_wconf 87' lang='lat' dir='ltr'><strong>secta</strong></span> <span class='ocrx_word' id='word_1_161' title='bbox 541 1847 897 1909; x_wconf 87' lang='lat' dir='ltr'><strong>necessario</strong></span> <span class='ocrx_word' id='word_1_162' title='bbox 926 1853 1018 1909; x_wconf 85' lang='lat' dir='ltr'><strong>est</strong></span> <span class='ocrx_word' id='word_1_163' title='bbox 1053 1846 1118 1907; x_wconf 91' lang='lat' dir='ltr'><strong>in</strong></span> <span class='ocrx_word' id='word_1_164' title='bbox 1152 1846 1357 1909; x_wconf 92' lang='lat' dir='ltr'><strong>tribus</strong></span> <span class='ocrx_word' id='word_1_165' title='bbox 1389 1847 1695 1929; x_wconf 85' lang='lat' dir='ltr'><strong>personis.</strong></span> <span class='ocrx_word' id='word_1_166' title='bbox 1721 1846 1842 1909; x_wconf 91' lang='lat' dir='ltr'><strong>Pri·</strong></span> <span class='ocrx_word' id='word_1_167' title='bbox 1877 1845 1924 1907; x_wconf 94' lang='lat' dir='ltr'>B</span> <span class='ocrx_word' id='word_1_168' title='bbox 1954 1844 2305 1925; x_wconf 85' lang='lat' dir='ltr'><strong>producere</strong></span> <span class='ocrx_word' id='word_1_169' title='bbox 2352 1846 2664 1927; x_wconf 90' lang='lat' dir='ltr'><strong>quidquid</strong></span> <span class='ocrx_word' id='word_1_170' title='bbox 2716 1847 3080 1909; x_wconf 88' lang='lat' dir='ltr'><strong>immediate</strong></span> <span class='ocrx_word' id='word_1_171' title='bbox 3131 1847 3442 1929; x_wconf 83' lang='lat' dir='ltr'><strong>producit.</strong></span> 
     </span>
    </p>
   </div>
   <div class='ocr_carea' id='block_1_6' title="bbox 361 1943 1847 3009">
    <p class='ocr_par' dir='ltr' id='par_1_7' title="bbox 361 1943 1847 3009">
     <span class='ocr_line' id='line_1_26' title="bbox 362 1943 1840 2027; baseline 0.003 -25"><span class='ocrx_word' id='word_1_172' title='bbox 362 1958 477 2015; x_wconf 83' lang='lat' dir='ltr'><strong>mo,</strong></span> <span class='ocrx_word' id='word_1_173' title='bbox 518 1943 669 2023; x_wconf 87' lang='lat' dir='ltr'><strong>quia</strong></span> <span class='ocrx_word' id='word_1_174' title='bbox 718 1944 1110 2027; x_wconf 89' lang='lat' dir='ltr'><strong>principium</strong></span> <span class='ocrx_word' id='word_1_175' title='bbox 1160 1945 1430 2007; x_wconf 92' lang='lat' dir='ltr'><strong>duarum</strong></span> <span class='ocrx_word' id='word_1_176' title='bbox 1481 1946 1840 2027; x_wconf 89' lang='lat' dir='ltr'><strong>productio—</strong></span> 
     </span>
     <span class='ocr_line' id='line_1_27' title="bbox 362 2041 1839 2124; baseline 0.003 -25"><span class='ocrx_word' id='word_1_177' title='bbox 362 2058 525 2113; x_wconf 87' lang='lat' dir='ltr'><strong>num,</strong></span> <span class='ocrx_word' id='word_1_178' title='bbox 558 2041 853 2105; x_wconf 88' lang='lat' dir='ltr'><strong>videlicet.</strong></span> <span class='ocrx_word' id='word_1_179' title='bbox 887 2042 1259 2105; x_wconf 84' lang='lat' dir='ltr'><strong>necessariae</strong></span> <span class='ocrx_word' id='word_1_180' title='bbox 1293 2051 1355 2105; x_wconf 88' lang='lat' dir='ltr'><strong>et</strong></span> <span class='ocrx_word' id='word_1_181' title='bbox 1392 2044 1839 2124; x_wconf 79' lang='lat' dir='ltr'><strong>contingentiS,</strong></span> 
     </span>
     <span class='ocr_line' id='line_1_28' title="bbox 362 2140 1841 2223; baseline 0.005 -26"><span class='ocrx_word' id='word_1_182' title='bbox 362 2140 702 2203; x_wconf 88' lang='lat' dir='ltr'><strong>necessario</strong></span> <span class='ocrx_word' id='word_1_183' title='bbox 744 2148 839 2202; x_wconf 90' lang='lat' dir='ltr'><strong>est</strong></span> <span class='ocrx_word' id='word_1_184' title='bbox 884 2142 1062 2223; x_wconf 90' lang='lat' dir='ltr'><strong>prius</strong></span> <span class='ocrx_word' id='word_1_185' title='bbox 1113 2142 1501 2223; x_wconf 89' lang='lat' dir='ltr'><strong>principium</strong></span> <span class='ocrx_word' id='word_1_186' title='bbox 1554 2161 1841 2204; x_wconf 86' lang='lat' dir='ltr'><strong>necessa-</strong></span> 
     </span>
     <span class='ocr_line' id='line_1_29' title="bbox 362 2236 1842 2321; baseline 0.005 -25"><span class='ocrx_word' id='word_1_187' title='bbox 362 2236 460 2298; x_wconf 78' lang='lat' dir='ltr'><strong>riae</strong></span> <span class='ocrx_word' id='word_1_188' title='bbox 488 2257 675 2319; x_wconf 88' lang='lat' dir='ltr'><strong>quam</strong></span> <span class='ocrx_word' id='word_1_189' title='bbox 708 2240 1133 2321; x_wconf 87' lang='lat' dir='ltr'><strong>contingentis</strong></span> <span class='ocrx_word' id='word_1_190' title='bbox 1162 2257 1176 2301; x_wconf 90' lang='lat'>:</span> <span class='ocrx_word' id='word_1_191' title='bbox 1212 2258 1337 2302; x_wconf 89' lang='lat' dir='ltr'><strong>non</strong></span> <span class='ocrx_word' id='word_1_192' title='bbox 1370 2240 1541 2303; x_wconf 88' lang='lat' dir='ltr'><strong>enim</strong></span> <span class='ocrx_word' id='word_1_193' title='bbox 1574 2239 1842 2303; x_wconf 76' lang='lat' dir='ltr'><strong>effectus</strong></span> 
     </span>
     <span class='ocr_line' id='line_1_30' title="bbox 361 2337 1841 2419; baseline 0.003 -24"><span class='ocrx_word' id='word_1_194' title='bbox 361 2337 739 2398; x_wconf 86' lang='lat' dir='ltr'><strong>necessarius</strong></span> <span class='ocrx_word' id='word_1_195' title='bbox 770 2337 1190 2419; x_wconf 90' lang='lat' dir='ltr'><strong>persupponit</strong></span> <span class='ocrx_word' id='word_1_196' title='bbox 1220 2339 1707 2417; x_wconf 84' lang='lat' dir='ltr'><strong>contingentem,</strong></span> <span class='ocrx_word' id='word_1_197' title='bbox 1731 2339 1841 2400; x_wconf 91' lang='lat' dir='ltr'><strong>sed</strong></span> 
     </span>
     <span class='ocr_line' id='line_1_31' title="bbox 362 2431 1845 2517; baseline 0.003 -24"><span class='ocrx_word' id='word_1_198' title='bbox 362 2431 512 2495; x_wconf 87' lang='lat' dir='ltr'><strong>bene</strong></span> <span class='ocrx_word' id='word_1_199' title='bbox 557 2443 830 2497; x_wconf 88' lang='lat' dir='ltr'><strong>econtra.</strong></span> <span class='ocrx_word' id='word_1_200' title='bbox 885 2435 1005 2497; x_wconf 89' lang='lat' dir='ltr'><strong>Sed</strong></span> <span class='ocrx_word' id='word_1_201' title='bbox 1056 2436 1298 2517; x_wconf 88' lang='lat' dir='ltr'><strong>aliquid</strong></span> <span class='ocrx_word' id='word_1_202' title='bbox 1350 2436 1415 2498; x_wconf 89' lang='lat' dir='ltr'><strong>in</strong></span> <span class='ocrx_word' id='word_1_203' title='bbox 1463 2435 1699 2498; x_wconf 88' lang='lat' dir='ltr'><strong>divinis</strong></span> <span class='ocrx_word' id='word_1_204' title='bbox 1748 2442 1845 2497; x_wconf 87' lang='lat' dir='ltr'><strong>est</strong></span> 
     </span>
     <span class='ocr_line' id='line_1_32' title="bbox 364 2530 1843 2615; baseline 0.004 -25"><span class='ocrx_word' id='word_1_205' title='bbox 364 2530 739 2613; x_wconf 88' lang='lat' dir='ltr'><strong>principium</strong></span> <span class='ocrx_word' id='word_1_206' title='bbox 790 2533 1226 2614; x_wconf 88' lang='lat' dir='ltr'><strong>productionis</strong></span> <span class='ocrx_word' id='word_1_207' title='bbox 1277 2534 1657 2607; x_wconf 83' lang='lat' dir='ltr'><strong>intrinsecae,</strong></span> <span class='ocrx_word' id='word_1_208' title='bbox 1702 2554 1843 2615; x_wconf 77' lang='lat' dir='ltr'><strong>quae</strong></span> 
     </span>
     <span class='ocr_line' id='line_1_33' title="bbox 362 2630 1847 2714; baseline 0.003 -26"><span class='ocrx_word' id='word_1_209' title='bbox 362 2635 450 2688; x_wconf 90' lang='lat' dir='ltr'><strong>est</strong></span> <span class='ocrx_word' id='word_1_210' title='bbox 485 2630 865 2710; x_wconf 81' lang='lat' dir='ltr'><strong>necessaria3</strong></span> <span class='ocrx_word' id='word_1_211' title='bbox 896 2638 961 2693; x_wconf 86' lang='lat' dir='ltr'><strong>et</strong></span> <span class='ocrx_word' id='word_1_212' title='bbox 990 2630 1233 2714; x_wconf 87' lang='lat' dir='ltr'><strong>aliquid</strong></span> <span class='ocrx_word' id='word_1_213' title='bbox 1273 2631 1663 2714; x_wconf 90' lang='lat' dir='ltr'><strong>principium</strong></span> <span class='ocrx_word' id='word_1_214' title='bbox 1706 2649 1847 2713; x_wconf 91' lang='lat' dir='ltr'><strong>pro—</strong></span> 
     </span>
     <span class='ocr_line' id='line_1_34' title="bbox 362 2726 1839 2812; baseline 0.004 -26"><span class='ocrx_word' id='word_1_215' title='bbox 362 2726 664 2790; x_wconf 85' lang='lat' dir='ltr'><strong>ductionis</strong></span> <span class='ocrx_word' id='word_1_216' title='bbox 702 2728 1096 2804; x_wconf 82' lang='lat' dir='ltr'><strong>extrinsecae‚</strong></span> <span class='ocrx_word' id='word_1_217' title='bbox 1130 2749 1273 2812; x_wconf 82' lang='lat' dir='ltr'><strong>quae</strong></span> <span class='ocrx_word' id='word_1_218' title='bbox 1311 2738 1407 2793; x_wconf 88' lang='lat' dir='ltr'><strong>est</strong></span> <span class='ocrx_word' id='word_1_219' title='bbox 1446 2730 1839 2810; x_wconf 85' lang='lat' dir='ltr'><strong>contingens.</strong></span> 
     </span>
     <span class='ocr_line' id='line_1_35' title="bbox 366 2824 1843 2911; baseline 0.004 -26"><span class='ocrx_word' id='word_1_220' title='bbox 366 2824 516 2906; x_wconf 86' lang='lat' dir='ltr'><strong>Ergo</strong></span> <span class='ocrx_word' id='word_1_221' title='bbox 554 2827 727 2908; x_wconf 91' lang='lat' dir='ltr'><strong>prius</strong></span> <span class='ocrx_word' id='word_1_222' title='bbox 774 2830 1131 2891; x_wconf 89' lang='lat' dir='ltr'><strong>necessario</strong></span> <span class='ocrx_word' id='word_1_223' title='bbox 1173 2836 1269 2891; x_wconf 90' lang='lat' dir='ltr'><strong>est</strong></span> <span class='ocrx_word' id='word_1_224' title='bbox 1310 2829 1375 2891; x_wconf 92' lang='lat' dir='ltr'><strong>in</strong></span> <span class='ocrx_word' id='word_1_225' title='bbox 1419 2831 1546 2892; x_wconf 93' lang='lat' dir='ltr'><strong>Deo</strong></span> <span class='ocrx_word' id='word_1_226' title='bbox 1587 2830 1843 2911; x_wconf 87' lang='lat' dir='ltr'><strong>aliquod</strong></span> 
     </span>
     <span class='ocr_line' id='line_1_36' title="bbox 364 2923 1845 3009; baseline 0.003 -26"><span class='ocrx_word' id='word_1_227' title='bbox 364 2923 740 3006; x_wconf 88' lang='lat' dir='ltr'><strong>principium</strong></span> <span class='ocrx_word' id='word_1_228' title='bbox 772 2926 1209 3008; x_wconf 87' lang='lat' dir='ltr'><strong>productionis</strong></span> <span class='ocrx_word' id='word_1_229' title='bbox 1242 2927 1619 2991; x_wconf 84' lang='lat' dir='ltr'><strong>intrinsecae.</strong></span> <span class='ocrx_word' id='word_1_230' title='bbox 1639 2927 1845 3009; x_wconf 84' lang='lat' dir='ltr'><strong>Atque</strong></span> 
     </span>
    </p>
   </div>
   <div class='ocr_carea' id='block_1_7' title="bbox 1952 1943 3457 3006">
    <p class='ocr_par' dir='ltr' id='par_1_8' title="bbox 1952 1943 3457 3006">
     <span class='ocr_line' id='line_1_37' title="bbox 1952 1943 3446 2026; baseline 0.002 -22"><span class='ocrx_word' id='word_1_231' title='bbox 1952 1978 2033 1987; x_wconf 93' lang='lat'>—</span> <span class='ocrx_word' id='word_1_232' title='bbox 2060 1943 2346 2024; x_wconf 90' lang='lat' dir='ltr'><strong>Denique</strong></span> <span class='ocrx_word' id='word_1_233' title='bbox 2387 1952 2573 2026; x_wconf 90' lang='lat' dir='ltr'><strong>prout</strong></span> <span class='ocrx_word' id='word_1_234' title='bbox 2608 1948 2688 2005; x_wconf 85' lang='lat' dir='ltr'><strong>de</strong></span> <span class='ocrx_word' id='word_1_235' title='bbox 2717 1948 2926 2005; x_wconf 74' lang='lat' dir='ltr'><strong>nihilo</strong></span> <span class='ocrx_word' id='word_1_236' title='bbox 2962 1946 3120 2008; x_wconf 88' lang='lat' dir='ltr'><strong>dicit</strong></span> <span class='ocrx_word' id='word_1_237' title='bbox 3156 1946 3446 2008; x_wconf 89' lang='lat' dir='ltr'><strong>ordinem</strong></span> 
     </span>
     <span class='ocr_line' id='line_1_38' title="bbox 1955 2041 3449 2125; baseline 0.002 -23"><span class='ocrx_word' id='word_1_238' title='bbox 1955 2041 2328 2113; x_wconf 90' lang='lat' dir='ltr'><strong>durationis,</strong></span> <span class='ocrx_word' id='word_1_239' title='bbox 2373 2042 2677 2123; x_wconf 81' lang='lat' dir='ltr'><strong>distingui</strong></span> <span class='ocrx_word' id='word_1_240' title='bbox 2731 2050 2935 2125; x_wconf 90' lang='lat' dir='ltr'><strong>potest</strong></span> <span class='ocrx_word' id='word_1_241' title='bbox 2982 2044 3060 2106; x_wconf 92' lang='lat' dir='ltr'><strong>de</strong></span> <span class='ocrx_word' id='word_1_242' title='bbox 3110 2043 3228 2106; x_wconf 94' lang='lat' dir='ltr'><strong>hoc</strong></span> <span class='ocrx_word' id='word_1_243' title='bbox 3276 2044 3449 2125; x_wconf 91' lang='lat' dir='ltr'><strong>quod</strong></span> 
     </span>
     <span class='ocr_line' id='line_1_39' title="bbox 1954 2140 3451 2223; baseline 0.003 -22"><span class='ocrx_word' id='word_1_244' title='bbox 1954 2147 2049 2201; x_wconf 86' lang='lat' dir='ltr'><strong>est</strong></span> <span class='ocrx_word' id='word_1_245' title='bbox 2079 2140 2241 2202; x_wconf 86' lang='lat' dir='ltr'><strong>nihil</strong></span> <span class='ocrx_word' id='word_1_246' title='bbox 2275 2157 2290 2201; x_wconf 77' lang='lat' dir='ltr'><strong>t</strong></span> <span class='ocrx_word' id='word_1_247' title='bbox 2325 2140 2628 2222; x_wconf 91' lang='lat' dir='ltr'><strong>quoniam</strong></span> <span class='ocrx_word' id='word_1_248' title='bbox 2661 2142 2867 2223; x_wconf 87' lang='lat' dir='ltr'><strong>accipi</strong></span> <span class='ocrx_word' id='word_1_249' title='bbox 2903 2149 3108 2223; x_wconf 89' lang='lat' dir='ltr'><strong>potest</strong></span> <span class='ocrx_word' id='word_1_250' title='bbox 3137 2143 3215 2204; x_wconf 92' lang='grc'><strong>(16</strong></span> <span class='ocrx_word' id='word_1_251' title='bbox 3247 2142 3451 2205; x_wconf 91' lang='lat' dir='ltr'><strong>nihilo</strong></span> 
     </span>
     <span class='ocr_line' id='line_1_40' title="bbox 1954 2238 3453 2312; baseline 0.002 -13"><span class='ocrx_word' id='word_1_252' title='bbox 1954 2238 2237 2312; x_wconf 89' lang='lat' dir='ltr'><strong>omnin0,</strong></span> <span class='ocrx_word' id='word_1_253' title='bbox 2272 2239 2372 2301; x_wconf 92' lang='lat' dir='ltr'><strong>vel</strong></span> <span class='ocrx_word' id='word_1_254' title='bbox 2410 2239 2487 2300; x_wconf 92' lang='lat' dir='ltr'><strong>de</strong></span> <span class='ocrx_word' id='word_1_255' title='bbox 2529 2239 2730 2302; x_wconf 92' lang='lat' dir='ltr'><strong>nihilo</strong></span> <span class='ocrx_word' id='word_1_256' title='bbox 2773 2240 3124 2301; x_wconf 86' lang='lat' dir='ltr'><strong>secundum</strong></span> <span class='ocrx_word' id='word_1_257' title='bbox 3169 2258 3308 2303; x_wconf 92' lang='grc'><strong>6336</strong></span> <span class='ocrx_word' id='word_1_258' title='bbox 3350 2260 3453 2302; x_wconf 87' lang='lat' dir='ltr'><strong>ex-</strong></span> 
     </span>
     <span class='ocr_line' id='line_1_41' title="bbox 1955 2336 3450 2418; baseline 0.002 -21"><span class='ocrx_word' id='word_1_259' title='bbox 1955 2336 2280 2405; x_wconf 83' lang='lat' dir='ltr'><strong>sistentiae‚</strong></span> <span class='ocrx_word' id='word_1_260' title='bbox 2313 2336 2526 2418; x_wconf 89' lang='lat' dir='ltr'><strong>aliquo</strong></span> <span class='ocrx_word' id='word_1_261' title='bbox 2559 2344 2768 2399; x_wconf 87' lang='lat' dir='ltr'><strong>tamen</strong></span> <span class='ocrx_word' id='word_1_262' title='bbox 2798 2338 3152 2399; x_wconf 89' lang='lat' dir='ltr'><strong>secundum</strong></span> <span class='ocrx_word' id='word_1_263' title='bbox 3185 2356 3323 2400; x_wconf 90' lang='lat' dir='ltr'><strong>esse</strong></span> <span class='ocrx_word' id='word_1_264' title='bbox 3354 2358 3450 2400; x_wconf 93' lang='lat' dir='ltr'><strong>es-</strong></span> 
     </span>
     <span class='ocr_line' id='line_1_42' title="bbox 1954 2433 3447 2516; baseline 0.001 -21"><span class='ocrx_word' id='word_1_265' title='bbox 1954 2433 2193 2496; x_wconf 83' lang='lat' dir='ltr'><strong>sentiae.</strong></span> <span class='ocrx_word' id='word_1_266' title='bbox 2254 2434 2331 2495; x_wconf 90' lang='lat' dir='ltr'><strong>Et</strong></span> <span class='ocrx_word' id='word_1_267' title='bbox 2393 2434 2652 2516; x_wconf 88' lang='lat' dir='ltr'><strong>ponitur</strong></span> <span class='ocrx_word' id='word_1_268' title='bbox 2710 2454 2747 2496; x_wconf 85' lang='lat' dir='ltr'><strong>a</strong></span> <span class='ocrx_word' id='word_1_269' title='bbox 2805 2433 3213 2516; x_wconf 90' lang='lat' dir='ltr'><strong>quibusdam,</strong></span> <span class='ocrx_word' id='word_1_270' title='bbox 3278 2435 3447 2515; x_wconf 92' lang='lat' dir='ltr'><strong>quod</strong></span> 
     </span>
     <span class='ocr_line' id='line_1_43' title="bbox 1956 2532 3452 2614; baseline 0.002 -22"><span class='ocrx_word' id='word_1_271' title='bbox 1956 2532 2249 2612; x_wconf 90' lang='lat' dir='ltr'><strong>quamvis</strong></span> <span class='ocrx_word' id='word_1_272' title='bbox 2288 2532 2453 2594; x_wconf 91' lang='lat' dir='ltr'><strong>Deus</strong></span> <span class='ocrx_word' id='word_1_273' title='bbox 2493 2532 2693 2614; x_wconf 91' lang='lat' dir='ltr'><strong>possit</strong></span> <span class='ocrx_word' id='word_1_274' title='bbox 2721 2551 2981 2594; x_wconf 86' lang='lat' dir='ltr'><strong>causare</strong></span> <span class='ocrx_word' id='word_1_275' title='bbox 3016 2533 3094 2595; x_wconf 92' lang='lat' dir='ltr'><strong>de</strong></span> <span class='ocrx_word' id='word_1_276' title='bbox 3124 2532 3328 2594; x_wconf 89' lang='lat' dir='ltr'><strong>nihilo</strong></span> <span class='ocrx_word' id='word_1_277' title='bbox 3362 2552 3452 2595; x_wconf 90' lang='lat' dir='ltr'><strong>se-</strong></span> 
     </span>
     <span class='ocr_line' id='line_1_44' title="bbox 1956 2629 3446 2711; baseline 0.001 -21"><span class='ocrx_word' id='word_1_278' title='bbox 1956 2629 2167 2691; x_wconf 91' lang='lat' dir='ltr'><strong>cundo</strong></span> <span class='ocrx_word' id='word_1_279' title='bbox 2225 2630 2433 2704; x_wconf 91' lang='lat' dir='ltr'><strong>modo,</strong></span> <span class='ocrx_word' id='word_1_280' title='bbox 2486 2648 2614 2692; x_wconf 89' lang='lat' dir='ltr'><strong>non</strong></span> <span class='ocrx_word' id='word_1_281' title='bbox 2663 2638 2874 2693; x_wconf 87' lang='lat' dir='ltr'><strong>tamen</strong></span> <span class='ocrx_word' id='word_1_282' title='bbox 2934 2630 3141 2711; x_wconf 91' lang='lat' dir='ltr'><strong>primo</strong></span> <span class='ocrx_word' id='word_1_283' title='bbox 3192 2631 3379 2693; x_wconf 92' lang='lat' dir='ltr'><strong>modo</strong></span> <span class='ocrx_word' id='word_1_284' title='bbox 3431 2648 3446 2692; x_wconf 88' lang='lat'>:</span> 
     </span>
     <span class='ocr_line' id='line_1_45' title="bbox 1956 2726 3449 2811; baseline 0.003 -24"><span class='ocrx_word' id='word_1_285' title='bbox 1956 2726 2107 2807; x_wconf 89' lang='lat' dir='ltr'><strong>quia</strong></span> <span class='ocrx_word' id='word_1_286' title='bbox 2155 2745 2282 2789; x_wconf 89' lang='lat' dir='ltr'><strong>non</strong></span> <span class='ocrx_word' id='word_1_287' title='bbox 2330 2735 2536 2809; x_wconf 85' lang='lat' dir='ltr'><strong>potest</strong></span> <span class='ocrx_word' id='word_1_288' title='bbox 2581 2728 2822 2810; x_wconf 91' lang='lat' dir='ltr'><strong>aliquid</strong></span> <span class='ocrx_word' id='word_1_289' title='bbox 2880 2728 3230 2809; x_wconf 91' lang='lat' dir='ltr'><strong>producere</strong></span> <span class='ocrx_word' id='word_1_290' title='bbox 3278 2729 3449 2811; x_wconf 92' lang='lat' dir='ltr'><strong>quod</strong></span> 
     </span>
     <span class='ocr_line' id='line_1_46' title="bbox 1958 2825 3455 2907; baseline 0.001 -21"><span class='ocrx_word' id='word_1_291' title='bbox 1958 2842 2087 2887; x_wconf 90' lang='lat' dir='ltr'><strong>non</strong></span> <span class='ocrx_word' id='word_1_292' title='bbox 2125 2834 2221 2887; x_wconf 88' lang='lat' dir='ltr'><strong>est</strong></span> <span class='ocrx_word' id='word_1_293' title='bbox 2250 2846 2326 2888; x_wconf 85' lang='lat' dir='ltr'><strong>ex</strong></span> <span class='ocrx_word' id='word_1_294' title='bbox 2369 2833 2544 2907; x_wconf 88' lang='lat' dir='ltr'><strong>parte</strong></span> <span class='ocrx_word' id='word_1_295' title='bbox 2583 2827 2682 2888; x_wconf 87' lang='lat' dir='ltr'><strong>sui</strong></span> <span class='ocrx_word' id='word_1_296' title='bbox 2725 2825 3052 2907; x_wconf 88' lang='lat' dir='ltr'><strong>possibile,</strong></span> <span class='ocrx_word' id='word_1_297' title='bbox 3088 2833 3157 2887; x_wconf 90' lang='lat' dir='ltr'><strong>ut</strong></span> <span class='ocrx_word' id='word_1_298' title='bbox 3193 2828 3284 2888; x_wconf 88' lang='lat' dir='ltr'><strong>ait</strong></span> <span class='ocrx_word' id='word_1_299' title='bbox 3311 2827 3455 2891; x_wconf 84' lang='lat' dir='ltr'><strong>Avi-</strong></span> 
     </span>
     <span class='ocr_line' id='line_1_47' title="bbox 1958 2925 3457 3006; baseline 0.002 -22"><span class='ocrx_word' id='word_1_300' title='bbox 1958 2942 2160 2985; x_wconf 89' lang='lat' dir='ltr'><strong>cenna</strong></span> <span class='ocrx_word' id='word_1_301' title='bbox 2189 2925 2468 2987; x_wconf 89' lang='lat' dir='ltr'><strong>secundo</strong></span> <span class='ocrx_word' id='word_1_302' title='bbox 2498 2925 2938 3006; x_wconf 80' lang='lat' dir='ltr'><strong>Metaphysicae</strong></span> <span class='ocrx_word' id='word_1_303' title='bbox 2969 2944 3116 2987; x_wconf 83' lang='lat' dir='ltr'><strong>suae.</strong></span> <span class='ocrx_word' id='word_1_304' title='bbox 3149 2925 3321 2988; x_wconf 88' lang='lat' dir='ltr'><strong>Nihil</strong></span> <span class='ocrx_word' id='word_1_305' title='bbox 3351 2944 3457 2987; x_wconf 88' lang='lat' dir='ltr'><strong>au-</strong></span> 
     </span>
    </p>
   </div>
   <div class='ocr_carea' id='block_1_8' title="bbox 367 3019 3455 3107">
    <p class='ocr_par' dir='ltr' id='par_1_9' title="bbox 367 3019 3455 3107">
     <span class='ocr_line' id='line_1_48' title="bbox 367 3019 3455 3107; baseline 0.002 -27"><span class='ocrx_word' id='word_1_306' title='bbox 367 3019 427 3081; x_wconf 89' lang='lat' dir='ltr'><strong>in</strong></span> <span class='ocrx_word' id='word_1_307' title='bbox 476 3020 591 3085; x_wconf 87' lang='lat' dir='ltr'><strong>isto</strong></span> <span class='ocrx_word' id='word_1_308' title='bbox 647 3024 867 3105; x_wconf 89' lang='lat' dir='ltr'><strong>priori,</strong></span> <span class='ocrx_word' id='word_1_309' title='bbox 918 3025 1236 3106; x_wconf 86' lang='lat' dir='ltr'><strong>completa</strong></span> <span class='ocrx_word' id='word_1_310' title='bbox 1296 3025 1709 3107; x_wconf 85' lang='lat' dir='ltr'><strong>productione</strong></span> <span class='ocrx_word' id='word_1_311' title='bbox 1767 3026 1846 3087; x_wconf 89' lang='lat' dir='ltr'><strong>ad</strong></span> <span class='ocrx_word' id='word_1_312' title='bbox 1884 3021 1926 3085; x_wconf 91' lang='lat' dir='ltr'>C</span> <span class='ocrx_word' id='word_1_313' title='bbox 1959 3030 2087 3084; x_wconf 85' lang='lat' dir='ltr'><strong>tem</strong></span> <span class='ocrx_word' id='word_1_314' title='bbox 2133 3040 2258 3084; x_wconf 91' lang='lat' dir='ltr'><strong>non</strong></span> <span class='ocrx_word' id='word_1_315' title='bbox 2303 3030 2400 3084; x_wconf 90' lang='lat' dir='ltr'><strong>est</strong></span> <span class='ocrx_word' id='word_1_316' title='bbox 2448 3022 2751 3105; x_wconf 92' lang='lat' dir='ltr'><strong>possibile</strong></span> <span class='ocrx_word' id='word_1_317' title='bbox 2796 3042 2873 3085; x_wconf 88' lang='lat' dir='ltr'><strong>ex</strong></span> <span class='ocrx_word' id='word_1_318' title='bbox 2919 3030 3094 3104; x_wconf 88' lang='lat' dir='ltr'><strong>parte</strong></span> <span class='ocrx_word' id='word_1_319' title='bbox 3138 3024 3260 3098; x_wconf 92' lang='lat' dir='ltr'><strong>sui,</strong></span> <span class='ocrx_word' id='word_1_320' title='bbox 3303 3043 3455 3106; x_wconf 91' lang='lat' dir='ltr'><strong>quo-</strong></span> 
     </span>
    </p>
   </div>
   <div class='ocr_carea' id='block_1_9' title="bbox 366 3119 1849 4183">
    <p class='ocr_par' dir='ltr' id='par_1_10' title="bbox 366 3119 1849 4183">
     <span class='ocr_line' id='line_1_49' title="bbox 368 3119 1849 3204; baseline 0.005 -25"><span class='ocrx_word' id='word_1_321' title='bbox 368 3119 540 3194; x_wconf 88' lang='lat' dir='ltr'><strong>intra,</strong></span> <span class='ocrx_word' id='word_1_322' title='bbox 573 3122 1082 3185; x_wconf 88' lang='lat' dir='ltr'><strong>communicatur</strong></span> <span class='ocrx_word' id='word_1_323' title='bbox 1124 3123 1327 3186; x_wconf 89' lang='lat' dir='ltr'><strong>tribus</strong></span> <span class='ocrx_word' id='word_1_324' title='bbox 1378 3124 1665 3204; x_wconf 90' lang='lat' dir='ltr'><strong>personis</strong></span> <span class='ocrx_word' id='word_1_325' title='bbox 1716 3142 1849 3186; x_wconf 91' lang='lat' dir='ltr'><strong>om-</strong></span> 
     </span>
     <span class='ocr_line' id='line_1_50' title="bbox 368 3218 1843 3304; baseline 0.004 -26"><span class='ocrx_word' id='word_1_326' title='bbox 368 3218 461 3279; x_wconf 91' lang='lat' dir='ltr'><strong>nis</strong></span> <span class='ocrx_word' id='word_1_327' title='bbox 508 3218 855 3283; x_wconf 75' lang='lat' dir='ltr'><strong>fecunditas</strong></span> <span class='ocrx_word' id='word_1_328' title='bbox 902 3240 1045 3303; x_wconf 82' lang='lat' dir='ltr'><strong>quae</strong></span> <span class='ocrx_word' id='word_1_329' title='bbox 1092 3239 1219 3283; x_wconf 89' lang='lat' dir='ltr'><strong>non</strong></span> <span class='ocrx_word' id='word_1_330' title='bbox 1263 3228 1573 3304; x_wconf 86' lang='lat' dir='ltr'><strong>repugnat</strong></span> <span class='ocrx_word' id='word_1_331' title='bbox 1617 3222 1682 3283; x_wconf 91' lang='lat' dir='ltr'><strong>in</strong></span> <span class='ocrx_word' id='word_1_332' title='bbox 1730 3222 1843 3298; x_wconf 88' lang='lat' dir='ltr'><strong>eis,</strong></span> 
     </span>
     <span class='ocr_line' id='line_1_51' title="bbox 366 3320 1847 3401; baseline 0.004 -25"><span class='ocrx_word' id='word_1_333' title='bbox 366 3324 425 3377; x_wconf 84' lang='lat' dir='ltr'><strong>et</strong></span> <span class='ocrx_word' id='word_1_334' title='bbox 474 3336 579 3398; x_wconf 89' lang='lat' dir='ltr'><strong>per</strong></span> <span class='ocrx_word' id='word_1_335' title='bbox 630 3336 1027 3401; x_wconf 89' lang='lat' dir='ltr'><strong>consequens</strong></span> <span class='ocrx_word' id='word_1_336' title='bbox 1077 3320 1587 3382; x_wconf 85' lang='lat' dir='ltr'><strong>communicatur</strong></span> <span class='ocrx_word' id='word_1_337' title='bbox 1636 3321 1729 3381; x_wconf 90' lang='lat' dir='ltr'><strong>eis</strong></span> <span class='ocrx_word' id='word_1_338' title='bbox 1778 3322 1847 3383; x_wconf 92' lang='lat' dir='ltr'><strong>il-</strong></span> 
     </span>
     <span class='ocr_line' id='line_1_52' title="bbox 370 3413 1848 3500; baseline 0.005 -26"><span class='ocrx_word' id='word_1_339' title='bbox 370 3413 471 3475; x_wconf 88' lang='lat' dir='ltr'><strong>lud</strong></span> <span class='ocrx_word' id='word_1_340' title='bbox 495 3418 655 3497; x_wconf 91' lang='lat' dir='ltr'><strong>quod</strong></span> <span class='ocrx_word' id='word_1_341' title='bbox 684 3425 781 3479; x_wconf 89' lang='lat' dir='ltr'><strong>est</strong></span> <span class='ocrx_word' id='word_1_342' title='bbox 805 3417 1195 3499; x_wconf 89' lang='lat' dir='ltr'><strong>principium</strong></span> <span class='ocrx_word' id='word_1_343' title='bbox 1226 3418 1673 3500; x_wconf 86' lang='lat' dir='ltr'><strong>productivum</strong></span> <span class='ocrx_word' id='word_1_344' title='bbox 1706 3438 1848 3481; x_wconf 91' lang='lat' dir='ltr'><strong>cau-</strong></span> 
     </span>
     <span class='ocr_line' id='line_1_53' title="bbox 368 3512 1844 3597; baseline 0.005 -25"><span class='ocrx_word' id='word_1_345' title='bbox 368 3512 612 3575; x_wconf 86' lang='lat' dir='ltr'><strong>sationis</strong></span> <span class='ocrx_word' id='word_1_346' title='bbox 673 3516 753 3577; x_wconf 91' lang='lat' dir='ltr'><strong>ad</strong></span> <span class='ocrx_word' id='word_1_347' title='bbox 810 3523 1051 3579; x_wconf 66' lang='lat' dir='ltr'><strong>extra:</strong></span> <span class='ocrx_word' id='word_1_348' title='bbox 1098 3534 1247 3597; x_wconf 88' lang='lat' dir='ltr'><strong>ergo</strong></span> <span class='ocrx_word' id='word_1_349' title='bbox 1304 3516 1370 3578; x_wconf 92' lang='lat' dir='ltr'><strong>in</strong></span> <span class='ocrx_word' id='word_1_350' title='bbox 1426 3516 1536 3579; x_wconf 93' lang='lat' dir='ltr'><strong>illo</strong></span> <span class='ocrx_word' id='word_1_351' title='bbox 1588 3517 1844 3579; x_wconf 88' lang='lat' dir='ltr'><strong>instanti</strong></span> 
     </span>
     <span class='ocr_line' id='line_1_54' title="bbox 370 3608 1847 3697; baseline 0.005 -27"><span class='ocrx_word' id='word_1_352' title='bbox 370 3608 431 3670; x_wconf 90' lang='lat' dir='ltr'><strong>iu</strong></span> <span class='ocrx_word' id='word_1_353' title='bbox 474 3630 590 3692; x_wconf 93' lang='lat' dir='ltr'><strong>quo</strong></span> <span class='ocrx_word' id='word_1_354' title='bbox 631 3621 729 3674; x_wconf 90' lang='lat' dir='ltr'><strong>est</strong></span> <span class='ocrx_word' id='word_1_355' title='bbox 766 3614 1129 3695; x_wconf 82' lang='lat' dir='ltr'><strong>proximum</strong></span> <span class='ocrx_word' id='word_1_356' title='bbox 1174 3615 1565 3697; x_wconf 90' lang='lat' dir='ltr'><strong>principium</strong></span> <span class='ocrx_word' id='word_1_357' title='bbox 1612 3616 1675 3677; x_wconf 92' lang='lat' dir='ltr'><strong>in</strong></span> <span class='ocrx_word' id='word_1_358' title='bbox 1720 3617 1847 3677; x_wconf 89' lang='lat' dir='ltr'><strong>Deo</strong></span> 
     </span>
     <span class='ocr_line' id='line_1_55' title="bbox 368 3708 1845 3795; baseline 0.004 -26"><span class='ocrx_word' id='word_1_359' title='bbox 368 3708 441 3769; x_wconf 85' lang='lat' dir='ltr'><strong>ad</strong></span> <span class='ocrx_word' id='word_1_360' title='bbox 492 3711 959 3790; x_wconf 91' lang='lat' dir='ltr'><strong>producendum</strong></span> <span class='ocrx_word' id='word_1_361' title='bbox 1020 3712 1277 3795; x_wconf 87' lang='lat' dir='ltr'><strong>aliquod</strong></span> <span class='ocrx_word' id='word_1_362' title='bbox 1337 3714 1709 3793; x_wconf 88' lang='lat' dir='ltr'><strong>contingens</strong></span> <span class='ocrx_word' id='word_1_363' title='bbox 1766 3714 1845 3775; x_wconf 87' lang='lat' dir='ltr'><strong>ad</strong></span> 
     </span>
     <span class='ocr_line' id='line_1_56' title="bbox 368 3808 1845 3892; baseline 0.004 -26"><span class='ocrx_word' id='word_1_364' title='bbox 368 3814 551 3880; x_wconf 81' lang='lat' dir='ltr'><strong>extra,</strong></span> <span class='ocrx_word' id='word_1_365' title='bbox 594 3808 751 3870; x_wconf 91' lang='lat' dir='ltr'><strong>illud</strong></span> <span class='ocrx_word' id='word_1_366' title='bbox 800 3810 1311 3872; x_wconf 89' lang='lat' dir='ltr'><strong>communicatur</strong></span> <span class='ocrx_word' id='word_1_367' title='bbox 1359 3810 1581 3871; x_wconf 82' lang='lat' dir='ltr'><strong>tribuS.</strong></span> <span class='ocrx_word' id='word_1_368' title='bbox 1628 3812 1845 3892; x_wconf 89' lang='lat' dir='ltr'><strong>Itaque</strong></span> 
     </span>
     <span class='ocr_line' id='line_1_57' title="bbox 370 3904 1843 3992; baseline 0.004 -27"><span class='ocrx_word' id='word_1_369' title='bbox 370 3904 443 3965; x_wconf 88' lang='lat' dir='ltr'><strong>de</strong></span> <span class='ocrx_word' id='word_1_370' title='bbox 472 3906 833 3969; x_wconf 86' lang='lat' dir='ltr'><strong>necessitate</strong></span> <span class='ocrx_word' id='word_1_371' title='bbox 863 3907 1198 3970; x_wconf 88' lang='lat' dir='ltr'><strong>causalitas</strong></span> <span class='ocrx_word' id='word_1_372' title='bbox 1232 3908 1515 3990; x_wconf 79' lang='lat' dir='ltr'><strong>perfecta</strong></span> <span class='ocrx_word' id='word_1_373' title='bbox 1551 3917 1843 3992; x_wconf 88' lang='lat' dir='ltr'><strong>respectu</strong></span> 
     </span>
     <span class='ocr_line' id='line_1_58' title="bbox 370 4003 1845 4088; baseline 0.004 -25"><span class='ocrx_word' id='word_1_374' title='bbox 370 4003 639 4065; x_wconf 88' lang='lat' dir='ltr'><strong>omnium</strong></span> <span class='ocrx_word' id='word_1_375' title='bbox 690 4004 1065 4068; x_wconf 89' lang='lat' dir='ltr'><strong>creabilium</strong></span> <span class='ocrx_word' id='word_1_376' title='bbox 1115 4013 1212 4067; x_wconf 90' lang='lat' dir='ltr'><strong>est</strong></span> <span class='ocrx_word' id='word_1_377' title='bbox 1260 4006 1325 4067; x_wconf 92' lang='lat' dir='ltr'><strong>in</strong></span> <span class='ocrx_word' id='word_1_378' title='bbox 1376 4005 1583 4069; x_wconf 89' lang='lat' dir='ltr'><strong>tribus</strong></span> <span class='ocrx_word' id='word_1_379' title='bbox 1633 4025 1845 4088; x_wconf 89' lang='lat' dir='ltr'><strong>perso-</strong></span> 
     </span>
     <span class='ocr_line' id='line_1_59' title="bbox 370 4100 1841 4183; baseline 0.004 -23"><span class='ocrx_word' id='word_1_380' title='bbox 370 4100 487 4173; x_wconf 90' lang='lat' dir='ltr'><strong>nis,</strong></span> <span class='ocrx_word' id='word_1_381' title='bbox 517 4109 576 4163; x_wconf 92' lang='lat' dir='ltr'><strong>et</strong></span> <span class='ocrx_word' id='word_1_382' title='bbox 615 4102 759 4177; x_wconf 92' lang='lat' dir='ltr'><strong>hoc,</strong></span> <span class='ocrx_word' id='word_1_383' title='bbox 798 4108 1089 4183; x_wconf 90' lang='lat' dir='ltr'><strong>respectu</strong></span> <span class='ocrx_word' id='word_1_384' title='bbox 1134 4103 1421 4165; x_wconf 90' lang='lat' dir='ltr'><strong>omnium</strong></span> <span class='ocrx_word' id='word_1_385' title='bbox 1468 4103 1841 4167; x_wconf 89' lang='lat' dir='ltr'><strong>creabilium</strong></span> 
     </span>
    </p>
   </div>
   <div class='ocr_carea' id='block_1_10' title="bbox 1953 3120 3454 4183">
    <p class='ocr_par' dir='ltr' id='par_1_11' title="bbox 1953 3120 3454 4183">
     <span class='ocr_line' id='line_1_60' title="bbox 1958 3120 3453 3202; baseline 0.003 -21"><span class='ocrx_word' id='word_1_386' title='bbox 1958 3120 2131 3182; x_wconf 90' lang='lat' dir='ltr'><strong>niam</strong></span> <span class='ocrx_word' id='word_1_387' title='bbox 2162 3138 2291 3183; x_wconf 90' lang='lat' dir='ltr'><strong>non</strong></span> <span class='ocrx_word' id='word_1_388' title='bbox 2322 3128 2419 3183; x_wconf 91' lang='lat' dir='ltr'><strong>est</strong></span> <span class='ocrx_word' id='word_1_389' title='bbox 2449 3121 2608 3183; x_wconf 89' lang='lat' dir='ltr'><strong>ratio</strong></span> <span class='ocrx_word' id='word_1_390' title='bbox 2636 3140 2831 3202; x_wconf 88' lang='lat' dir='ltr'><strong>quare</strong></span> <span class='ocrx_word' id='word_1_391' title='bbox 2863 3140 3062 3182; x_wconf 90' lang='lat' dir='ltr'><strong>unum</strong></span> <span class='ocrx_word' id='word_1_392' title='bbox 3095 3121 3256 3184; x_wconf 91' lang='lat' dir='ltr'><strong>nihil</strong></span> <span class='ocrx_word' id='word_1_393' title='bbox 3287 3131 3453 3185; x_wconf 90' lang='lat' dir='ltr'><strong>esset</strong></span> 
     </span>
     <span class='ocr_line' id='line_1_61' title="bbox 1959 3218 3452 3301; baseline 0.002 -22"><span class='ocrx_word' id='word_1_394' title='bbox 1959 3218 2285 3300; x_wconf 89' lang='lat' dir='ltr'><strong>possibile,</strong></span> <span class='ocrx_word' id='word_1_395' title='bbox 2330 3236 2457 3281; x_wconf 89' lang='lat' dir='ltr'><strong>non</strong></span> <span class='ocrx_word' id='word_1_396' title='bbox 2498 3218 2690 3281; x_wconf 89' lang='lat' dir='ltr'><strong>aliud.</strong></span> <span class='ocrx_word' id='word_1_397' title='bbox 2727 3218 3155 3281; x_wconf 80' lang='lat' dir='ltr'><strong>confirmatur</strong></span> <span class='ocrx_word' id='word_1_398' title='bbox 3197 3236 3452 3301; x_wconf 89' lang='lat' dir='ltr'><strong>quoquc</strong></span> 
     </span>
     <span class='ocr_line' id='line_1_62' title="bbox 1957 3316 3454 3398; baseline 0.003 -21"><span class='ocrx_word' id='word_1_399' title='bbox 1957 3317 2090 3379; x_wconf 76' lang='lat' dir='ltr'><strong>haec</strong></span> <span class='ocrx_word' id='word_1_400' title='bbox 2122 3316 2282 3379; x_wconf 87' lang='lat' dir='ltr'><strong>ratio</strong></span> <span class='ocrx_word' id='word_1_401' title='bbox 2316 3333 2330 3378; x_wconf 75' lang='grc' dir='ltr'>ε</span> <span class='ocrx_word' id='word_1_402' title='bbox 2366 3316 2516 3398; x_wconf 90' lang='lat' dir='ltr'><strong>quia</strong></span> <span class='ocrx_word' id='word_1_403' title='bbox 2547 3316 2612 3378; x_wconf 91' lang='lat' dir='ltr'><strong>in</strong></span> <span class='ocrx_word' id='word_1_404' title='bbox 2643 3317 2818 3378; x_wconf 90' lang='lat' dir='ltr'><strong>omni</strong></span> <span class='ocrx_word' id='word_1_405' title='bbox 2849 3324 3135 3380; x_wconf 88' lang='lat' dir='ltr'><strong>creatura</strong></span> <span class='ocrx_word' id='word_1_406' title='bbox 3161 3324 3259 3379; x_wconf 87' lang='lat' dir='ltr'><strong>est</strong></span> <span class='ocrx_word' id='word_1_407' title='bbox 3289 3336 3454 3381; x_wconf 88' lang='lat' dir='ltr'><strong>com·</strong></span> 
     </span>
     <span class='ocr_line' id='line_1_63' title="bbox 1959 3413 3450 3497; baseline 0.002 -22"><span class='ocrx_word' id='word_1_408' title='bbox 1959 3413 2188 3494; x_wconf 90' lang='lat' dir='ltr'><strong>positio</strong></span> <span class='ocrx_word' id='word_1_409' title='bbox 2230 3433 2308 3475; x_wconf 85' lang='lat' dir='ltr'><strong>ex</strong></span> <span class='ocrx_word' id='word_1_410' title='bbox 2355 3423 2498 3476; x_wconf 88' lang='lat' dir='ltr'><strong>actu</strong></span> <span class='ocrx_word' id='word_1_411' title='bbox 2547 3421 2611 3476; x_wconf 91' lang='lat' dir='ltr'><strong>et</strong></span> <span class='ocrx_word' id='word_1_412' title='bbox 2654 3415 2956 3496; x_wconf 88' lang='lat' dir='ltr'><strong>potentia,</strong></span> <span class='ocrx_word' id='word_1_413' title='bbox 3000 3415 3064 3477; x_wconf 90' lang='lat' dir='ltr'><strong>in</strong></span> <span class='ocrx_word' id='word_1_414' title='bbox 3107 3416 3342 3497; x_wconf 90' lang='lat' dir='ltr'><strong>quibus</strong></span> <span class='ocrx_word' id='word_1_415' title='bbox 3387 3425 3450 3479; x_wconf 93' lang='lat' dir='ltr'><strong>et</strong></span> 
     </span>
     <span class='ocr_line' id='line_1_64' title="bbox 1955 3510 3452 3594; baseline 0.001 -21"><span class='ocrx_word' id='word_1_416' title='bbox 1955 3510 2176 3573; x_wconf 89' lang='lat' dir='ltr'><strong>ordine</strong></span> <span class='ocrx_word' id='word_1_417' title='bbox 2219 3519 2460 3574; x_wconf 81' lang='lat' dir='ltr'><strong>naturae</strong></span> <span class='ocrx_word' id='word_1_418' title='bbox 2502 3511 2928 3594; x_wconf 86' lang='lat' dir='ltr'><strong>potentialitas</strong></span> <span class='ocrx_word' id='word_1_419' title='bbox 2973 3513 3147 3594; x_wconf 90' lang='lat' dir='ltr'><strong>prior</strong></span> <span class='ocrx_word' id='word_1_420' title='bbox 3190 3520 3286 3575; x_wconf 82' lang='lat' dir='ltr'><strong>est</strong></span> <span class='ocrx_word' id='word_1_421' title='bbox 3328 3532 3343 3577; x_wconf 90' lang='lat'>:</span> <span class='ocrx_word' id='word_1_422' title='bbox 3387 3522 3452 3576; x_wconf 88' lang='lat' dir='ltr'><strong>et</strong></span> 
     </span>
     <span class='ocr_line' id='line_1_65' title="bbox 1956 3609 3449 3691; baseline 0.003 -22"><span class='ocrx_word' id='word_1_423' title='bbox 1956 3616 2106 3670; x_wconf 88' lang='lat' dir='ltr'><strong>tunc</strong></span> <span class='ocrx_word' id='word_1_424' title='bbox 2155 3610 2274 3671; x_wconf 89' lang='lat' dir='ltr'><strong>ista</strong></span> <span class='ocrx_word' id='word_1_425' title='bbox 2321 3609 2750 3691; x_wconf 86' lang='lat' dir='ltr'><strong>potentialitas</strong></span> <span class='ocrx_word' id='word_1_426' title='bbox 2797 3628 2924 3671; x_wconf 92' lang='lat' dir='ltr'><strong>non</strong></span> <span class='ocrx_word' id='word_1_427' title='bbox 2973 3619 3069 3673; x_wconf 91' lang='lat' dir='ltr'><strong>est</strong></span> <span class='ocrx_word' id='word_1_428' title='bbox 3112 3611 3294 3686; x_wconf 90' lang='lat' dir='ltr'><strong>nihil,</strong></span> <span class='ocrx_word' id='word_1_429' title='bbox 3339 3613 3449 3674; x_wconf 89' lang='lat' dir='ltr'><strong>sed</strong></span> 
     </span>
     <span class='ocr_line' id='line_1_66' title="bbox 1953 3706 3450 3789; baseline 0.003 -21"><span class='ocrx_word' id='word_1_430' title='bbox 1953 3706 2227 3787; x_wconf 88' lang='lat' dir='ltr'><strong>alicujus</strong></span> <span class='ocrx_word' id='word_1_431' title='bbox 2257 3708 2422 3769; x_wconf 88' lang='lat' dir='ltr'><strong>entis</strong></span> <span class='ocrx_word' id='word_1_432' title='bbox 2451 3708 2804 3770; x_wconf 89' lang='lat' dir='ltr'><strong>secundum</strong></span> <span class='ocrx_word' id='word_1_433' title='bbox 2833 3708 3089 3789; x_wconf 90' lang='lat' dir='ltr'><strong>aliquod</strong></span> <span class='ocrx_word' id='word_1_434' title='bbox 3119 3727 3290 3789; x_wconf 91' lang='grc'><strong>6336;</strong></span> <span class='ocrx_word' id='word_1_435' title='bbox 3322 3728 3450 3773; x_wconf 89' lang='lat' dir='ltr'><strong>non</strong></span> 
     </span>
     <span class='ocr_line' id='line_1_67' title="bbox 1955 3805 3446 3888; baseline 0.002 -21"><span class='ocrx_word' id='word_1_436' title='bbox 1955 3824 2092 3867; x_wconf 91' lang='grc'><strong>6336</strong></span> <span class='ocrx_word' id='word_1_437' title='bbox 2130 3805 2537 3879; x_wconf 60' lang='lat' dir='ltr'><strong>exsistentiae,</strong></span> <span class='ocrx_word' id='word_1_438' title='bbox 2570 3824 2720 3887; x_wconf 88' lang='lat' dir='ltr'><strong>ergo</strong></span> <span class='ocrx_word' id='word_1_439' title='bbox 2757 3826 2896 3869; x_wconf 89' lang='lat' dir='ltr'><strong>esse</strong></span> <span class='ocrx_word' id='word_1_440' title='bbox 2930 3807 3446 3888; x_wconf 86' lang='lat' dir='ltr'><strong>quidditativum.</strong></span> 
     </span>
     <span class='ocr_line' id='line_1_68' title="bbox 1955 3903 3454 3987; baseline 0.003 -23"><span class='ocrx_word' id='word_1_441' title='bbox 1955 3904 2031 3965; x_wconf 88' lang='lat' dir='ltr'><strong>Et</strong></span> <span class='ocrx_word' id='word_1_442' title='bbox 2059 3903 2204 3978; x_wconf 91' lang='lat' dir='ltr'><strong>hoc,</strong></span> <span class='ocrx_word' id='word_1_443' title='bbox 2237 3912 2426 3985; x_wconf 88' lang='lat' dir='ltr'><strong>prout</strong></span> <span class='ocrx_word' id='word_1_444' title='bbox 2456 3904 2697 3966; x_wconf 90' lang='lat' dir='ltr'><strong>dictum</strong></span> <span class='ocrx_word' id='word_1_445' title='bbox 2728 3913 2825 3966; x_wconf 88' lang='lat' dir='ltr'><strong>cst</strong></span> <span class='ocrx_word' id='word_1_446' title='bbox 2855 3905 3065 3987; x_wconf 90' lang='lat' dir='ltr'><strong>primo</strong></span> <span class='ocrx_word' id='word_1_447' title='bbox 3094 3905 3257 3969; x_wconf 91' lang='lat' dir='ltr'><strong>libro</strong></span> <span class='ocrx_word' id='word_1_448' title='bbox 3290 3926 3304 3970; x_wconf 92' lang='lat'><strong>:</strong></span> <span class='ocrx_word' id='word_1_449' title='bbox 3339 3906 3454 3969; x_wconf 89' lang='lat' dir='ltr'><strong>Per</strong></span> 
     </span>
     <span class='ocr_line' id='line_1_69' title="bbox 1955 4002 3451 4084; baseline 0.002 -21"><span class='ocrx_word' id='word_1_450' title='bbox 1955 4002 2292 4083; x_wconf 85' lang='lat' dir='ltr'><strong>potentiam</strong></span> <span class='ocrx_word' id='word_1_451' title='bbox 2320 4002 2432 4065; x_wconf 91' lang='lat' dir='ltr'><strong>Dei</strong></span> <span class='ocrx_word' id='word_1_452' title='bbox 2463 4002 2826 4084; x_wconf 89' lang='lat' dir='ltr'><strong>producitur</strong></span> <span class='ocrx_word' id='word_1_453' title='bbox 2856 4002 3060 4084; x_wconf 89' lang='lat' dir='ltr'><strong>primo</strong></span> <span class='ocrx_word' id='word_1_454' title='bbox 3088 4023 3188 4066; x_wconf 91' lang='lat' dir='ltr'><strong>res</strong></span> <span class='ocrx_word' id='word_1_455' title='bbox 3219 4005 3284 4065; x_wconf 89' lang='lat' dir='ltr'><strong>in</strong></span> <span class='ocrx_word' id='word_1_456' title='bbox 3313 4022 3451 4067; x_wconf 91' lang='lat' dir='ltr'><strong>esse</strong></span> 
     </span>
     <span class='ocr_line' id='line_1_70' title="bbox 1956 4098 3452 4183; baseline 0.002 -22"><span class='ocrx_word' id='word_1_457' title='bbox 1956 4098 2247 4181; x_wconf 89' lang='lat' dir='ltr'><strong>possibili</strong></span> <span class='ocrx_word' id='word_1_458' title='bbox 2290 4100 2560 4182; x_wconf 88' lang='lat' dir='ltr'><strong>passive,</strong></span> <span class='ocrx_word' id='word_1_459' title='bbox 2595 4107 2657 4161; x_wconf 88' lang='lat' dir='ltr'><strong>et</strong></span> <span class='ocrx_word' id='word_1_460' title='bbox 2689 4107 2840 4162; x_wconf 88' lang='lat' dir='ltr'><strong>tunc</strong></span> <span class='ocrx_word' id='word_1_461' title='bbox 2873 4100 3036 4162; x_wconf 87' lang='lat' dir='ltr'><strong>ultra</strong></span> <span class='ocrx_word' id='word_1_462' title='bbox 3071 4108 3277 4183; x_wconf 90' lang='lat' dir='ltr'><strong>potest</strong></span> <span class='ocrx_word' id='word_1_463' title='bbox 3307 4120 3452 4183; x_wconf 92' lang='lat' dir='ltr'><strong>pro-</strong></span> 
     </span>
    </p>
   </div>
   <div class='ocr_carea' id='block_1_11' title="bbox 373 4196 3447 4282">
    <p class='ocr_par' dir='ltr' id='par_1_12' title="bbox 373 4196 3447 4282">
     <span class='ocr_line' id='line_1_71' title="bbox 373 4196 3447 4282; baseline 0.001 -23"><span class='ocrx_word' id='word_1_464' title='bbox 373 4196 433 4258; x_wconf 93' lang='lat' dir='ltr'><strong>in</strong></span> <span class='ocrx_word' id='word_1_465' title='bbox 476 4218 867 4282; x_wconf 90' lang='lat' dir='ltr'><strong>quocumque</strong></span> <span class='ocrx_word' id='word_1_466' title='bbox 910 4218 1071 4274; x_wconf 88' lang='lat' dir='ltr'><strong>csse,</strong></span> <span class='ocrx_word' id='word_1_467' title='bbox 1114 4200 1247 4263; x_wconf 87' lang='lat' dir='ltr'><strong>sive</strong></span> <span class='ocrx_word' id='word_1_468' title='bbox 1289 4200 1670 4282; x_wconf 88' lang='lat' dir='ltr'><strong>simpliciter</strong></span> <span class='ocrx_word' id='word_1_469' title='bbox 1712 4202 1845 4264; x_wconf 90' lang='lat' dir='ltr'><strong>sive</strong></span> <span class='ocrx_word' id='word_1_470' title='bbox 1874 4204 1923 4266; x_wconf 93' lang='lat' dir='ltr'>D</span> <span class='ocrx_word' id='word_1_471' title='bbox 1954 4197 2101 4259; x_wconf 89' lang='lat' dir='ltr'><strong>duci</strong></span> <span class='ocrx_word' id='word_1_472' title='bbox 2152 4197 2218 4259; x_wconf 91' lang='lat' dir='ltr'><strong>in</strong></span> <span class='ocrx_word' id='word_1_473' title='bbox 2261 4215 2398 4259; x_wconf 90' lang='lat' dir='ltr'><strong>esse</strong></span> <span class='ocrx_word' id='word_1_474' title='bbox 2447 4198 2852 4272; x_wconf 84' lang='lat' dir='ltr'><strong>exsistentiae,</strong></span> <span class='ocrx_word' id='word_1_475' title='bbox 2897 4216 3023 4261; x_wconf 91' lang='lat' dir='ltr'><strong>non</strong></span> <span class='ocrx_word' id='word_1_476' title='bbox 3066 4206 3278 4261; x_wconf 90' lang='lat' dir='ltr'><strong>tamen</strong></span> <span class='ocrx_word' id='word_1_477' title='bbox 3321 4200 3447 4261; x_wconf 90' lang='lat' dir='ltr'><strong>nisi</strong></span> 
     </span>
    </p>
   </div>
   <div class='ocr_carea' id='block_1_12' title="bbox 372 4298 1853 5341">
    <p class='ocr_par' dir='ltr' id='par_1_13' title="bbox 372 4298 1853 5341">
     <span class='ocr_line' id='line_1_72' title="bbox 372 4298 1847 4381; baseline 0.003 -25"><span class='ocrx_word' id='word_1_478' title='bbox 372 4298 701 4360; x_wconf 87' lang='lat' dir='ltr'><strong>secundum</strong></span> <span class='ocrx_word' id='word_1_479' title='bbox 745 4298 923 4380; x_wconf 93' lang='lat' dir='ltr'><strong>quid,</strong></span> <span class='ocrx_word' id='word_1_480' title='bbox 958 4298 1045 4360; x_wconf 90' lang='lat' dir='ltr'><strong>ita</strong></span> <span class='ocrx_word' id='word_1_481' title='bbox 1085 4299 1255 4380; x_wconf 91' lang='lat' dir='ltr'><strong>quod</strong></span> <span class='ocrx_word' id='word_1_482' title='bbox 1300 4317 1426 4362; x_wconf 89' lang='lat' dir='ltr'><strong>non</strong></span> <span class='ocrx_word' id='word_1_483' title='bbox 1467 4298 1669 4381; x_wconf 90' lang='lat' dir='ltr'><strong>possit</strong></span> <span class='ocrx_word' id='word_1_484' title='bbox 1706 4319 1847 4363; x_wconf 90' lang='lat' dir='ltr'><strong>esse</strong></span> 
     </span>
     <span class='ocr_line' id='line_1_73' title="bbox 373 4391 1845 4479; baseline 0.005 -28"><span class='ocrx_word' id='word_1_485' title='bbox 373 4391 489 4453; x_wconf 87' lang='lat' dir='ltr'><strong>nisi</strong></span> <span class='ocrx_word' id='word_1_486' title='bbox 516 4394 578 4457; x_wconf 89' lang='lat' dir='ltr'><strong>in</strong></span> <span class='ocrx_word' id='word_1_487' title='bbox 607 4396 831 4459; x_wconf 76' lang='lat' dir='ltr'><strong>tribus,</strong></span> <span class='ocrx_word' id='word_1_488' title='bbox 865 4396 1161 4459; x_wconf 89' lang='lat' dir='ltr'><strong>Attamen</strong></span> <span class='ocrx_word' id='word_1_489' title='bbox 1192 4396 1245 4458; x_wconf 90' lang='lat' dir='ltr'><strong>si</strong></span> <span class='ocrx_word' id='word_1_490' title='bbox 1278 4416 1393 4478; x_wconf 90' lang='lat' dir='ltr'><strong>per</strong></span> <span class='ocrx_word' id='word_1_491' title='bbox 1446 4396 1845 4479; x_wconf 89' lang='lat' dir='ltr'><strong>impossibile</strong></span> 
     </span>
     <span class='ocr_line' id='line_1_74' title="bbox 374 4494 1849 4569; baseline 0.004 -18"><span class='ocrx_word' id='word_1_492' title='bbox 374 4500 623 4569; x_wconf 85' lang='lat' dir='ltr'><strong>ponatur</strong></span> <span class='ocrx_word' id='word_1_493' title='bbox 670 4494 737 4556; x_wconf 87' lang='lat' dir='ltr'><strong>iu</strong></span> <span class='ocrx_word' id='word_1_494' title='bbox 785 4494 1023 4556; x_wconf 88' lang='lat' dir='ltr'><strong>divinis</strong></span> <span class='ocrx_word' id='word_1_495' title='bbox 1081 4514 1207 4556; x_wconf 90' lang='lat' dir='ltr'><strong>una</strong></span> <span class='ocrx_word' id='word_1_496' title='bbox 1258 4502 1502 4557; x_wconf 83' lang='lat' dir='ltr'><strong>tantum</strong></span> <span class='ocrx_word' id='word_1_497' title='bbox 1560 4495 1849 4558; x_wconf 86' lang='lat' dir='ltr'><strong>absoluta</strong></span> 
     </span>
     <span class='ocr_line' id='line_1_75' title="bbox 373 4593 1844 4674; baseline 0.006 -27"><span class='ocrx_word' id='word_1_498' title='bbox 373 4604 643 4666; x_wconf 87' lang='lat' dir='ltr'><strong>persona,</strong></span> <span class='ocrx_word' id='word_1_499' title='bbox 713 4600 1177 4674; x_wconf 88' lang='lat' dir='ltr'><strong>consequenter</strong></span> <span class='ocrx_word' id='word_1_500' title='bbox 1240 4601 1408 4655; x_wconf 88' lang='lat' dir='ltr'><strong>esset</strong></span> <span class='ocrx_word' id='word_1_501' title='bbox 1474 4593 1844 4668; x_wconf 89' lang='lat' dir='ltr'><strong>dicendum,</strong></span> 
     </span>
     <span class='ocr_line' id='line_1_76' title="bbox 376 4688 1847 4773; baseline 0.005 -26"><span class='ocrx_word' id='word_1_502' title='bbox 376 4688 531 4766; x_wconf 87' lang='lat' dir='ltr'><strong>quod</strong></span> <span class='ocrx_word' id='word_1_503' title='bbox 578 4690 639 4751; x_wconf 90' lang='lat' dir='ltr'><strong>in</strong></span> <span class='ocrx_word' id='word_1_504' title='bbox 688 4690 796 4752; x_wconf 92' lang='lat' dir='ltr'><strong>tali</strong></span> <span class='ocrx_word' id='word_1_505' title='bbox 847 4708 1116 4773; x_wconf 88' lang='lat' dir='ltr'><strong>persona</strong></span> <span class='ocrx_word' id='word_1_506' title='bbox 1164 4699 1330 4753; x_wconf 88' lang='lat' dir='ltr'><strong>esset</strong></span> <span class='ocrx_word' id='word_1_507' title='bbox 1380 4692 1659 4773; x_wconf 83' lang='lat' dir='ltr'><strong>perfecte</strong></span> <span class='ocrx_word' id='word_1_508' title='bbox 1703 4693 1847 4755; x_wconf 89' lang='lat' dir='ltr'><strong>talis</strong></span> 
     </span>
     <span class='ocr_line' id='line_1_77' title="bbox 378 4786 1848 4871; baseline 0.005 -26"><span class='ocrx_word' id='word_1_509' title='bbox 378 4786 706 4851; x_wconf 86' lang='lat' dir='ltr'><strong>causalitas.</strong></span> <span class='ocrx_word' id='word_1_510' title='bbox 760 4788 990 4870; x_wconf 89' lang='lat' dir='ltr'><strong>Sicque</strong></span> <span class='ocrx_word' id='word_1_511' title='bbox 1046 4790 1381 4853; x_wconf 86' lang='lat' dir='ltr'><strong>causalitas</strong></span> <span class='ocrx_word' id='word_1_512' title='bbox 1440 4790 1723 4871; x_wconf 75' lang='lat' dir='ltr'><strong>perfecta</strong></span> <span class='ocrx_word' id='word_1_513' title='bbox 1772 4811 1848 4853; x_wconf 82' lang='lat' dir='ltr'><strong>ex</strong></span> 
     </span>
     <span class='ocr_line' id='line_1_78' title="bbox 380 4881 1850 4951; baseline 0.007 -10"><span class='ocrx_word' id='word_1_514' title='bbox 380 4881 603 4946; x_wconf 89' lang='lat' dir='ltr'><strong>ratione</strong></span> <span class='ocrx_word' id='word_1_515' title='bbox 646 4886 903 4948; x_wconf 84' lang='lat' dir='ltr'><strong>termini</strong></span> <span class='ocrx_word' id='word_1_516' title='bbox 952 4887 1053 4948; x_wconf 89' lang='lat' dir='ltr'><strong>sui</strong></span> <span class='ocrx_word' id='word_1_517' title='bbox 1094 4906 1223 4949; x_wconf 90' lang='lat' dir='ltr'><strong>non</strong></span> <span class='ocrx_word' id='word_1_518' title='bbox 1267 4888 1518 4950; x_wconf 87' lang='lat' dir='ltr'><strong>videtur</strong></span> <span class='ocrx_word' id='word_1_519' title='bbox 1568 4908 1850 4951; x_wconf 90' lang='lat' dir='ltr'><strong>necessa-</strong></span> 
     </span>
     <span class='ocr_line' id='line_1_79' title="bbox 382 4978 1847 5070; baseline 0.008 -31"><span class='ocrx_word' id='word_1_520' title='bbox 382 4978 475 5041; x_wconf 91' lang='lat' dir='ltr'><strong>rio</strong></span> <span class='ocrx_word' id='word_1_521' title='bbox 508 4982 816 5047; x_wconf 88' lang='lat' dir='ltr'><strong>includere</strong></span> <span class='ocrx_word' id='word_1_522' title='bbox 854 4986 1023 5067; x_wconf 91' lang='lat' dir='ltr'><strong>quod</strong></span> <span class='ocrx_word' id='word_1_523' title='bbox 1065 4986 1147 5047; x_wconf 92' lang='lat' dir='ltr'><strong>sit</strong></span> <span class='ocrx_word' id='word_1_524' title='bbox 1186 4986 1252 5047; x_wconf 88' lang='lat' dir='ltr'><strong>in</strong></span> <span class='ocrx_word' id='word_1_525' title='bbox 1292 4986 1498 5048; x_wconf 86' lang='lat' dir='ltr'><strong>tribus</strong></span> <span class='ocrx_word' id='word_1_526' title='bbox 1537 4988 1847 5070; x_wconf 82' lang='lat' dir='ltr'><strong>personiS,</strong></span> 
     </span>
     <span class='ocr_line' id='line_1_80' title="bbox 385 5080 1852 5157; baseline 0.005 -20"><span class='ocrx_word' id='word_1_527' title='bbox 385 5080 897 5157; x_wconf 88' lang='lat' dir='ltr'><strong>quemadmodum</strong></span> <span class='ocrx_word' id='word_1_528' title='bbox 938 5102 1055 5145; x_wconf 88' lang='lat' dir='ltr'><strong>nec</strong></span> <span class='ocrx_word' id='word_1_529' title='bbox 1094 5102 1172 5145; x_wconf 82' lang='lat' dir='ltr'><strong>ex</strong></span> <span class='ocrx_word' id='word_1_530' title='bbox 1212 5083 1455 5146; x_wconf 87' lang='lat' dir='ltr'><strong>ratione</strong></span> <span class='ocrx_word' id='word_1_531' title='bbox 1487 5084 1743 5146; x_wconf 92' lang='lat' dir='ltr'><strong>termini</strong></span> <span class='ocrx_word' id='word_1_532' title='bbox 1783 5084 1852 5145; x_wconf 92' lang='lat' dir='ltr'><strong>il-</strong></span> 
     </span>
     <span class='ocr_line' id='line_1_81' title="bbox 386 5172 1853 5261; baseline 0.007 -28"><span class='ocrx_word' id='word_1_533' title='bbox 386 5172 503 5235; x_wconf 89' lang='lat' dir='ltr'><strong>lius</strong></span> <span class='ocrx_word' id='word_1_534' title='bbox 542 5176 773 5242; x_wconf 88' lang='lat' dir='ltr'><strong>inducit</strong></span> <span class='ocrx_word' id='word_1_535' title='bbox 816 5180 1125 5242; x_wconf 89' lang='lat' dir='ltr'><strong>rationem</strong></span> <span class='ocrx_word' id='word_1_536' title='bbox 1166 5181 1601 5261; x_wconf 88' lang='lat' dir='ltr'><strong>productionis</strong></span> <span class='ocrx_word' id='word_1_537' title='bbox 1641 5182 1719 5244; x_wconf 92' lang='lat' dir='ltr'><strong>ad</strong></span> <span class='ocrx_word' id='word_1_538' title='bbox 1759 5182 1853 5244; x_wconf 91' lang='lat' dir='ltr'><strong>in-</strong></span> 
     </span>
     <span class='ocr_line' id='line_1_82' title="bbox 388 5276 1047 5341; baseline 0.011 -9"><span class='ocrx_word' id='word_1_539' title='bbox 388 5278 495 5333; x_wconf 85' lang='lat' dir='ltr'><strong>tra.</strong></span> <span class='ocrx_word' id='word_1_540' title='bbox 526 5308 597 5320; x_wconf 90' lang='lat'><em>-</em></span> <span class='ocrx_word' id='word_1_541' title='bbox 624 5276 759 5341; x_wconf 82' lang='lat' dir='ltr'><strong>Haec</strong></span> <span class='ocrx_word' id='word_1_542' title='bbox 802 5278 1047 5340; x_wconf 80' lang='lat' dir='ltr'><strong>ScotuS.</strong></span> 
     </span>
    </p>
   </div>
   <div class='ocr_carea' id='block_1_13' title="bbox 617 5408 786 5461">
    <p class='ocr_par' dir='ltr' id='par_1_14' title="bbox 617 5408 786 5461">
     <span class='ocr_line' id='line_1_83' title="bbox 617 5408 786 5461; baseline 0.006 -2"><span class='ocrx_word' id='word_1_543' title='bbox 617 5408 675 5459; x_wconf 90' lang='lat' dir='ltr'><strong>T.</strong></span> <span class='ocrx_word' id='word_1_544' title='bbox 708 5411 786 5461; x_wconf 79' lang='lat'><strong>21.</strong></span> 
     </span>
    </p>
   </div>
   <div class='ocr_carea' id='block_1_14' title="bbox 1953 4295 3454 5359">
    <p class='ocr_par' dir='ltr' id='par_1_15' title="bbox 1953 4295 3454 5359">
     <span class='ocr_line' id='line_1_84' title="bbox 1956 4295 3448 4379; baseline 0.003 -23"><span class='ocrx_word' id='word_1_545' title='bbox 1956 4295 2133 4377; x_wconf 92' lang='lat' dir='ltr'><strong>prius</strong></span> <span class='ocrx_word' id='word_1_546' title='bbox 2164 4301 2389 4357; x_wconf 90' lang='lat' dir='ltr'><strong>natura</strong></span> <span class='ocrx_word' id='word_1_547' title='bbox 2426 4296 2732 4377; x_wconf 88' lang='lat' dir='ltr'><strong>producta</strong></span> <span class='ocrx_word' id='word_1_548' title='bbox 2761 4296 2826 4357; x_wconf 90' lang='lat' dir='ltr'><strong>in</strong></span> <span class='ocrx_word' id='word_1_549' title='bbox 2856 4315 2996 4358; x_wconf 91' lang='lat' dir='ltr'><strong>esse</strong></span> <span class='ocrx_word' id='word_1_550' title='bbox 3024 4297 3448 4379; x_wconf 88' lang='lat' dir='ltr'><strong>quidditativo</strong></span> 
     </span>
     <span class='ocr_line' id='line_1_85' title="bbox 1956 4393 3450 4476; baseline 0.002 -22"><span class='ocrx_word' id='word_1_551' title='bbox 1956 4400 2019 4454; x_wconf 87' lang='lat' dir='ltr'><strong>et</strong></span> <span class='ocrx_word' id='word_1_552' title='bbox 2057 4393 2124 4453; x_wconf 88' lang='lat' dir='ltr'><strong>in</strong></span> <span class='ocrx_word' id='word_1_553' title='bbox 2162 4411 2301 4455; x_wconf 89' lang='lat' dir='ltr'><strong>esse</strong></span> <span class='ocrx_word' id='word_1_554' title='bbox 2343 4393 2631 4474; x_wconf 92' lang='lat' dir='ltr'><strong>possibili</strong></span> <span class='ocrx_word' id='word_1_555' title='bbox 2676 4393 2944 4475; x_wconf 90' lang='lat' dir='ltr'><strong>passive.</strong></span> <span class='ocrx_word' id='word_1_556' title='bbox 2979 4395 3196 4476; x_wconf 88' lang='lat' dir='ltr'><strong>ltaque</strong></span> <span class='ocrx_word' id='word_1_557' title='bbox 3235 4394 3312 4457; x_wconf 92' lang='lat' dir='ltr'><strong>de</strong></span> <span class='ocrx_word' id='word_1_558' title='bbox 3352 4396 3450 4457; x_wconf 86' lang='lat' dir='ltr'><strong>ni-</strong></span> 
     </span>
     <span class='ocr_line' id='line_1_86' title="bbox 1955 4489 3446 4572; baseline 0.003 -21"><span class='ocrx_word' id='word_1_559' title='bbox 1955 4489 2108 4564; x_wconf 89' lang='lat' dir='ltr'><strong>hilo,</strong></span> <span class='ocrx_word' id='word_1_560' title='bbox 2144 4490 2205 4552; x_wconf 89' lang='lat' dir='ltr'><strong>id</strong></span> <span class='ocrx_word' id='word_1_561' title='bbox 2246 4498 2340 4553; x_wconf 85' lang='lat' dir='ltr'><strong>est</strong></span> <span class='ocrx_word' id='word_1_562' title='bbox 2381 4490 2459 4552; x_wconf 91' lang='lat' dir='ltr'><strong>de</strong></span> <span class='ocrx_word' id='word_1_563' title='bbox 2497 4508 2624 4553; x_wconf 89' lang='lat' dir='ltr'><strong>non</strong></span> <span class='ocrx_word' id='word_1_564' title='bbox 2662 4491 2877 4572; x_wconf 86' lang='lat' dir='ltr'><strong>aliquo</strong></span> <span class='ocrx_word' id='word_1_565' title='bbox 2916 4492 3269 4555; x_wconf 90' lang='lat' dir='ltr'><strong>secundum</strong></span> <span class='ocrx_word' id='word_1_566' title='bbox 3306 4511 3446 4556; x_wconf 90' lang='lat' dir='ltr'><strong>esse</strong></span> 
     </span>
     <span class='ocr_line' id='line_1_87' title="bbox 1955 4588 3449 4671; baseline 0.003 -22"><span class='ocrx_word' id='word_1_567' title='bbox 1955 4588 2360 4661; x_wconf 64' lang='lat' dir='ltr'><strong>exsistentiae,</strong></span> <span class='ocrx_word' id='word_1_568' title='bbox 2395 4596 2601 4670; x_wconf 90' lang='lat' dir='ltr'><strong>potest</strong></span> <span class='ocrx_word' id='word_1_569' title='bbox 2635 4590 2800 4651; x_wconf 87' lang='lat' dir='ltr'><strong>Deus</strong></span> <span class='ocrx_word' id='word_1_570' title='bbox 2837 4588 3080 4671; x_wconf 90' lang='lat' dir='ltr'><strong>aliquid</strong></span> <span class='ocrx_word' id='word_1_571' title='bbox 3115 4608 3350 4665; x_wconf 90' lang='lat' dir='ltr'><strong>creare,</strong></span> <span class='ocrx_word' id='word_1_572' title='bbox 3383 4598 3449 4653; x_wconf 90' lang='lat' dir='ltr'><strong>et</strong></span> 
     </span>
     <span class='ocr_line' id='line_1_88' title="bbox 1956 4686 3446 4768; baseline 0.001 -20"><span class='ocrx_word' id='word_1_573' title='bbox 1956 4704 2070 4768; x_wconf 93' lang='lat' dir='ltr'><strong>per</strong></span> <span class='ocrx_word' id='word_1_574' title='bbox 2117 4704 2534 4767; x_wconf 81' lang='lat' dir='ltr'><strong>consequenS,</strong></span> <span class='ocrx_word' id='word_1_575' title='bbox 2568 4687 2646 4748; x_wconf 91' lang='lat' dir='ltr'><strong>de</strong></span> <span class='ocrx_word' id='word_1_576' title='bbox 2688 4686 2912 4761; x_wconf 91' lang='lat' dir='ltr'><strong>nihilo,</strong></span> <span class='ocrx_word' id='word_1_577' title='bbox 2953 4686 3014 4747; x_wconf 90' lang='lat' dir='ltr'><strong>id</strong></span> <span class='ocrx_word' id='word_1_578' title='bbox 3057 4693 3154 4748; x_wconf 91' lang='lat' dir='ltr'><strong>cst</strong></span> <span class='ocrx_word' id='word_1_579' title='bbox 3195 4705 3322 4749; x_wconf 90' lang='lat' dir='ltr'><strong>non</strong></span> <span class='ocrx_word' id='word_1_580' title='bbox 3366 4688 3446 4750; x_wconf 91' lang='grc'><strong>(16</strong></span> 
     </span>
     <span class='ocr_line' id='line_1_89' title="bbox 1953 4784 3446 4867; baseline 0.001 -21"><span class='ocrx_word' id='word_1_581' title='bbox 1953 4784 2169 4867; x_wconf 88' lang='lat' dir='ltr'><strong>aliquo</strong></span> <span class='ocrx_word' id='word_1_582' title='bbox 2226 4784 2579 4847; x_wconf 89' lang='lat' dir='ltr'><strong>secundum</strong></span> <span class='ocrx_word' id='word_1_583' title='bbox 2633 4802 2770 4846; x_wconf 91' lang='lat' dir='ltr'><strong>esse</strong></span> <span class='ocrx_word' id='word_1_584' title='bbox 2827 4784 3135 4846; x_wconf 86' lang='lat' dir='ltr'><strong>essentiae.</strong></span> <span class='ocrx_word' id='word_1_585' title='bbox 3195 4785 3446 4849; x_wconf 88' lang='lat' dir='ltr'><strong>Etenim</strong></span> 
     </span>
     <span class='ocr_line' id='line_1_90' title="bbox 1956 4881 3448 4965; baseline 0.001 -20"><span class='ocrx_word' id='word_1_586' title='bbox 1956 4901 2095 4945; x_wconf 91' lang='lat' dir='ltr'><strong>esse</strong></span> <span class='ocrx_word' id='word_1_587' title='bbox 2134 4882 2426 4945; x_wconf 85' lang='lat' dir='ltr'><strong>essentiae</strong></span> <span class='ocrx_word' id='word_1_588' title='bbox 2467 4900 2794 4963; x_wconf 89' lang='lat' dir='ltr'><strong>nunquam</strong></span> <span class='ocrx_word' id='word_1_589' title='bbox 2833 4890 3160 4965; x_wconf 86' lang='lat' dir='ltr'><strong>separatur</strong></span> <span class='ocrx_word' id='word_1_590' title='bbox 3190 4881 3272 4944; x_wconf 88' lang='lat' dir='ltr'><strong>ab</strong></span> <span class='ocrx_word' id='word_1_591' title='bbox 3309 4901 3448 4946; x_wconf 90' lang='lat' dir='ltr'><strong>esse</strong></span> 
     </span>
     <span class='ocr_line' id='line_1_91' title="bbox 1957 4980 3454 5062; baseline 0 -19"><span class='ocrx_word' id='word_1_592' title='bbox 1957 4982 2362 5043; x_wconf 80' lang='lat' dir='ltr'><strong>exsistentiae.</strong></span> <span class='ocrx_word' id='word_1_593' title='bbox 2396 4980 2535 5043; x_wconf 90' lang='lat' dir='ltr'><strong>Non</strong></span> <span class='ocrx_word' id='word_1_594' title='bbox 2567 4988 2778 5043; x_wconf 90' lang='lat' dir='ltr'><strong>tamen</strong></span> <span class='ocrx_word' id='word_1_595' title='bbox 2817 4987 3022 5062; x_wconf 88' lang='lat' dir='ltr'><strong>potest</strong></span> <span class='ocrx_word' id='word_1_596' title='bbox 3049 4980 3291 5062; x_wconf 85' lang='lat' dir='ltr'><strong>aliquid</strong></span> <span class='ocrx_word' id='word_1_597' title='bbox 3324 5000 3454 5043; x_wconf 89' lang='lat' dir='ltr'><strong>cre-</strong></span> 
     </span>
     <span class='ocr_line' id='line_1_92' title="bbox 1957 5079 3447 5161; baseline 0 -19"><span class='ocrx_word' id='word_1_598' title='bbox 1957 5080 2073 5153; x_wconf 88' lang='lat' dir='ltr'><strong>ari,</strong></span> <span class='ocrx_word' id='word_1_599' title='bbox 2110 5080 2175 5141; x_wconf 93' lang='lat' dir='ltr'><strong>id</strong></span> <span class='ocrx_word' id='word_1_600' title='bbox 2211 5088 2307 5142; x_wconf 91' lang='lat' dir='ltr'><strong>est</strong></span> <span class='ocrx_word' id='word_1_601' title='bbox 2344 5079 2608 5161; x_wconf 89' lang='lat' dir='ltr'><strong>produci</strong></span> <span class='ocrx_word' id='word_1_602' title='bbox 2648 5079 2725 5141; x_wconf 87' lang='lat' dir='ltr'><strong>ad</strong></span> <span class='ocrx_word' id='word_1_603' title='bbox 2762 5098 2921 5152; x_wconf 91' lang='lat' dir='ltr'><strong>esse,</strong></span> <span class='ocrx_word' id='word_1_604' title='bbox 2955 5079 3336 5161; x_wconf 90' lang='lat' dir='ltr'><strong>simpliciter</strong></span> <span class='ocrx_word' id='word_1_605' title='bbox 3370 5081 3447 5142; x_wconf 91' lang='grc'><strong>(16</strong></span> 
     </span>
     <span class='ocr_line' id='line_1_93' title="bbox 1961 5177 3452 5254; baseline 0.001 -13"><span class='ocrx_word' id='word_1_606' title='bbox 1961 5179 2186 5254; x_wconf 89' lang='lat' dir='ltr'><strong>nihilo,</strong></span> <span class='ocrx_word' id='word_1_607' title='bbox 2235 5178 2297 5240; x_wconf 93' lang='lat' dir='ltr'><strong>id</strong></span> <span class='ocrx_word' id='word_1_608' title='bbox 2341 5186 2437 5240; x_wconf 89' lang='lat' dir='ltr'><strong>est</strong></span> <span class='ocrx_word' id='word_1_609' title='bbox 2478 5178 2656 5240; x_wconf 91' lang='lat' dir='ltr'><strong>nullo</strong></span> <span class='ocrx_word' id='word_1_610' title='bbox 2699 5177 2886 5240; x_wconf 91' lang='lat' dir='ltr'><strong>modo</strong></span> <span class='ocrx_word' id='word_1_611' title='bbox 2927 5185 3094 5251; x_wconf 90' lang='lat' dir='ltr'><strong>ente,</strong></span> <span class='ocrx_word' id='word_1_612' title='bbox 3141 5197 3259 5241; x_wconf 88' lang='lat' dir='ltr'><strong>nec</strong></span> <span class='ocrx_word' id='word_1_613' title='bbox 3301 5179 3452 5242; x_wconf 87' lang='lat' dir='ltr'><strong>sim·</strong></span> 
     </span>
     <span class='ocr_line' id='line_1_94' title="bbox 1965 5274 3446 5359; baseline 0.002 -21"><span class='ocrx_word' id='word_1_614' title='bbox 1965 5277 2218 5359; x_wconf 87' lang='lat' dir='ltr'><strong>pliciter</strong></span> <span class='ocrx_word' id='word_1_615' title='bbox 2268 5296 2387 5338; x_wconf 89' lang='lat' dir='ltr'><strong>nec</strong></span> <span class='ocrx_word' id='word_1_616' title='bbox 2433 5275 2779 5337; x_wconf 87' lang='lat' dir='ltr'><strong>secundum</strong></span> <span class='ocrx_word' id='word_1_617' title='bbox 2831 5275 2999 5357; x_wconf 90' lang='lat' dir='ltr'><strong>quid.</strong></span> <span class='ocrx_word' id='word_1_618' title='bbox 3051 5274 3225 5337; x_wconf 90' lang='lat' dir='ltr'><strong>Nihil</strong></span> <span class='ocrx_word' id='word_1_619' title='bbox 3271 5278 3446 5353; x_wconf 85' lang='lat' dir='ltr'><strong>enim</strong></span> 
     </span>
    </p>
   </div>
   <div class='ocr_carea' id='block_1_15' title="bbox 3166 5408 3198 5461">
    <p class='ocr_par' dir='ltr' id='par_1_16' title="bbox 3166 5408 3198 5461">
     <span class='ocr_line' id='line_1_95' title="bbox 3166 5408 3198 5461; baseline 0 0"><span class='ocrx_word' id='word_1_620' title='bbox 3166 5408 3198 5461; x_wconf 89' lang='lat'><strong>6</strong></span> 
     </span>
    </p>
   </div>
  </div>
 </body>
</html>
