4334 6242
844 456 966 520 208

1515 473 1579 518 IN
1618 472 1840 518 LIBRUM
1882 472 1925 517 ΙΙ
1968 469 2450 517 ὃΕΝΤΕΝΤΙΛῙὶῐΙΜ.
2497 487 2578 498 -
2619 470 2771 517 ms‘r.
2819 471 2925 533 1113
2969 471 3192 526 QUAEST.
3240 472 3282 517 11

846 642 1255 706 accidentalis
1306 643 1681 726 proprietas,
1728 642 2027 724 quoniam
2077 640 2235 703 dicit
2282 639 2346 700 id
2377 639 2428 700 A
2460 639 2548 702 tio
2590 659 2742 704 vero
2783 640 3198 704 individualis
3238 641 3365 704 duo
3409 640 3700 712 includit,
3735 638 3968 702 videli-

849 741 1019 822 quod
1074 748 1172 803 est
1230 741 1296 803 in
1352 759 1583 822 genere
1638 740 2008 814 accidentiS‚
2059 746 2124 801 et
2176 737 2345 820 quod

849 848 1145 903 causatur
1181 840 1375 902 etiam
1418 839 1499 901 ab
1539 837 1977 901 accidentibus
2020 838 2188 899 sicut
2225 837 2349 898 dis-

849 939 1046 1002 cretio
1077 939 1441 1001 numeralis.
1476 939 1545 1000 In
1575 939 1697 1001 hoc
1727 946 1941 1000 tamen
1980 935 2348 999 differentia

847 1043 943 1098 est
975 1056 990 1100 :
1023 1037 1175 1118 quia
1223 1037 1521 1100 discretio
1569 1036 1917 1098 numeralis
1968 1042 2264 1098 causatur
2311 1052 2347 1095 a

846 1134 1210 1198 diversitate
1261 1136 1722 1218 proprietatum
1774 1134 1840 1197 in
1888 1133 2124 1216 quibus
2176 1151 2346 1195 com-

848 1233 1132 1296 municat
1182 1242 1467 1296 creatura
1523 1233 1848 1296 rationalis
1896 1251 2043 1294 cum
2104 1231 2347 1293 irratio-

848 1332 1011 1410 nali3
1053 1333 1352 1395 discretio
1392 1351 1541 1394 vero
1582 1330 1952 1415 personalis,
1986 1349 2023 1392 a
2062 1330 2344 1412 proprie-

848 1430 1083 1492 tatibus
1134 1431 1411 1512 propriis
1462 1438 1763 1492 creaturae
1822 1428 2132 1491 rationali.
2185 1427 2346 1488 Hinc

847 1528 1008 1590 dixit
1047 1530 1429 1612 Porphyrius
1477 1547 1489 1590 :
1533 1528 1941 1590 Individuum
1983 1533 2228 1589 constat
2267 1543 2344 1586 ex

848 1627 1343 1708 proprietatibus
1402 1645 1673 1709 quarum
1724 1625 2165 1688 collectionem
2228 1624 2343 1685 im-

849 1723 1152 1803 possibile
1200 1731 1296 1786 est
1346 1724 1411 1786 in
1461 1724 1659 1786 altero
1708 1722 2005 1804 reperire.
2052 1721 2170 1784 Sed
2225 1721 2344 1782 ista

2457 746 2574 812 cet,
2592 739 3056 812 indivisionem,
3071 747 3134 801 et
3165 746 3625 821 consequenter
3652 737 3964 800 distincti·

2457 855 2658 900 onem.
2677 838 2982 901 Indivisio
3011 847 3226 901 autem
3257 845 3350 900 est
3380 857 3458 901 ex
3489 837 3958 919 principiorum

2457 936 2973 998 substantialium
3015 937 3398 999 indivisione
3437 945 3501 998 et
3539 935 3963 1017 appropriati-

2457 1051 2576 1095 one
2621 1051 2636 1095 :
2685 1034 2823 1116 ipsa
2865 1034 3106 1117 quippe
3155 1034 3246 1096 rei
3291 1033 3611 1116 principia
3657 1033 3812 1094 dum
3859 1032 3960 1094 in-

2457 1131 2665 1194 vicem
2698 1132 3198 1213 conjunguntur,
3233 1131 3646 1215 appropriant
3677 1150 3744 1193 se
3773 1138 3838 1192 et
3869 1131 3964 1192 in·

2456 1230 2792 1292 dividuum
2851 1229 3112 1292 faciunt.
3165 1231 3258 1292 Ad
3317 1230 3486 1311 quod
3543 1229 3962 1310 consequitur

2457 1347 2594 1390 esse
2637 1328 3006 1403 discretum,
3041 1329 3176 1392 sive
3220 1329 3594 1390 distinctum
3644 1327 3724 1389 ab
3772 1327 3957 1404 aliis;

2456 1435 2520 1488 et
2579 1426 2726 1488 inde
2785 1427 2988 1489 oritur
3050 1446 3377 1500 numeruS‚
3439 1435 3502 1488 et
3559 1446 3674 1508 per
3729 1444 3960 1489 conse-

2456 1544 2658 1606 quens
2697 1525 3104 1588 accidentalis
3145 1525 3496 1608 proprietas
3535 1524 3958 1587 substantiam

2456 1641 2747 1704 sequens
2784 1624 3013 1706 Sicque
3062 1623 3472 1686 individualis
3519 1623 3818 1685 discretio
3861 1622 3961 1685 di-

2457 1721 2543 1782 cit
2571 1721 2815 1803 aliquid
2852 1721 3264 1797 accidentale,
3298 1730 3361 1783 et
3389 1720 3632 1803 aliquid
3666 1721 3962 1784 substan-

847 1821 1066 1902 opinio
1096 1823 1319 1904 nequit
1348 1822 1600 1896 salvari,
1637 1840 1836 1903 quum
1869 1820 2202 1883 individua
2229 1818 2344 1882 dis·
2380 1819 2427 1882 B
2459 1819 2622 1882 tiale.
2643 1821 2832 1883 Porro
2863 1820 3212 1903 personalis
3241 1817 3542 1883 discretio
3569 1837 3761 1902 super
3790 1819 3962 1882 hanc

846 1919 1053 1983 ferant
1081 1922 1432 1984 secundum
1474 1920 1917 1992 substantiam,
1952 1936 2078 1981 non
2118 1937 2341 1980 secun-

846 2020 998 2081 dum
1034 2019 1448 2082 accidentalia
1478 2027 1743 2081 tantum.
1767 2019 2059 2099 Magister
2088 2035 2344 2099 quoque

850 2117 913 2178 in
973 2117 1181 2179 littera
1240 2118 1522 2199 loquitur
1581 2135 1597 2178 ε
1658 2117 1865 2180 Prima
1922 2114 2344 2178 consideratio

846 2217 1015 2277 circa
1061 2216 1359 2298 angelum
1402 2223 1497 2278 est
1539 2216 1617 2278 de
1662 2214 2015 2276 substantia
2062 2213 2224 2293 ejus,
2269 2213 2347 2274 Et

846 2312 965 2374 sub
1006 2314 1115 2375 illa
1153 2313 1656 2375 consideratione
1701 2310 2183 2393 comprehendit
2221 2309 2346 2370 dis-

846 2412 1192 2474 cretionem
1251 2411 1459 2492 angeli
1518 2410 1917 2493 personalem
1969 2427 1984 2472 :
2039 2407 2147 2470 illa
2193 2425 2344 2489 ergo

844 2519 941 2574 est
987 2510 1441 2573 substantialis,
1484 2545 1565 2555 —
1617 2509 1906 2571 Secunda
1954 2507 2174 2590 opinio
2222 2513 2352 2590 est,

844 2609 1015 2692 quod
1064 2608 1413 2690 personalis
1456 2607 1755 2671 discretio
1798 2606 1953 2668 dicit
1996 2605 2344 2688 proprieta-

847 2715 973 2768 tem
1018 2705 1495 2779 accidentalem,
1528 2725 1671 2787 quae
1710 2712 1922 2766 tamen
1962 2722 2089 2767 non
2128 2703 2209 2765 ab
2246 2722 2345 2765 ac-

846 2805 1207 2867 cidentibus
1254 2804 1363 2867 sed
1404 2823 1440 2865 a
1478 2803 2005 2866 substantialibus
2048 2809 2345 2865 causatur

846 2902 1181 2986 principiis
1216 2921 1231 2964 :
1266 2901 1804 2985 quemadmodum
1838 2901 2046 2964 unitas
2076 2921 2218 2983 quae
2248 2908 2343 2962 est

2454 1918 2630 1980 addit
2687 1918 3059 1998 dignitatem
3121 1917 3606 2000 personalitatis.
3654 1918 3802 1991 Quae
3859 1918 3960 1980 di-

2453 2015 2660 2096 gnitas
2719 2016 2845 2078 duo
2902 2016 3078 2090 dicit,
3131 2016 3430 2078 videlicet
3481 2035 3496 2080 ε
3552 2015 3960 2078 nobilitatem

2455 2121 2696 2178 naturae
2735 2114 3082 2188 rationaliS,
3115 2134 3256 2196 quae
3291 2115 3585 2196 estquod
3627 2115 3959 2178 rationalis

2455 2219 2678 2273 natura
2721 2212 2885 2274 inter
2930 2221 3138 2274 creata
3180 2221 3352 2275 tenet
3399 2212 3765 2295 primatum,
3811 2231 3960 2295 pro-

2455 2320 2595 2392 pter
2633 2311 2802 2393 quod
2845 2329 2972 2374 non
3011 2319 3106 2373 est
3143 2312 3518 2375 ordinabilis
3559 2314 3636 2375 ad
3679 2312 3958 2376 formam

2455 2409 2918 2491 perfectiorem.
2963 2411 3112 2484 Quae
3161 2411 3460 2474 nobilitas
3502 2413 3797 2494 quamvis
3841 2432 3961 2495 per

2455 2509 2715 2572 modum
2761 2509 3086 2591 qualitatis
3136 2509 3547 2591 intelligatur,
3590 2511 3798 2574 nihilo
3839 2513 3962 2574 mi-

2454 2626 2575 2669 nus
2606 2606 2895 2670 rationali
2929 2615 3230 2670 creaturae
3259 2616 3356 2671 est
3385 2609 3761 2672 essentialis.
3786 2609 3960 2672 Dicit

2454 2724 2708 2787 quoque
2757 2705 3053 2769 nobilitas
3105 2706 3214 2768 illa
3271 2707 3682 2770 eminentiam
3741 2718 3958 2772 actua-

2456 2804 2604 2878 lem,
2640 2804 2726 2865 ita
2755 2805 2923 2885 quod
2956 2804 3022 2866 in
3053 2805 3383 2887 supposito
3413 2805 3588 2868 nulla
3617 2807 3699 2869 sit
3732 2815 3960 2870 natura

2455 2909 2584 2963 tam
2615 2900 2989 2985 principalis
3020 2910 3090 2964 ut
3120 2902 3464 2966 rationalis,
3487 2939 3570 2950 -—
3596 2905 3956 2968 Dicendum

846 3000 1238 3084 principium
1297 3000 1571 3074 numeri,
1621 3007 1717 3062 est
1766 2999 1832 3062 in
1890 3018 2119 3080 genere
2178 2999 2343 3061 acci·
2381 3007 2424 3069 C
2456 3019 2625 3083 ergo,
2657 3001 2824 3083 quod
2870 3001 3036 3062 sicut
3074 3000 3483 3062 individualis
3522 3001 3823 3065 discretio
3857 3011 3958 3066 est

843 3099 1074 3174 (lentis,
1107 3107 1319 3162 tamen
1364 3119 1401 3160 a
1442 3097 1797 3161 substantia
1837 3098 2206 3161 immediate
2246 3117 2344 3160 ac-

844 3198 1002 3280 cipit
1040 3206 1272 3261 ortum.
1306 3197 1539 3259 Verum
1582 3203 1709 3258 tam
1754 3196 1906 3257 huic
1946 3215 2138 3278 quam
2186 3215 2340 3278 prae-

844 3296 1094 3358 cedenti
1144 3295 1429 3378 opinioni
1479 3293 1803 3376 objicitur,
1856 3294 2023 3376 quod
2074 3311 2342 3376 persona

845 3413 973 3457 non
1014 3401 1111 3456 est
1151 3393 1327 3457 aliud
1370 3412 1561 3476 quam
1612 3392 1941 3455 individua
1988 3392 2343 3456 substantia

844 3501 1085 3556 naturae
1132 3491 1497 3570 rationalis3
1548 3490 1877 3553 individua
1928 3498 2142 3553 autem
2193 3491 2341 3553 sub-

844 3591 1075 3654 stantia
1131 3590 1455 3652 rationalis
1516 3595 1776 3663 naturae,
1823 3596 1918 3651 est
1975 3589 2216 3652 directe
2275 3591 2342 3653 in

845 3690 1336 3772 praedicamento
1370 3687 1760 3761 substantiae,
1795 3705 1921 3750 non
1963 3688 2288 3750 reductive
2323 3707 2338 3752 z

845 3806 971 3851 non
1003 3805 1153 3868 ergo
1187 3793 1281 3849 est
1310 3786 1552 3868 aliquid
1582 3785 1989 3848 accidentale.
2013 3786 2338 3861 Praet-erea,

845 3887 1095 3949 nullum
1135 3885 1431 3948 accidens
1470 3891 1567 3946 est
1596 3883 1720 3945 nisi
1756 3883 1823 3945 in
1864 3883 2218 3946 substantia
2250 3885 2342 3947 in-

842 3985 1101 4048 dividua
1122 4003 1135 4048 :
1156 4001 1305 4066 ergo
1335 3981 1845 4044 individuitatem
1878 3981 2167 4044 essentiae
2199 4001 2342 4045 con-

842 4083 1133 4166 sequitur
1178 4082 1473 4144 accidens
1518 4088 1647 4142 tam
1697 4079 1763 4142 in
1813 4078 2100 4142 rationali
2147 4099 2339 4162 quam

2455 3098 2825 3162 exsistentia
2854 3097 3075 3160 formae
3105 3097 3411 3160 naturalis
3442 3097 3508 3160 in
3540 3099 3826 3172 materia,
3859 3101 3956 3162 sic

2456 3197 2807 3280 personalis
2847 3195 3146 3258 discretio
3179 3204 3274 3258 est
3303 3195 3673 3258 exsistentia
3713 3205 3956 3261 naturae

2458 3295 2904 3357 intellectualis
2961 3312 3035 3356 ac
3085 3294 3620 3375 supereminentis
3679 3295 3745 3357 in
3807 3315 3958 3378 sup-

2457 3395 2666 3476 posito
2729 3410 2742 3454 :
2809 3391 3102 3474 quamvis
3170 3392 3509 3474 utrobique
3576 3393 3959 3476 importetur

2456 3492 2609 3574 quid
2641 3489 3074 3563 substantiale,
3101 3497 3165 3552 et
3196 3489 3349 3552 item
3379 3491 3534 3572 quid
3563 3491 3956 3554 accidentale

2455 3591 2625 3672 quod
2657 3588 3071 3671 consequitur
3098 3587 3373 3651 sormam
3411 3588 3478 3651 in
3519 3589 3806 3664 materia,
3839 3607 3956 3652 seu

2457 3697 2746 3752 naturam
2803 3688 2868 3750 in
2919 3687 3268 3770 supposito.
3315 3723 3396 3733 -
3435 3688 3580 3751 Haec
3629 3688 3958 3751 Bonaven-

2456 3793 2615 3846 tura.

2535 3883 2649 3956 Qui
2683 3884 2894 3945 denuo
2931 3883 3180 3964 quaerit,
3217 3883 3437 3946 Utrum
3472 3882 3771 3946 discretio
3811 3902 3955 3966 per·

2455 3982 2690 4044 sonalis
2738 3999 2850 4044 seu
2906 3980 3325 4045 individuatio
3367 3981 3450 4043 sit
3488 4000 3566 4043 ex
3611 3989 3786 4064 parte
3832 3981 3960 4045 for-

2456 4099 2575 4142 mae
2624 4080 2724 4141 vel
2787 4079 3088 4152 materiae,
3139 4098 3252 4143 seu
3309 4079 3613 4162 principii
3665 4079 3959 4144 formalis

844 4183 909 4243 in
944 4179 1290 4244 irrationali
1334 4188 1575 4241 natura.
1611 4177 1773 4258 Ergo
1804 4177 2130 4259 prioritate
2162 4186 2342 4240 natu·
2373 4184 2423 4247 D
2453 4185 2563 4239 aut
2613 4178 2975 4240 materialis.
3019 4178 3378 4259 Respondet
3424 4196 3439 4239 :
3487 4179 3574 4241 De
3620 4179 3738 4242 hac
3785 4198 3962 4261 quae-

846 4299 929 4342 rae
967 4286 1064 4340 est
1104 4277 1460 4341 substantia
1505 4276 1835 4338 individua
1878 4295 2067 4357 quam
2114 4276 2344 4340 habeat

844 4376 1158 4438 accidens.

924 4473 1131 4536 Tertia
1188 4490 1338 4554 ergo
1386 4471 1607 4554 opinio
1655 4479 1771 4546 est,
1823 4471 1993 4553 quod
2041 4471 2343 4536 discretio

844 4571 1195 4654 personalis
1245 4570 1363 4633 etsi
1413 4570 1704 4632 videatur
1751 4569 1962 4631 dicere
2019 4570 2338 4646 accidenS,

843 4689 919 4734 eo
949 4671 1118 4753 quod
1148 4669 1317 4732 dicat
1347 4686 1460 4751 per
1492 4668 1753 4730 modum
1783 4667 2152 4742 accidentis,
2179 4670 2344 4750 prin-

844 4770 1133 4852 cipaliter
1162 4775 1375 4831 tamen
1414 4767 1572 4830 dicit
1601 4765 1755 4848 quid
1796 4765 2242 4846 substantiale;
2279 4777 2340 4830 et

843 4869 893 4930 si
932 4868 1147 4950 aliquo
1188 4867 1377 4929 modo
1416 4865 1716 4947 importat
1746 4865 2061 4938 accidenS,
2096 4865 2216 4927 hoc
2247 4874 2342 4929 est

841 4974 1325 5048 consequenter,
1367 4971 1429 5026 et
1472 4963 1632 5026 illud
1678 4970 1887 5024 tamen
1925 4983 1962 5025 a
2005 4963 2342 5045 principiis

841 5064 1369 5128 substantialibus
1428 5069 1639 5126 ortum
1702 5060 1893 5123 habet
1952 5061 2336 5124 immediate.

839 5163 1016 5239 Quod
1060 5171 1234 5247 patet
1271 5163 1383 5224 sic.
1420 5161 1729 5223 Discretio
1775 5159 2124 5240 personalis
2168 5161 2343 5223 addit

840 5281 1033 5346 super
1060 5260 1538 5324 distinctionem
1582 5257 2057 5354 individualem.
2094 5259 2340 5321 Discre-

2455 4276 2662 4338 stione
2720 4276 2844 4338 fuit
2905 4276 3228 4338 contentio
3289 4275 3454 4338 inter
3514 4278 3952 4360 philosophos,

2453 4374 2718 4448 Quidam
2770 4393 3045 4455 namque
3096 4373 3442 4436 innitentes
3491 4374 3704 4437 verbis
3748 4376 3958 4438 Philo-

2453 4473 2660 4555 sophi,
2712 4473 3010 4535 dixerunt
3068 4473 3238 4554 quod
3301 4473 3720 4538 individuatio
3775 4476 3958 4538 venit

2452 4591 2490 4633 a
2521 4571 2803 4645 materia,
2832 4571 2984 4654 quia
3014 4570 3416 4635 individuum
3448 4592 3641 4654 supra
3670 4573 3956 4656 speciem

2453 4689 2582 4733 non
2623 4671 2798 4732 addit
2841 4670 2965 4732 nisi
3019 4670 3367 4732 materiam.
3411 4671 3585 4744 Quod
3629 4672 3953 4748 dixerunt,

2455 4769 2604 4851 quia
2638 4777 2973 4831 senserunt
3005 4768 3390 4832 universalia
3425 4787 3552 4833 non
3583 4770 3796 4833 dicere
3827 4771 3957 4834 nisi

2453 4867 2710 4940 formaS‚
2763 4875 2825 4929 et
2886 4876 3036 4930 tunc
3096 4867 3305 4949 primo
3363 4868 3533 4950 tangi
3595 4868 3954 4946 materiam,

2454 4965 2707 5048 quando
2755 4966 2833 5028 ad
2882 4966 3004 5028 boc
3051 4966 3295 5047 aliquid
3355 4967 3742 5048 pervenitur.
3793 4968 3958 5031 Aliis

2453 5063 2664 5126 visum
2709 5071 2826 5138 est,
2859 5065 3028 5145 quod
3075 5063 3496 5127 individuatio
3537 5065 3713 5128 venit
3751 5085 3790 5128 a
3830 5065 3960 5130 for-

2456 5181 2578 5235 ma,
2613 5163 2701 5225 ita
2738 5164 2907 5245 quod
2950 5163 3116 5225 ultra
3158 5161 3428 5225 formam
3470 5163 3706 5245 speciei
3752 5166 3960 5246 speci-

2454 5261 2754 5326 alissimae
2803 5270 2899 5324 est
2941 5261 3145 5325 forma
3191 5261 3621 5324 individualis,
3665 5262 3741 5324 Et
3779 5265 3958 5345 quod
