4334 6242
110 2596 119 2606 .
136 2568 201 2608 22³
212 2566 271 2610 A'.

594 514 824 574 QUAEST.
867 519 929 564 n’
968 516 983 563 :
1030 517 1115 564 AN
1156 513 1430 562 ANGRLUS
1475 515 1537 561 ΙΝ
1580 513 1764 561 ano
1806 509 2088 560 le'rAN‘rl
2130 513 2259 559 815AE
2301 510 2658 560 cuEATtoms
2699 511 2915 558 tumn·
2953 509 3152 557 MALUS

320 692 477 767 quot
514 694 671 750 sunt
709 696 921 752 motus
961 688 1269 751 coelestes.
1304 687 1381 750 Et
1418 687 1505 749 ita
1542 684 1827 748 referunt
1856 683 1909 747 A

320 785 617 862 ThomaS,
667 787 985 862 Albertus,
1036 787 1392 860 Durandus‚
1443 803 1517 847 ac
1568 783 1820 866 reliqui.

316 883 633 948 —Nihilo
665 887 881 950 minus
910 887 1036 949 alio
1060 886 1339 968 capitulo
1372 884 1602 946 iterum
1634 882 1828 945 refert

320 981 707 1046 Guillelmus
740 1005 753 1048 ε
790 985 969 1048 Circa
1004 1003 1343 1048 numerum
1382 981 1825 1063 intelligentia·-

319 1099 465 1142 rum
516 1100 645 1144 non
698 1091 827 1146 tam
874 1101 1116 1146 errasse
1166 1101 1357 1165 quam
1420 1080 1824 1143 insanissime

317 1179 624 1242 delirasse
670 1181 922 1244 videtur
958 1181 1346 1244 Aristoteles.
1382 1180 1587 1262 Atque
1632 1179 1825 1241 inter·

316 1278 473 1340 dum
517 1278 826 1354 affirmat,
859 1282 1030 1362 quod
1068 1280 1435 1343 Aristoteles
1480 1279 1695 1362 posuit
1733 1278 1824 1339 in-

320 1376 707 1459 telligentias
738 1380 981 1452 decem,
1002 1380 1320 1442 interdum
1352 1378 1523 1460 quod
1551 1393 1818 1440 novem:

319 1476 471 1556 quia
509 1495 663 1539 cum
703 1477 813 1539 illa
851 1497 1043 1560 quam
1086 1477 1248 1540 dixit
1286 1477 1549 1559 sphaerae
1586 1475 1821 1538 activo-

319 1593 461 1636 rum
492 1583 560 1637 et
591 1577 989 1658 passivorum
1023 1582 1545 1659 praeesse,essent
1575 1574 1816 1636 decem.

319 1671 563 1734 Deinde
594 1673 746 1736 satis
778 1675 1002 1737 idonee
1033 1673 1279 1756 probat,
1314 1673 1483 1755 quod
1512 1671 1821 1755 perfectio

318 1769 681 1833 animarum
730 1772 1087 1834 coelestium
1140 1791 1255 1834 seu
1312 1771 1626 1834 nobilium
1677 1769 1821 1832 ulti-

3306 486 3426 554 237

2367 821 2838 896 QUAESTIO
2896 821 3004 886 IV

2080 1077 2270 1140 Uarto
2298 1078 2736 1160 principaliter
2769 1079 3097 1161 quaeritur,
3130 1079 3260 1145 An
3297 1093 3434 1146 an-

1940 1075 2070 1278 Q
2108 1175 2340 1256 gelus
2401 1179 2486 1243 in
2545 1180 2806 1258 primo
2865 1178 3201 1244 instanti
3267 1191 3430 1244 suae

1933 1277 2364 1344 creationis
2404 1274 2652 1342 fuerit
2693 1277 2977 1344 malus.

2012 1374 2155 1438 Haec
2196 1381 2407 1436 autem
2453 1374 2720 1455 quaestio
2758 1376 2914 1437 duas
2958 1373 3427 1456 complectitur,

1932 1472 2284 1535 secundum
2322 1474 2490 1554 quod
2523 1473 2865 1554 dupliciter
2896 1480 3103 1555 potest
3134 1472 3425 1553 intelligi.

1930 1571 2160 1646 Primo,
2204 1571 2298 1634 An
2347 1571 2609 1652 angelus
2656 1571 2888 1653 aliquis
2937 1571 3018 1633 sit
3062 1570 3433 1633 naturaliter

1931 1671 2155 1733 malus,
2193 1670 2503 1741 Secund0‚
2538 1670 2634 1732 An
2664 1670 2808 1732 dato
2839 1670 3008 1751 quod
3044 1670 3307 1750 angelus
3347 1669 3432 1731 sit

1929 1788 1966 1831 a
1995 1770 2124 1832 Deo
2154 1770 2360 1832 bonus
2391 1777 2660 1842 creatuS,
2685 1768 2876 1831 fuerit
2910 1774 3120 1830 tamen
3149 1775 3260 1831 aut
3289 1785 3428 1830 esse

318 1875 489 1929 mata
515 1886 593 1929 ac
624 1869 1015 1950 principalis,
1032 1889 1157 1932 non
1188 1877 1395 1952 potest
1420 1888 1557 1932 esse
1590 1869 1656 1931 in
1688 1867 1820 1930 uni·
1850 1871 1898 1933 B
1931 1869 2209 1950 potuerit
2257 1867 2461 1930 malus
2521 1868 2586 1929 in
2646 1866 2857 1950 primo
2907 1886 3036 1930 suae
3088 1867 3428 1930 creationis

316 1981 437 2027 one
478 1984 703 2028 earum
740 1967 819 2028 ad
860 1967 1333 2048 intelligentiaS,
1375 1969 1485 2031 sed
1521 1968 1601 2029 ad
1642 1967 1819 2030 Crea-

318 2072 547 2139 torem,
600 2073 789 2147 prout
840 2065 959 2128 hoc
1008 2066 1141 2128 suis
1192 2065 1567 2149 probabitur
1618 2066 1814 2144 locis3

315 2161 495 2236 item,
538 2164 710 2245 quod
754 2163 908 2227 finis
958 2164 1522 2245 intelligentiarum
1566 2182 1691 2228 non
1736 2164 1817 2226 sit

320 2261 495 2342 ipsos
526 2260 711 2324 orbes
748 2279 1024 2335 movere,
1052 2269 1160 2324 aut
1189 2263 1433 2326 animas
1463 2263 1716 2326 orbium
1751 2263 1816 2324 in

320 2361 639 2423 movendo
685 2361 981 2441 dirigere,
1022 2361 1133 2423 sed
1176 2361 1386 2442 potius
1430 2363 1817 2445 contempla·

318 2458 477 2520 tioni
508 2465 573 2520 et
600 2459 803 2521 amori
834 2458 1144 2521 Creatoris
1175 2459 1503 2523 intendere
1532 2460 1727 2540 (sicut
1754 2467 1817 2523 et

320 2575 515 2638 supra
558 2556 897 2638 probatum
945 2557 1091 2638 est),
1133 2566 1195 2618 et
1238 2557 1382 2620 ideo
1428 2575 1505 2619 ex
1550 2576 1817 2621 numero

322 2655 663 2719 mobilium
707 2664 815 2719 aut
862 2664 1176 2719 motorum
1222 2674 1349 2719 non
1393 2657 1593 2738 possit
1634 2657 1817 2718 intel-

321 2754 731 2835 ligentiarum
774 2773 1081 2818 numerus
1120 2764 1331 2818 certus
1375 2763 1484 2818 aut
1521 2755 1816 2818 determi-

318 2861 507 2915 natus
549 2853 825 2936 probari.

396 2951 745 3026 Postremo,
768 2960 839 3014 ut
868 2953 1433 3035 Peripateticorum
1466 2952 1818 3015 innotescat

1931 1965 2212 2028 instanti.

2011 2066 2192 2129 Circa
2237 2066 2518 2148 primum
2563 2065 2741 2146 argui
2790 2073 3017 2148 potest,
3053 2065 3222 2148 quod
3260 2065 3428 2127 Deus

1928 2164 2151 2226 fecerit
2181 2165 2478 2246 angelum
2513 2164 2774 2227 malum.
2799 2165 2940 2246 lpse
2975 2182 3252 2246 namque
3283 2163 3427 2226 Om-

1928 2262 2224 2345 nipotens
2274 2283 2388 2346 per
2430 2263 2621 2326 Amos
2672 2262 3046 2345 prophetam
3093 2268 3360 2324 testatur
3407 2279 3422 2325 ε

1928 2360 1990 2423 Si
2035 2362 2157 2424 erit-
2202 2362 2440 2424 malum
2491 2363 2557 2424 in
2602 2360 2856 2423 civitate
2899 2361 3067 2442 quod
3116 2360 3424 2423 Dominus
3453 2376 3718 2428 Amos-us.

1927 2479 2054 2522 non
2104 2461 2296 2524 fecit?
2339 2461 2415 2522 Et
2459 2460 2612 2522 item
2657 2477 2772 2542 per
2815 2459 3040 2522 Isaiam
3085 2477 3099 2523 ε
3143 2459 3272 2540 Ego
3309 2460 3421 2524 Do·
3467 2473 3706 2526 Imma.

1927 2558 2141 2621 minus
2190 2559 2432 2622 faciens
2479 2577 2726 2642 pacem,
2777 2566 2840 2621 et
2889 2575 3108 2620 creans
3157 2557 3418 2620 malum.

1924 2693 2005 2703 —
2034 2659 2322 2740 Insuper,
2356 2658 2595 2720 malum
2627 2655 2874 2720 confert
2901 2657 2979 2719 ad
3010 2655 3292 2719 universi
3322 2656 3425 2718 de-

1927 2773 2139 2818 corem
2177 2774 2190 2817 :
2225 2775 2422 2837 quum
2458 2774 2608 2836 ergo
2635 2756 2792 2818 ordo
2821 2763 2885 2817 et
2913 2756 3104 2817 decor
3141 2754 3424 2816 universi

1926 2873 1963 2916 a
2001 2854 2131 2916 Deo
2175 2854 2322 2928 sint,
2356 2855 2609 2917 videtur
2647 2855 2817 2937 quod
2855 2853 3082 2935 aliquae
3121 2861 3424 2916 creaturae

1928 2952 2056 3014 sint
2097 2971 2134 3013 a
2177 2953 2305 3015 Deo
2349 2952 2530 3014 malae
2575 2960 2816 3016 creatae.

318 3049 612 3124 intentio,
666 3049 959 3131 praefatos
1016 3050 1177 3113 situs
1236 3051 1513 3132 partium
1563 3049 1817 3114 orbium
1850 3056 1893 3120 C
2006 3052 2310 3114 Praeterea
2352 3050 2529 3131 argui
2576 3058 2804 3132 potest,
2839 3051 3006 3132 quod
3050 3049 3314 3132 angelus
3358 3009 3424 3112 in

316 3165 445 3210 non
501 3148 801 3210 dixerunt
855 3166 997 3211 esse
1055 3148 1479 3231 perfectiones
1538 3150 1817 3231 partium

318 3247 573 3309 illarum
605 3246 671 3308 in
703 3255 1014 3328 quantum
1054 3255 1203 3309 sunt
1231 3248 1392 3310 situs
1422 3256 1531 3310 aut
1559 3257 1818 3330 propter

316 3345 479 3408 situs
522 3345 851 3408 dumtaxat
892 3364 907 3410 :
952 3347 1082 3408 imo
1122 3347 1421 3409 dixerunt
1465 3347 1819 3428 intelligen-

316 3445 435 3506 tias
484 3452 551 3506 et
600 3444 847 3506 animas
894 3444 1143 3507 nobiles
1202 3445 1323 3507 sub
1373 3445 1501 3506 Deo
1558 3453 1621 3507 et
1673 3445 1816 3527 jux·

314 3548 375 3602 ta
416 3541 903 3624 dispositionem
950 3542 1151 3624 ipsius
1201 3543 1529 3605 intendere
1579 3544 1815 3607 bonum

314 3641 621 3716 universi,
666 3640 952 3722 illudque
997 3658 1337 3722 procurare
1380 3649 1443 3704 et
1486 3660 1815 3706 conserva-

316 3757 403 3810 re,
440 3747 637 3820 atque
676 3738 758 3801 ob
800 3739 919 3802 boc
959 3739 1443 3820 generationum
1486 3759 1557 3802 ac
1601 3758 1813 3803 corru-

315 3838 610 3918 ptionum
671 3836 963 3920 periodos
1015 3855 1089 3899 ac
1143 3838 1617 3900 vicissitudines
1672 3856 1816 3901 con-

314 3935 563 3998 tinuare
606 3954 621 4000 :
670 3935 749 3998 ad
798 3955 941 4018 quae
990 3936 1330 3999 necessarii
1384 3945 1533 4000 sunt
1579 3937 1812 4000 diversi

315 4041 664 4116 respectus,
692 4035 852 4098 situs
882 4041 945 4098 et
978 4033 1263 4098 influxus
1294 4036 1649 4098 coelestium
1682 4053 1814 4100 cor·

315 4149 545 4214 porum
589 4131 759 4194 circa
801 4132 1121 4196 inferiora.

1928 3169 2057 3212 suae
2087 3149 2422 3212 creat-ionis
2464 3149 2673 3230 primo
2703 3149 2962 3211 instanti
2994 3147 3188 3210 fuerit
3218 3148 3424 3211 malus

1926 3254 2115 3330 atque
2146 3248 2520 3331 peccaverit.
2556 3247 2849 3321 Quaedam
2882 3247 3055 3310 enim
3085 3246 3422 3308 sensibiles

1927 3364 2027 3407 res
2061 3346 2286 3408 eodem
2328 3345 2585 3408 instanti
2622 3363 2751 3427 quo
2785 3345 3104 3427 incipiunt
3131 3363 3293 3419 esse,
3327 3345 3423 3406 in-

1926 3443 2176 3525 cipiunt
2214 3444 2460 3526 operari
2495 3463 2509 3507 :
2543 3443 2708 3506 sicut
2747 3443 2854 3505 lux
2895 3443 3117 3505 eodem
3161 3443 3420 3504 instanti

1926 3559 2052 3624 quo
2096 3543 2490 3624 producitur,
2535 3543 2704 3605 lucet
2752 3550 2816 3604 et
2859 3540 3213 3620 illuminat3
3256 3541 3421 3622 ignis

1926 3658 2179 3723 quoque
2209 3660 2408 3724 quum
2438 3647 2796 3722 generatur,
2829 3641 2968 3703 sine
3000 3658 3176 3704 mora
3202 3658 3420 3702 ascen-

1924 3738 2035 3801 dit.
2070 3739 2348 3821 Angelus
2387 3757 2539 3802 vero
2580 3739 2646 3800 in
2689 3747 2916 3801 natura
2952 3747 3016 3801 et
3053 3739 3420 3820 operatione

1923 3846 2019 3900 est
2066 3839 2271 3901 multo
2315 3838 2689 3920 simplicior,
2731 3838 2958 3919 agilior
3002 3845 3064 3900 et
3107 3837 3420 3900 actualior

1924 3937 2338 3999 sensibilibus
2378 3937 2568 3999 rebus
2603 3953 2618 3998 ε
2651 3937 2873 4000 eodem
2914 3954 3064 4017 ergo
3095 3954 3222 4018 quo
3251 3955 3420 3998 crea-

1924 4042 2024 4096 tus
2054 4042 2149 4096 est
2179 4034 2460 4108 instanti,
2493 4052 2754 4097 exorsus
2784 4041 2880 4096 est
2909 4035 3174 4116 operari.
3209 4035 3415 4109 Quum

1923 4133 2116 4214 igitur
2143 4133 2426 4215 operatio
2465 4132 2605 4213 ejus
2645 4151 2722 4194 ex
2758 4131 2959 4194 libero
2997 4133 3295 4214 procedat
3321 4151 3418 4194 ar-

391 4230 701 4293 Praeterea
728 4231 1057 4294 Udalricus
1089 4231 1155 4293 in
1188 4232 1449 4294 Summa
1478 4251 1612 4308 sua,
1647 4231 1811 4296 libro
1839 4239 1890 4303 D
1922 4230 2135 4305 bitrio,
2168 4237 2430 4313 apparet
2466 4230 2634 4312 quod
2677 4231 2742 4291 in
2783 4230 2992 4311 primo
3030 4249 3160 4293 suae
3199 4231 3414 4293 condi-

314 4336 562 4410 quarto,
596 4335 860 4392 conatur
898 4329 1068 4390 dicta
1100 4328 1536 4409 theologorum
1574 4336 1638 4391 et
1672 4330 1813 4413 phi-

314 4425 725 4508 losophorum
756 4427 966 4488 taliter
996 4427 1399 4500 concordare,
1427 4434 1495 4488 ut
1524 4426 1814 4490 substan·

312 4525 413 4588 tiae
452 4531 759 4607 separatae
800 4523 863 4586 in
904 4533 1217 4606 quantum
1260 4533 1408 4588 sunt
1445 4526 1661 4606 gratiae
1699 4527 1809 4590 Dei

316 4623 613 4697 ministri,
626 4631 691 4684 et
711 4623 927 4704 gloriae
949 4623 1305 4687 Conditoris
1334 4623 1609 4700 intentae,
1629 4626 1810 4707 quasi

313 4719 815 4783 innumerabiles
843 4729 1237 4800 asserantur;
1264 4723 1373 4784 sed
1405 4722 1469 4784 in
1500 4733 1809 4804 quantum

312 4828 461 4881 sunt
520 4818 957 4900 intelligentiae
1013 4838 1087 4881 ac
1146 4827 1421 4885 motores
1477 4821 1806 4896 coelorum,

313 4924 634 4998 ponantur
680 4917 746 4978 in
796 4934 1064 4982 numero
1112 4937 1305 5001 quem
1353 4926 1569 4980 taxant
1612 4919 1812 5000 philo-

312 5015 518 5097 sophi.
555 5049 631 5061 -
662 5016 898 5078 Verum
928 5015 1048 5079 ista
1078 5019 1418 5081 concordia
1452 5035 1578 5080 non
1610 5026 1705 5081 cst
1733 5019 1811 5080 ad

312 5133 469 5178 rem.
490 5115 891 5196 Peripatetici
923 5116 1097 5178 enim
1129 5117 1447 5192 dixerunt,
1472 5118 1641 5200 quod
1673 5117 1817 5179 sub-

312 5212 559 5275 stantiae
596 5221 901 5294 separatae
944 5231 1074 5276 non
1112 5223 1325 5277 essent
1363 5216 1578 5296 plures
1619 5235 1811 5298 quam

314 5317 525 5374 motus
566 5317 633 5373 et
669 5310 855 5374 orbes
900 5313 1209 5376 coelesteS.

1919 4330 2113 4392 tionis
2157 4330 2414 4392 instanti
2457 4335 2700 4411 poterat
2728 4346 2912 4409 agere
2947 4329 3134 4402 male,
3166 4347 3278 4392 seu
3309 4330 3415 4392 de·

1919 4428 2125 4491 bitum
2186 4428 2426 4490 bonum
2485 4427 2796 4489 omittere.
2849 4463 2930 4473 —
2985 4427 3298 4509 AmpliuS,
3360 4427 3430 4516 si⁸

1919 4527 2095 4610 prius
2138 4525 2260 4588 fuit
2299 4525 2527 4601 bonuS,
2561 4533 2624 4588 et
2659 4532 2878 4607 postea
2917 4525 3142 4600 malus,
3177 4526 3414 4606 signari

1918 4633 2125 4707 potest
2155 4624 2456 4687 ultimum
2498 4625 2737 4687 instans
2777 4623 2844 4686 in
2883 4641 3013 4706 quo
3050 4623 3174 4686 fuit
3207 4622 3414 4687 bonus

1917 4733 1981 4786 et
2011 4723 2338 4798 innocenS,
2361 4730 2425 4786 et
2454 4723 2736 4805 primum
2768 4723 3008 4786 instans
3040 4721 3104 4783 in
3136 4739 3263 4804 quo
3291 4722 3415 4786 fuit

1923 4822 2144 4885 malus,
2198 4821 2320 4884 Aut
2367 4839 2516 4902 ergo
2572 4829 2668 4884 est
2725 4840 2924 4883 unum
2983 4827 3046 4882 et
3095 4821 3262 4883 idem
3323 4819 3416 4883 in-

1919 4929 2114 4995 stanS,
2146 4929 2210 4982 et
2239 4921 2331 4982 sic
2362 4919 2554 4982 simul
2585 4919 2814 4982 fuisset
2843 4918 3047 4982 bonus
3077 4926 3139 4980 et
3170 4919 3412 4999 malus3

1919 5026 2028 5082 aut
2056 5019 2229 5081 aliud
2259 5025 2322 5080 et
2350 5018 2546 5092 aliud,
2572 5017 2792 5099 sicque
2824 5035 3025 5098 quum
3057 5017 3222 5080 inter
3250 5037 3419 5099 quae-

1923 5116 2078 5179 libet
2106 5118 2234 5180 duo
2267 5116 2566 5179 instantia
2604 5115 2686 5177 sit
2716 5122 2970 5198 tempus
3009 5115 3314 5190 medium,
3350 5115 3414 5177 in

1921 5224 2206 5297 tempore
2239 5215 2349 5278 illo
2378 5233 2496 5276 nec
2533 5213 2737 5276 bonus
2777 5213 3004 5276 fuisset
3033 5232 3150 5276 nec
3185 5213 3409 5276 malus.

1921 5314 2094 5388 Quod
2127 5333 2326 5396 quum
2363 5310 2760 5395 impossibile
2800 5311 2906 5388 sit,
2939 5329 3066 5375 uon
3106 5319 3203 5374 cst
3230 5329 3416 5398 ange-
