4334 6242
690 506 775 559 AN
818 510 1029 557 ANfflAE
1068 507 1399 559 RATIONAU
1440 508 1770 555 [unionum
1812 506 2190 555 comt-:murts
2231 506 2448 556 runnu
2492 508 2656 557 UNlm
2699 511 2974 569 conrom,
3015 510 3142 559 mc.

3355 494 3474 559 109

442 683 685 744 Verum
726 682 792 743 in
824 682 1087 745 Summa
1123 690 1341 745 contra
1378 681 1668 762 gentiles,
1704 677 1867 741 libro
1894 679 1945 740 A
1974 697 2047 741 ac
2083 678 2357 761 subjecti
2397 682 2475 743 ad
2513 682 2755 763 aliquid
2796 682 2986 744 altius
3025 681 3292 761 elevati;
3326 680 3472 743 sub-

356 781 669 853 secund0‚
732 781 810 842 de
870 781 987 843 hac
1044 780 1427 843 difficultate
1488 778 1865 862 profundius

358 878 611 941 scribit.
648 880 765 941 Ubi
806 880 1087 961 capitulo
1124 878 1655 962 quinquagesimo
1688 885 1865 939 sexto

358 978 655 1059 inquirit,
692 979 969 1060 qualiter
1014 978 1369 1041 substantia
1415 977 1864 1040 intellectualis

360 1078 615 1159 corpori
668 1079 869 1159 possit
912 1078 1119 1157 uniri;
1164 1085 1228 1139 et
1272 1078 1447 1140 varia
1487 1078 1685 1157 tangit
1736 1094 1865 1139 mo-

360 1175 496 1236 tiva
531 1176 610 1238 ad
648 1176 1073 1257 probandum,
1106 1177 1276 1257 quod
1317 1195 1445 1239 non
1481 1176 1687 1237 valeat
1724 1193 1862 1237 esse

360 1274 650 1356 corporis
690 1274 921 1337 forma:
946 1275 1185 1337 Deinde
1226 1293 1341 1356 per
1369 1276 1619 1337 diversa
1656 1281 1863 1336 osten-

362 1372 458 1433 dit
514 1372 815 1454 capitula,
864 1391 991 1436 non
1046 1391 1231 1455 posse
1284 1372 1514 1435 salvari
1567 1389 1864 1454 quorum-

364 1470 513 1532 dam
544 1471 1071 1555 philosophorum
1110 1472 1445 1554 opiniones
1473 1472 1551 1533 de
1590 1470 1865 1533 essentia

366 1577 428 1631 et
480 1570 715 1633 unione
762 1571 993 1634 animae
1035 1590 1183 1633 cum
1229 1589 1491 1652 corpore
1542 1588 1675 1633 suo.
1711 1570 1865 1632 Tan-

367 1668 515 1729 dem
564 1669 849 1751 capitulo
895 1671 1289 1750 sexagesimo
1336 1678 1558 1732 octavo
1608 1667 1801 1731 infert
1846 1686 1859 1731 :

372 1767 459 1829 Ex
490 1768 839 1849 praemissis
879 1770 1257 1832 concludere
1300 1787 1659 1851 possumus,
1694 1769 1863 1849 quod

1974 780 2220 841 stantiae
2263 798 2413 843 vcro
2455 781 2924 854 intellectualis,
2961 790 3260 863 tanquam
3303 780 3474 862 prin-

1974 878 2127 959 cipii
2170 886 2234 939 et
2277 879 2628 940 secundum
2675 880 3152 959 congruentiam
3199 878 3472 960 propriae

1972 996 2103 1039 suae
2146 986 2407 1040 naturae.

2042 1076 2326 1157 Denique
2358 1077 2424 1139 in
2456 1078 2576 1140 hoc
2609 1078 2881 1159 refulget
2909 1076 3224 1139 mirabilis
3255 1095 3470 1139 rerum

1974 1175 2302 1237 connexio.
2341 1176 2604 1257 Semper
2651 1176 2888 1240 etenim
2937 1176 3236 1239 infimum
3287 1194 3471 1258 supe-

1974 1271 2159 1335 rioris
2207 1276 2458 1354 generis
2507 1294 2619 1337 seu
2669 1276 2909 1338 ordinis
2959 1276 3282 1338 invenitur
3327 1293 3471 1338 con-

1974 1370 2216 1452 tingere
2267 1392 2640 1454 supremum
2687 1374 2938 1454 generis
2989 1372 3328 1436 inferioriS.
3379 1374 3470 1435 ld-

1973 1469 2143 1531 circo
2200 1470 2266 1531 B.
2329 1471 2664 1553 Dionysius
2725 1472 2998 1553 septimo
3055 1471 3335 1554 capitulo
3391 1472 3468 1533 de

1974 1567 2221 1629 Divinis
2271 1569 2638 1641 nominibus
2675 1588 2688 1632 :
2722 1570 2946 1632 Divina
2993 1571 3261 1652 (inquit)
3303 1570 3470 1651 sapi-

1972 1667 2145 1727 entia
2196 1667 2526 1748 conjungit
2573 1668 2740 1730 sines
2785 1670 3188 1751 superiorum
3238 1670 3470 1751 princi-

1976 1764 2099 1846 piis
2128 1766 2574 1827 secundorum.
2602 1766 2760 1829 Hinc
2791 1768 2957 1829 sicut
2987 1768 3054 1830 in
3083 1786 3314 1849 genere
3343 1767 3472 1829 ani·

369 1866 817 1929 intellectualis
847 1868 1197 1929 substantia
1223 1868 1473 1949 corpori
1507 1868 1705 1949 possit
1735 1867 1866 1928 uni·
1897 1867 1944 1928 B
1978 1863 2240 1925 matium
2291 1872 2440 1926 sunt
2487 1866 2776 1947 quaedam
2825 1885 3050 1947 parum
3100 1866 3470 1929 excedentia

368 1965 418 2025 ri
450 1972 521 2025 ut
551 1963 777 2027 forma.
814 1965 970 2028 Nam
1012 1966 1177 2029 sicut
1218 1966 1553 2047 probatum
1584 1973 1701 2040 est,
1736 1983 1862 2027 non

368 2064 585 2127 unitur
626 2064 685 2126 ei
734 2065 943 2127 solum
986 2074 1052 2127 ut
1101 2072 1326 2140 motor,
1360 2074 1549 2147 prout
1594 2065 1865 2127 asseruit

364 2161 565 2241 Plato;
599 2182 717 2225 nec
748 2164 1156 2226 continuatur
1182 2165 1241 2226 ei
1274 2164 1482 2227 solum
1523 2183 1636 2246 per
1664 2164 1861 2247 phan-

366 2268 653 2335 tasmata,
688 2269 758 2323 ut
797 2262 958 2324 dixit
986 2264 1315 2337 AverrOES,
1349 2264 1457 2325 sed
1503 2271 1570 2324 ut
1604 2262 1809 2325 forma
1844 2280 1857 2325 τ

366 2378 479 2421 nec
511 2368 727 2422 tamen
760 2360 1123 2423 intellectus
1154 2379 1281 2443 quo
1310 2363 1501 2424 homo
1539 2360 1858 2442 intelligit,

367 2466 455 2519 est
502 2460 882 2541 praeparatio
920 2460 987 2521 in
1020 2460 1299 2523 humana
1340 2470 1585 2534 natura,
1622 2467 1691 2522 ut
1731 2460 1863 2543 opi·

368 2564 549 2619 natus
583 2566 681 2619 est
708 2557 1099 2637 Alexander3
1134 2578 1339 2640 neque
1379 2560 1757 2641 complexio,
1793 2567 1861 2621 ut

370 2654 673 2735 Galenus3
706 2674 915 2739 neque
957 2657 1309 2731 harmonia,
1352 2658 1517 2719 sicut
1555 2658 1863 2739 Empedo-

372 2753 533 2833 cles;
566 2773 685 2817 nec
728 2772 980 2836 corpuS‚
1015 2774 1133 2817 nec
1173 2774 1419 2829 sensuS‚
1458 2775 1665 2837 neque
1711 2757 1863 2818 ima-

372 2852 627 2931 ginatio,
679 2860 749 2913 ut
795 2852 1093 2915 dixerunt
1140 2853 1405 2935 antiqui.
1460 2854 1863 2937 Relinquitur

372 2968 538 3031 erge,
571 2951 742 3033 quod
779 2951 993 3013 anima
1031 2951 1311 3013 humana
1349 2952 1431 3014 sit
1468 2952 1861 3016 intellectua-

376 3048 447 3109 lis
489 3049 843 3111 substantia
886 3049 1134 3132 corpori
1179 3050 1356 3112 unita
1399 3058 1468 3112 ut
1510 3049 1733 3113 forma.

448 3148 623 3221 Quod
674 3156 881 3230 potest
940 3149 1031 3210 sic
1082 3148 1227 3211 sieri
1284 3149 1713 3212 manifestum.
1766 3150 1860 3212 Ad

375 3243 487 3307 hoc
535 3246 777 3328 quippe
826 3246 995 3328 quod
1043 3246 1286 3327 aliquid
1336 3248 1417 3309 sit
1464 3246 1666 3309 forma
1715 3248 1861 3311 sub-

376 3344 679 3406 stantialis
732 3344 1018 3419 alteriuS,
1067 3344 1194 3407 duo
1249 3346 1683 3427 requiruntur.
1738 3347 1863 3409 Pri-

380 3460 568 3514 mum,
629 3452 701 3504 ut
760 3440 965 3504 forma
1019 3441 1102 3504 sit
1159 3443 1549 3525 principium
1608 3446 1859 3507 essendi

376 3539 869 3602 substantialiter
916 3540 974 3602 ei
1023 3540 1208 3622 cujus
1252 3549 1349 3603 est
1394 3541 1599 3605 forma
1638 3560 1652 3605 ε
1689 3544 1861 3625 prin·

374 3636 611 3718 cipium
649 3637 795 3701 dico
825 3656 951 3701 non
988 3637 1384 3713 effectivum,
1418 3640 1529 3701 sed
1568 3640 1855 3715 formale,

372 3752 494 3816 quo
536 3736 783 3817 aliquid
834 3744 930 3799 est
976 3744 1041 3798 et
1089 3737 1537 3799 denominatur
1582 3758 1713 3802 ens.
1768 3740 1859 3802 Ex

370 3852 491 3915 quo
531 3836 823 3917 sequitur
863 3836 1058 3908 aliud,
1100 3837 1346 3899 scilicet
1388 3838 1557 3919 quod
1598 3840 1859 3902 materia

370 3940 429 3992 et
475 3931 679 3995 forma
730 3933 1111 3995 conveniant
1160 3935 1223 3997 in
1274 3953 1403 3998 uno
1449 3954 1587 3999 esse
1631 3953 1644 3997 :
1688 3938 1857 4019 quod

372 4048 489 4093 non
532 4031 843 4112 contingit
879 4032 959 4093 de
999 4032 1317 4115 principio
1348 4032 1648 4096 effectivo
1688 4043 1751 4097 et
1782 4053 1859 4098 eo

374 4130 471 4191 cui
512 4130 619 4191 dat
656 4148 815 4193 esse.
852 4130 927 4192 Et
968 4131 1085 4194 hoc
1126 4139 1223 4194 est
1261 4151 1398 4195 esse
1437 4132 1502 4194 in
1543 4151 1671 4215 quo
1710 4133 1857 4195 sub-

1974 1963 2169 2025 vitam
2202 1963 2585 2044 plantarum,
2621 1972 2690 2026 ut
2725 1972 2932 2027 ostrea
2969 1973 3152 2028 terrae
3178 1964 3377 2028 affixa
3406 1972 3469 2027 et

1972 2059 2180 2121 solum
2223 2068 2458 2123 tactum
2495 2061 2827 2142 habentia;
2861 2063 2948 2125 ita
2985 2082 3358 2145 supremum
3401 2063 3466 2124 in

1970 2177 2202 2240 genere
2233 2176 2570 2241 corporum
2604 2160 3281 2242 complexionatorum‚
3300 2161 3471 2223 vide-

1974 2258 2119 2320 licet
2170 2276 2402 2339 corpus
2451 2258 2826 2333 humanum,
2862 2260 3117 2341 attingit
3166 2260 3465 2323 infimum

1969 2357 2220 2438 generis
2269 2358 2636 2438 superioriS,
2687 2366 2904 2439 utpote
2951 2360 3230 2421 animam
3281 2361 3467 2422 ratio-

1972 2456 2204 2531 nalem,
2247 2476 2388 2538 quae
2433 2456 2730 2519 infimum
2781 2459 3047 2540 gradum
3091 2458 3352 2521 sortitur
3399 2460 3469 2522 in

1970 2556 2193 2618 ordine
2245 2556 2774 2619 intellectualium
2825 2557 3346 2631 substantiarum,
3395 2566 3466 2621 ut

1970 2672 2047 2715 ex
2089 2655 2278 2717 modo
2317 2672 2434 2718 suo
2474 2655 2869 2738 intelligendi
2907 2656 3339 2738 perpenditur.
3376 2658 3468 2719 Id-

1971 2771 2045 2815 eo
2095 2754 2309 2815 anima
2366 2754 2689 2816 rationalis
2737 2754 2973 2817 dicitur
3019 2773 3158 2817 esse
3205 2754 3466 2836 quidam

1972 2869 2420 2933 corporeorum
2452 2861 2515 2914 et
2547 2853 3064 2935 incorporeorum
3097 2854 3353 2917 horizon
3386 2862 3476 2916 at-

1970 2967 2095 3029 que
2140 2948 2517 3012 confinium.
2552 2951 2688 3013 Imo
2729 2969 2856 3032 quo
2899 2951 3038 3033 ipsa
3080 2951 3225 3033 plus
3267 2952 3468 3015 vincit

1896 3049 1939 3112 C
1972 3048 2324 3122 materiam,
2362 3055 2533 3111 tanto
2572 3049 2716 3131 plus
2747 3068 2824 3111 ex
2855 3069 2926 3111 ea
2955 3058 3019 3113 et
3049 3068 3312 3132 corpore
3349 3069 3466 3114 suo

1968 3144 2254 3208 efficitur
2302 3166 2522 3209 unum.
2575 3147 2702 3210 Nec
2750 3155 2954 3229 potest
3001 3149 3061 3211 ei
3109 3150 3464 3212 communi-

1969 3262 2111 3306 care
2144 3245 2406 3307 materia
2436 3246 2502 3307 in
2534 3246 2707 3308 omni
2739 3265 2848 3309 sua
2876 3246 3251 3328 operatione,
3266 3268 3463 3329 quum

1969 3343 2050 3405 sit
2079 3342 2312 3424 partim
2346 3362 2538 3425 super
2565 3362 2819 3407 omnem
2857 3346 3186 3408 materiam
3219 3346 3461 3410 elevata

1967 3448 2029 3503 et
2078 3460 2226 3503 cum
2276 3442 2812 3505 intellectualibus
2860 3444 3234 3508 substantiis
3284 3464 3460 3528 sepa-

1969 3540 2119 3601 ratis
2177 3539 2421 3621 aliquid
2479 3540 2718 3603 habens
2777 3559 3135 3606 commune.
3189 3579 3270 3590 —
3314 3544 3458 3608 Haec

1967 3637 2256 3700 Thomas,

2049 3736 2398 3799 Concordat
2436 3738 2674 3811 PetruS‚
2717 3737 2986 3801 dicendo
3020 3756 3034 3800 :
3067 3740 3322 3822 Aliquid
3363 3750 3460 3805 est

1970 3855 2082 3917 per
2126 3855 2195 3897 se
2253 3835 2606 3898 subsistens
2664 3837 3024 3919 dupliciter.
3076 3839 3286 3902 Primo
3340 3841 3454 3917 sic,

1967 3934 2134 4015 quod
2169 3934 2346 3996 nullo
2377 3935 2564 3997 modo
2602 3943 2824 4015 aptum
2862 3944 2956 3997 est
2985 3940 3458 4002 communicare

1967 4032 2145 4094 alteri
2179 4052 2366 4094 suum
2397 4050 2537 4094 esse
2571 4051 2584 4095 ε
2618 4040 2680 4095 et
2714 4033 2834 4095 tale
2865 4034 3045 4096 alteri
3076 4054 3202 4098 non
3242 4038 3459 4100 unitur

1969 4130 2091 4193 nisi
2120 4130 2617 4206 accidentaliter,
2651 4132 2804 4212 quia
2841 4132 3032 4194 unius
3068 4134 3159 4195 rei
3200 4152 3329 4197 non
3362 4144 3457 4199 est

372 4227 532 4289 sistit
578 4227 934 4291 substantia
977 4230 1349 4312 composita,
1397 4249 1539 4311 quae
1586 4239 1683 4293 est
1734 4251 1859 4294 una
1888 4236 1936 4297 D
1968 4229 2093 4291 nisi
2124 4248 2325 4291 unum
2365 4248 2502 4291 esse
2544 4229 2975 4293 substantiale.
3012 4231 3302 4296 Secundo
3340 4235 3453 4310 sic,

374 4327 717 4389 secundum
760 4328 931 4407 quod
980 4336 1075 4389 est
1116 4346 1193 4390 ex
1238 4329 1501 4390 materia
1542 4337 1607 4390 et
1654 4328 1859 4392 forma

374 4433 681 4488 constans.
714 4424 853 4488 Non
881 4433 1093 4488 autem
1128 4425 1475 4507 impeditur
1504 4427 1859 4490 substantia

374 4524 813 4587 intellectualis
845 4543 959 4606 per
987 4525 1105 4588 hoc
1145 4526 1314 4606 quod
1354 4534 1447 4588 est
1478 4525 1854 4601 subsistens,

372 4642 501 4684 esse
531 4620 799 4685 formale
838 4622 1227 4705 principium
1268 4626 1521 4686 essendi
1556 4626 1851 4688 materiae.

373 4718 501 4781 Non
529 4720 704 4782 enim
733 4726 831 4782 est
863 4720 1337 4795 inconvenienS,
1373 4723 1540 4804 quod
1576 4722 1744 4785 idem
1776 4723 1857 4785 sit

374 4836 501 4880 esse
540 4819 604 4880 in
648 4835 779 4900 quo
828 4817 1119 4881 subsistit
1160 4821 1585 4901 compositum
1632 4830 1694 4883 et
1736 4822 1857 4884 for-

377 4935 469 4978 ma
498 4916 722 4999 ipsius,
756 4934 955 4998 quum
997 4916 1421 4999 compositum
1460 4936 1587 4980 non
1618 4918 1698 4980 sit
1733 4920 1854 4981 nisi

374 5032 479 5095 per
516 5015 811 5089 sormam,
845 5033 962 5077 nec
1001 5033 1285 5077 seorsum
1326 5024 1669 5098 utrumque
1709 5017 1855 5079 sub-

374 5114 559 5177 sistat.
594 5114 723 5177 Nec
771 5114 967 5175 etiam
1008 5132 1147 5175 esse
1195 5113 1354 5176 illud
1398 5116 1621 5178 eodem
1669 5116 1854 5178 modo

376 5220 462 5273 est
495 5232 632 5276 esse
674 5212 955 5275 materia}
992 5218 1181 5293 atque
1223 5211 1671 5275 intellectualis
1709 5213 1859 5276 sub-

376 5313 627 5376 stantiae.
662 5312 771 5374 Est
813 5310 987 5373 enim
1037 5310 1337 5385 materiai,
1384 5318 1451 5372 ut
1491 5311 1857 5394 recipientis

1966 4328 2133 4410 quod
2163 4336 2386 4409 aptum
2424 4336 2520 4390 est
2550 4348 2738 4389 suum
2777 4348 2916 4392 esse
2950 4331 3132 4394 alteri
3175 4350 3460 4396 commu-

1966 4426 2178 4487 nicare
2212 4443 2226 4487 ε
2259 4434 2322 4487 et
2363 4424 2486 4487 tale
2539 4434 2744 4507 potest
2785 4429 3064 4492 materiae
3112 4432 3459 4494 essentiali·

1964 4532 2060 4585 ter
2088 4524 2359 4597 couniri,
2394 4532 2465 4585 ut
2501 4525 2714 4586 anima
2753 4526 3095 4590 rationalis.
3129 4563 3210 4574 —
3237 4530 3461 4593 Decuit

1964 4641 2218 4705 quoque
2248 4642 2386 4685 esse
2419 4632 2774 4687 creaturam
2810 4624 2894 4686 ita
2924 4628 3340 4709 compositam
3379 4648 3457 4691 ex

1964 4721 2277 4802 corporali
2323 4730 2390 4783 et
2437 4722 2852 4784 intellectuali
2903 4723 3275 4800 substantia,
3320 4746 3460 4808 pro—

1965 4826 2105 4899 pter
2135 4818 2674 4900 complementum
2707 4820 3294 4904 connexionemque
3325 4826 3461 4886 uni-

1962 4916 2150 4978 versi.
2205 4917 2315 4978 Est
2375 4935 2650 4997 namque
2698 4925 2986 4980 creatura
3036 4918 3251 5001 aliqua
3296 4940 3456 5003 pure

1964 5014 2332 5097 corporalis,
2352 5022 2414 5076 et
2443 5023 2540 5076 est
2568 5024 2854 5078 creatura
2884 5036 3042 5098 pure
3072 5018 3452 5100 spiritualis:

1963 5131 2113 5195 ergo
2162 5114 2500 5176 condecuit
2546 5132 2685 5176 esse
2732 5115 3013 5197 aliquam
3065 5137 3141 5179 ex
3191 5127 3456 5202 utraque
3539 5184 3560 5199 „

1967 5213 2408 5294 compositam,
2442 5212 2593 5294 quia
2640 5220 2924 5275 extrema
2967 5214 3032 5276 in
3077 5224 3324 5279 tantum
3366 5218 3458 5280 di-

1966 5312 2198 5374 stantia
2234 5318 2560 5393 nequeunt
2599 5309 2901 5392 conjungi
2942 5312 3065 5375 nisi
3109 5332 3222 5397 per
3263 5316 3458 5381 medi—
