4334 6242
986 515 1071 568 AN
1113 517 1343 569 curten
1386 514 1645 579 CREATA,
1688 516 1821 569 SINT
1864 526 1905 568 A
1949 516 2067 569 DEO
2110 518 2446 572 iuuenum
2489 523 2748 584 CREATA,
2791 528 2916 574 ETC.
3419 508 3498 572 67

399 690 709 751 senserint
766 692 1121 767 veritatem,
1177 712 1304 756 non
1366 702 1576 756 tamen
1636 693 1893 776 proprie
1925 694 1976 757 A
2007 694 2323 769 umbram,
2357 716 2500 778 quae
2543 715 2669 759 non
2714 705 2808 761 est
2849 698 2972 760 nisi
3021 698 3393 761 tenuissima
3439 705 3503 759 et

396 800 866 869 expresserunt,
901 811 1101 873 quum
1144 793 1511 855 universum
1556 811 1683 854 non
1714 792 1797 854 sit
1829 792 1895 853 in

396 886 516 947 alio
577 894 879 969 tanquam
941 890 1007 951 in
1065 890 1325 971 speculo
1386 890 1777 972 suscipiente
1833 897 1898 951 et

394 985 749 1048 sustinente
784 1005 799 1049 ε
834 987 958 1049 nisi
990 988 1259 1063 dicatur,
1295 989 1461 1071 quod
1505 987 1896 1071 possibilitas

392 1083 531 1163 ejus
576 1085 662 1145 sit
704 1087 887 1167 quasi
937 1087 1254 1169 recipiens
1296 1096 1360 1149 et
1402 1088 1724 1150 sustinens
1774 1086 1900 1149 for-

396 1200 585 1254 mam,
620 1194 823 1263 quum
858 1192 1068 1247 tamen
1114 1184 1221 1247 illa
1258 1194 1405 1248 ante
1436 1185 1716 1249 universi
1760 1202 1899 1266 pro-

392 1280 763 1343 ductionem
804 1301 933 1344 non
972 1282 1168 1345 fuerit
1198 1292 1374 1345 extra
1412 1284 1611 1345 Deum
1653 1283 1895 1365 aliquid

396 1378 766 1460 positivum.
827 1416 909 1425 —
965 1381 1089 1444 Alii
1158 1381 1457 1444 dixerunt
1526 1382 1895 1443 universum

390 1478 601 1539 exisse
633 1497 671 1539 a
699 1480 828 1541 Deo
869 1479 1066 1541 instar
1108 1480 1350 1543 umbrae
1383 1501 1419 1542 a
1457 1500 1741 1563 corpore.
1777 1481 1897 1544 Sed

394 1574 497 1637 isti
544 1575 761 1638 minus
790 1578 1253 1661 circumspecte
1295 1579 1663 1661 loquuntur,
1696 1600 1899 1662 quum

393 1673 627 1737 umbra
675 1694 801 1737 non
850 1677 931 1737 sit
977 1677 1220 1758 aliquid
1269 1679 1489 1740 exiens
1530 1698 1567 1740 a
1610 1697 1895 1760 corpore,

390 1772 561 1834 sicut
590 1774 915 1853 egreditur
946 1774 1161 1837 lumen
1192 1794 1229 1837 a
1258 1794 1521 1857 corpore
1556 1776 1893 1850 1111ῃί11050,

2005 794 2186 874 quasi
2249 794 2622 857 inanissima
2679 796 3031 877 designatio
3084 796 3390 877 eorporis,
3440 804 3505 857 et

2006 891 2182 953 nulla
2210 910 2286 953 ex
2319 900 2498 974 parte
2529 893 2976 975 comparabilis
3009 895 3258 977 corpori
3290 894 3354 956 in
3386 894 3508 957 vir-

2005 997 2138 1051 tute
2168 998 2278 1052 aut
2309 989 2608 1066 bonitate,
2623 993 2790 1054 sicut
2819 1011 2936 1055 nec
2970 993 3338 1055 universum
3368 993 3506 1055 Cre-

2005 1089 2186 1150 atori.
2238 1090 2341 1151 Sic
2390 1090 2632 1172 quippe
2680 1092 2900 1164 omnis
2936 1091 3156 1171 gloria,
3203 1099 3502 1173 potestaS,

2010 1186 2440 1268 pulchritud0‚
2494 1189 2793 1261 suavitaS,
2846 1190 3180 1271 sapientia,
3235 1190 3502 1263 bonitaS‚

2007 1284 2334 1347 beatitudo
2393 1286 2584 1348 totius
2645 1287 2926 1349 universi
2981 1288 3505 1370 singularumque

2009 1384 2286 1463 partium
2315 1384 2478 1464 ejuS‚
2512 1385 2590 1446 ad
2621 1384 2910 1465 gloriam,
2948 1393 3344 1467 potestatem,
3370 1386 3508 1468 pul-

2009 1482 2461 1556 chritudinem,
2486 1484 2886 1558 suavitatem,
2910 1484 3311 1565 sapientiam,
3329 1484 3507 1547 boni-

2009 1587 2224 1653 tatem,
2259 1579 2720 1642 beatitudinem
2761 1580 3350 1662 perfectionemque
3391 1581 3504 1643 Dei

2010 1686 2408 1759 comparatae,
2442 1685 2590 1740 sunt
2629 1678 2802 1740 velut
2848 1679 3074 1741 umbra
3117 1680 3499 1761 permodica.

2010 1777 2240 1858 Sicque
2280 1777 2785 1859 comparationes
2823 1798 2897 1840 ac
2938 1777 3391 1840 similitudines
3423 1779 3505 1840 is-

392 1888 509 1931 nec
540 1870 719 1933 aliud
748 1880 845 1933 est
874 1872 1279 1935 obumbratio
1305 1873 1593 1953 jactusve
1630 1874 1893 1947 umbrae,
1934 1877 1981 1939 Β
2013 1882 2088 1937 tae
2147 1893 2271 1936 non
2335 1894 2557 1956 parum
2621 1883 2681 1936 te
2728 1876 2955 1955 juvant
3005 1895 3078 1938 ac
3125 1876 3378 1957 erigunt
3425 1877 3502 1938 ad

394 1968 516 2030 nisi
578 1969 931 2051 prohibitio
990 1970 1253 2033 luminis
1311 1991 1503 2054 quam
1562 1972 1714 2034 facit
1767 1992 1899 2035 cor-

395 2086 517 2147 pus
579 2068 956 2131 umbrosum
1018 2089 1132 2131 sua
1191 2069 1675 2151 interpositione
1737 2070 1901 2132 inter

394 2182 629 2247 corpus
678 2166 1071 2230 luminosum
1113 2176 1176 2231 et
1218 2168 1280 2229 id
1323 2168 1493 2250 quod
1538 2168 1894 2230 obumbrat.

396 2263 642 2346 Corpus
670 2264 913 2348 quippe
960 2265 1333 2329 umbrosum
1375 2285 1501 2329 non
1532 2275 1627 2328 est
1656 2266 1899 2348 aliquid

390 2362 641 2442 jaciens
691 2383 770 2425 ex
827 2384 917 2439 se,
970 2365 1081 2427 sed
1141 2365 1351 2445 potius
1413 2364 1759 2445 prohibens
1822 2383 1901 2426 ne

398 2461 794 2525 luminosum
834 2464 1198 2545 oppositum
1238 2463 1433 2543 jaciat
1474 2463 1689 2525 lumen
1729 2463 1794 2525 in
1837 2462 1901 2524 id

399 2562 569 2641 quod
620 2569 719 2622 est
769 2570 911 2643 post
962 2562 1175 2643 ipsum
1227 2561 1621 2624 umbrosum.
1660 2598 1740 2607 —
1778 2561 1901 2623 Alii

396 2658 721 2733 dixerunt,
755 2660 924 2741 quod
964 2661 1336 2721 universum
1372 2667 1625 2722 emanat
1655 2680 1691 2721 a
1722 2660 1901 2723 Crea-

400 2764 533 2819 tore
576 2776 691 2839 per
730 2757 993 2819 modum
1024 2758 1277 2838 vestigii
1308 2778 1345 2819 a
1376 2758 1659 2821 calcante
1692 2767 1755 2820 et
1790 2759 1904 2820 im-

400 2855 741 2936 primente,
775 2874 975 2937 quum
1021 2864 1235 2918 tamen
1278 2864 1507 2938 praeter
1546 2857 1903 2920 Creatorem

398 2954 493 3015 nil
536 2952 732 3016 fuerit
773 2954 875 3015 cui
921 2954 1318 3036 imprimeret
1356 2963 1465 3017 aut
1504 2975 1695 3037 super
1734 2957 1904 3038 quod

2010 1973 2574 2054 contemplandum
2607 1992 2721 2055 pro
2752 1993 2935 2056 posse
2963 1982 3074 2036 aut
3103 1974 3326 2036 saltem
3359 1975 3508 2035 ima-

2007 2070 2357 2150 ginandum
2422 2078 2770 2154 utcumque
2831 2072 3226 2152 majestatem
3286 2090 3504 2154 super-

2008 2168 2582 2230 eminentissimam
2616 2170 2944 2231 CreatoriS.
2969 2205 3051 2214 —
3075 2170 3507 2233 Consimiliter

2010 2266 2201 2328 habet
2241 2285 2308 2327 se
2349 2266 2700 2328 similitudo
2742 2267 2819 2328 de
2867 2267 3222 2349 inspectore
3260 2268 3506 2350 speculi

2010 2372 2073 2425 et
2121 2384 2236 2425 sua
2280 2364 2572 2445 imagine.
2605 2366 2840 2427 Tamen
2885 2366 2950 2427 in
3001 2366 3121 2429 hoc
3170 2366 3502 2441 differunt,

2009 2463 2180 2545 quod
2215 2464 2531 2525 interdum
2566 2464 2774 2544 imago
2805 2463 3116 2526 resultans
3148 2465 3211 2526 in
3245 2466 3506 2547 speculo

2014 2580 2174 2642 pene
2232 2561 2521 2641 ejusdem
2569 2570 2832 2643 apparet
2885 2561 3382 2643 pulchritudinis
3439 2571 3507 2624 ut

2013 2660 2370 2741 inspector3
2403 2660 2772 2722 universum
2805 2678 2953 2722 vero
2982 2660 3507 2722 dissimilitudine

2013 2758 2532 2840 incomparabilis
2565 2777 2950 2840 prorsusque
2981 2758 3252 2821 infinitae
3281 2759 3511 2821 distan-

2014 2858 2116 2921 tiae
2166 2858 2350 2937 longe
2395 2866 2598 2919 exstat
2639 2877 2712 2920 ac
2755 2856 2976 2920 deficit
3023 2878 3059 2919 a
3103 2858 3394 2921 Creatore
3436 2877 3508 2921 ac

2015 2956 2492 3038 pulchritudine
2534 2956 2694 3037 ejus
2730 2956 3274 3029 Quemadmodum
3319 2957 3510 3019 etiam

396 3054 790 3135 graderetur.
834 3091 915 3100 —
952 3055 1077 3117 Alii
1129 3063 1499 3137 posuerunt,
1546 3057 1717 3138 quod
1766 3057 1906 3118 uni·
1940 3057 1983 3120 C
2011 3055 2193 3135 juxta
2232 3055 2664 3117 diversitatem
2707 3054 3113 3136 speculorum
3160 3056 3225 3117 in
3263 3055 3511 3118 clarita-

400 3172 663 3215 versum
691 3173 730 3215 a
759 3153 886 3215 Deo
916 3154 1238 3235 egreditur
1268 3154 1433 3216 sicut
1464 3155 1619 3217 odor
1648 3173 1725 3216 ex
1755 3155 1904 3218 odo-

400 3258 715 3326 ramentO,
771 3252 856 3313 ita
911 3259 981 3313 ut
1032 3253 1403 3314 universum
1463 3270 1588 3315 non
1648 3254 1732 3315 sit
1780 3253 1904 3315 nisi

400 3351 559 3412 odor
601 3350 931 3431 pertenuis
976 3349 1275 3411 bonitatis
1315 3351 1547 3414 divinae
1592 3352 1901 3414 increatae.

400 3447 771 3521 —Quidam
802 3456 1210 3510 asseruerunt
1243 3448 1613 3510 universum
1641 3448 1908 3511 fluxisse

401 3566 441 3607 a
488 3546 619 3609 Deo
666 3547 833 3608 sicut
880 3546 1296 3609 artificiatum
1343 3548 1426 3609 ab
1474 3547 1743 3623 artifice,
1796 3567 1908 3609 seu

402 3643 649 3706 fabrica
700 3662 1135 3726 quaecumque.
1174 3665 1211 3706 a
1262 3643 1660 3707 fabricatore.
1705 3645 1781 3707 Et
1834 3646 1911 3706 is-

406 3744 455 3803 ti
494 3742 798 3805 videntur
836 3743 1037 3823 magis
1077 3742 1327 3805 veritati
1370 3744 1906 3825 appropinquare,

404 3840 705 3921 quamvis
750 3858 878 3902 non
922 3841 1282 3922 exprimant
1320 3860 1461 3903 eam
1506 3841 1657 3903 satis
1702 3841 1910 3923 perlu-

404 3939 551 4001 cide
586 3957 602 4001 :
639 3939 771 4001 imo
819 3958 1029 4001 sermo
1077 3957 1297 4001 eorum
1347 3938 1657 4002 obscurus
1706 3946 1801 4001 est
1850 3947 1914 4000 et

411 4036 865 4118 incompletuS,
926 4056 1127 4118 quum
1186 4036 1419 4099 divinae
1477 4036 1912 4099 fabricationis

408 4152 527 4197 seu
570 4133 959 4216 operationis
1000 4152 1127 4196 non
1170 4134 1532 4215 exprimant
1576 4136 1857 4197 modum.

2015 3160 2097 3225 te,
2136 3153 2336 3233 magis
2384 3161 2494 3214 aut
2545 3153 2757 3215 minus
2803 3161 3066 3235 apparet
3115 3154 3181 3215 in
3228 3154 3322 3215 eis
3372 3153 3511 3235 pul-

2015 3251 2310 3313 chritudo
2357 3250 2791 3333 inspicientis3
2824 3252 2916 3313 sic
2956 3251 3137 3331 juxta
3183 3251 3510 3313 diversita-

2016 3356 2142 3410 tem
2177 3356 2632 3422 creaturarum,
2659 3349 2858 3431 magis
2888 3357 2994 3411 aut
3028 3350 3239 3412 minus
3271 3350 3513 3412 relucet

2018 3446 2081 3507 in
2122 3447 2215 3507 eis
2256 3447 2610 3509 similitudo
2649 3448 3144 3529 pulchritudinis
3175 3448 3507 3519 CreatoriS,

2017 3545 2370 3607 secundum
2410 3545 2577 3626 quod
2631 3544 2803 3608 Plato
2845 3564 2992 3608 vere
3044 3545 3204 3608 dixit
3253 3546 3330 3608 de
3384 3547 3512 3608 Deo

2018 3645 2081 3705 in
2124 3643 2334 3725 primo
2373 3644 2591 3707 Timaei
2626 3661 2641 3705 :
2676 3644 2966 3726 Optimus
3015 3652 3166 3707 erat.
3201 3644 3390 3707 Porro
3432 3644 3512 3706 ab

2017 3742 2261 3823 optimo
2303 3741 2544 3803 invidia
2584 3742 2767 3821 longe
2805 3750 2902 3804 est
2945 3742 3217 3823 relegata
3251 3760 3264 3805 ε
3302 3743 3514 3825 itaque

2020 3847 2250 3902 cuncta
2279 3839 2378 3901 sui
2420 3839 2678 3911 similia,
2713 3847 2901 3921 prout
2939 3840 3251 3922 cujusque
3291 3850 3515 3903 natura

2021 3958 2218 4019 capax
2267 3936 2700 4010 beatitudiniS,
2748 3937 2811 3999 id
2860 3945 2957 3999 est
3005 3937 3330 4013 bonitatis,
3377 3956 3514 3999 esse

2022 4042 2286 4118 poterat,
2321 4035 2498 4097 effici
2539 4035 2758 4098 voluit.
2803 4036 2946 4098 Haec
2984 4036 3236 4099 videtur
3275 4035 3518 4098 intelle-

2021 4136 2190 4198 xisse
2225 4134 2580 4199 Avicebron
2615 4151 2630 4195 :
2667 4134 3000 4207 Creaturae,
3036 4134 3352 4217 inquiens,
3385 4152 3519 4195 ere·

494 4232 783 4314 Denique
826 4232 1203 4313 praeinducti
1247 4250 1570 4294 sermones
1621 4233 1913 4315 quaestio-
1944 4238 1993 4299 D
2024 4242 2252 4296 xerunt
2304 4252 2371 4295 se
2422 4233 2500 4294 ad
2557 4232 2937 4304 Creatorem,
2989 4232 3404 4314 feceruntque
3457 4232 3517 4294 ei

414 4349 563 4393 nem
596 4329 987 4412 propositam
1019 4347 1147 4392 non
1184 4330 1563 4403 dissolvunt,
1598 4330 1707 4391 sed
1744 4348 1917 4393 reve-

412 4448 485 4491 ra
526 4428 750 4490 dicunt
792 4427 1295 4509 comparationes
1344 4446 1417 4489 ac
1461 4428 1914 4490 similitudines

412 4527 605 4589 utiles
652 4527 731 4588 ad
782 4526 1258 4607 imaginandum
1308 4526 1913 4608 supereminentiam

412 4625 728 4689 Creatoris
760 4642 954 4706 super
984 4624 1354 4686 universum
1392 4632 1454 4685 et
1486 4632 1716 4686 cuncta
1747 4644 1915 4686 crea-

410 4732 499 4799 ta,
520 4732 715 4805 atque
741 4724 818 4786 ad
850 4723 1223 4803 erigendum
1264 4722 1659 4785 intellectum
1700 4723 1919 4784 huma-

411 4842 573 4885 num
602 4824 683 4885 ad
714 4821 1276 4903 contemplandum
1309 4829 1657 4903 utcumque
1688 4822 1922 4901 magni-

410 4922 745 4984 ficentiam
776 4921 993 5001 gloriae
1024 4920 1395 4983 ConditoriS.
1414 4920 1615 4993 Quum
1644 4940 1919 5002 namque

410 5020 789 5082 universum
829 5018 1064 5081 dicitur
1102 5017 1283 5098 quasi
1326 5016 1553 5079 umbra
1583 5018 1917 5093 Crea'toriS,

414 5117 788 5199 intelligunt
830 5116 952 5178 hoc
994 5116 1107 5198 qui
1149 5115 1269 5177 rite
1308 5115 1693 5196 intelligunt,
1727 5116 1919 5178 talem

416 5235 561 5279 oese
604 5214 1021 5277 eminentiam
1068 5213 1377 5277 Creatoris
1429 5233 1620 5295 super
1672 5214 1923 5276 univer·

418 5334 593 5389 sum,
635 5313 843 5397 qualis
887 5320 983 5374 est
1022 5312 1371 5374 eminentia
1410 5312 1691 5393 corporis
1731 5330 1924 5393 super

2025 4331 2338 4394 umbram.
2374 4368 2454 4376 —
2484 4331 2562 4392 At
2591 4348 2740 4393 vero
2780 4330 2893 4412 qui
2933 4331 3230 4393 dixerunt
3267 4332 3520 4394 univer-

2024 4450 2166 4492 sum
2218 4448 2356 4492 esse
2402 4429 2579 4491 velut
2620 4428 2963 4509 vestigium
3005 4428 3334 4504 Creatoris,
3370 4430 3519 4491 insi-

2026 4534 2384 4590 nuaverunt
2413 4526 2598 4589 nobis
2630 4527 3121 4589 remotissimam
3155 4527 3518 4591 distantiam

2027 4624 2309 4686 universi
2340 4644 2377 4685 a
2416 4625 2544 4686 Deo
2585 4625 2650 4685 in
2692 4623 2971 4686 bonitate
3009 4632 3074 4686 et
3102 4625 3277 4686 omni
3317 4625 3520 4706 perse-

2027 4722 2257 4794 ctione,
2310 4722 2650 4803 ipsumque
2701 4722 3068 4783 universum
3119 4741 3192 4783 ac
3240 4722 3519 4803 singulas

2028 4828 2238 4904 partes
2268 4820 2408 4900 ejus
2439 4838 2576 4881 esse
2606 4821 2895 4902 quaedam
2936 4821 3116 4901 signa
3143 4838 3217 4881 ac
3249 4820 3380 4882 vias
3410 4821 3522 4882 du-

2030 4926 2244 4981 centes
2274 4918 2349 4980 ad
2383 4918 2693 4981 Creatoris
2724 4917 3216 4991 notitiam,sicut
3250 4917 3522 4981 serarum

2028 5016 2297 5097 vestigia
2338 5016 2580 5078 ducunt
2621 5025 2950 5079 venatores
2992 5016 3392 5079 ad'serarum
3442 5017 3524 5079 la-

2033 5115 2270 5193 tibula3
2321 5122 2631 5197 quantum
2685 5114 2876 5177 etiam
2933 5115 3098 5178 Deus
3148 5116 3350 5178 voluit
3409 5134 3523 5178 nos

2029 5213 2293 5277 excitari
2324 5222 2386 5275 et
2414 5213 2703 5293 adjuvari
2733 5214 2810 5275 ad
2847 5214 3355 5294 cognoscendum
3389 5233 3521 5276 ma-

2028 5312 2324 5392 jestatem
2361 5312 2582 5393 ipsius,
2617 5310 2852 5392 quibus
2887 5318 2974 5373 tot
3006 5330 3079 5373 ac
3119 5318 3291 5372 tanta
3332 5312 3522 5375 dona-
