4334 6242
782 468 902 535 152

1449 489 1517 536 IN
1553 490 1777 537 LIBRUM
1816 492 1861 537 11
1902 490 2383 539 SENTENTIARUH.
2431 512 2512 521 —
2551 494 2704 540 msT.
2750 494 2836 557 113
2880 493 3102 551 QUAEST.
3149 494 3218 541 111

783 668 956 723 stens
1017 660 1426 725 horizontem.
1477 698 1558 709 --
1604 664 1865 739 Rursus,
1924 665 2277 727 secundum
2305 662 2358 726 A
2389 664 2672 728 defertur
2701 668 3050 730 secundum
3078 686 3216 731 esse
3245 667 3569 750 spirituale
3597 675 3888 731 tantum:

784 759 1153 840 opinionem
1204 760 1622 843 probabilem,
1658 764 1723 824 in
1773 763 1934 826 coelo
1977 781 2279 847 empyreo

782 860 905 921 erit
964 858 1099 921 laus
1145 860 1405 934 vocaliS,
1458 880 1598 942 quae
1648 862 1783 924 sine
1836 862 2274 945 respiratione,

783 958 1124 1019 emissione
1154 957 1589 1040 fractioneque
1630 960 1824 1022 medii
1854 978 1991 1023 esse
2031 961 2272 1043 nequit.

783 1057 918 1119 Imo
948 1064 1010 1118 et
1050 1074 1312 1138 corpora
1349 1057 1701 1139 glorificata
1742 1078 1857 1140 per
1886 1060 2122 1122 donum
2154 1061 2280 1141 agi—

786 1154 978 1216 litatis
1019 1155 1446 1218 movebuntur
1476 1156 1541 1217 in
1583 1174 1658 1218 eo
1694 1175 1706 1218 :
1743 1175 1892 1237 ergo
1930 1158 2273 1220 scindetur.

785 1254 861 1315 Et
902 1253 989 1316 ita
1027 1254 1436 1316 nonvidetur
1470 1274 1608 1317 esse
1649 1256 2134 1337 incorruptibile
2175 1277 2280 1319 ne·

783 1370 908 1433 que
958 1351 1369 1414 indivisibile.
1418 1389 1499 1399 —-
1543 1354 1859 1435 AmpliuS‚
1912 1362 2137 1417 natura
2185 1364 2280 1417 est

783 1450 1168 1532 principium
1196 1459 1414 1527 motu5‚
1434 1453 1777 1514 secundum
1807 1452 2279 1534 Philosophum:

782 1550 894 1611 sed
933 1549 1169 1612 coelum
1206 1568 1580 1633 empyreum
1627 1560 1722 1613 est
1762 1570 1993 1633 corpus
2034 1560 2281 1615 natura-

784 1648 863 1715 le,
898 1665 1048 1728 ergo
1090 1656 1153 1709 et
1197 1647 1453 1710 mobile.

860 1746 1411 1828 Respondendum,
1432 1746 1600 1829 quod
1633 1747 1836 1829 prima
1863 1748 2141 1830 objectio
2173 1749 2282 1812 illa

2389 751 2532 827 ideo
2580 782 2706 827 non
2755 767 3072 848 oportebit
3118 767 3197 830 ad
3238 767 3358 829 hoc
3401 766 3491 829 ibi
3535 768 3892 831 consistere

2391 872 2634 925 motum
2678 872 2786 926 aut
2831 865 3350 935 confractionem,
3383 885 3501 932 nec
3539 867 3894 929 condensa—

2389 963 2648 1025 tionem.
2683 963 2891 1026 Potest
2935 982 3188 1046 quoque
3230 964 3379 1039 dici,
3414 965 3584 1046 quod
3627 965 3718 1026 ibi
3759 965 3894 1027 erit

2391 1058 2738 1122 confractio
2794 1059 2938 1122 coeli
3003 1061 3342 1143 empyrei3
3404 1079 3520 1123 nec
3585 1060 3702 1123 hoc
3761 1060 3894 1123 erit

2389 1157 2805 1238 ignobilitatis
2838 1159 3007 1239 quod
3049 1160 3169 1221 erit
3210 1158 3706 1222 instrumentum
3749 1177 3892 1222 mo-

2388 1263 2525 1317 tum
2557 1275 2594 1317 a
2625 1256 2840 1337 lingua
2867 1256 3240 1337 glorificata,
3273 1264 3462 1341 atque
3495 1258 3724 1321 divinae
3757 1258 3894 1319 lau-

2389 1354 2488 1415 dis
2543 1355 2822 1417 materia.
2875 1356 3002 1418 Nec
3052 1356 3200 1418 inde
3255 1356 3668 1438 consequitur
3713 1358 3888 1439 quod

2390 1452 2752 1531 generabile
2795 1462 2904 1514 aut
2947 1453 3362 1535 corruptibile
3403 1454 3546 1527 erit,
3582 1454 3888 1535 quoniam

2391 1551 2612 1612 raritas
2669 1559 2733 1612 et
2788 1551 3067 1613 densitas
3126 1552 3450 1635 aequivoce
3514 1560 3893 1634 competunt

2392 1649 2642 1731 corpori
2700 1650 2794 1711 illi
2853 1658 2916 1711 et
2974 1649 3387 1713 inferioribus
3445 1651 3604 1713 istis.
3663 1650 3764 1713 Sic
3823 1658 3893 1712 et

2391 1746 2688 1829 astrologi
2735 1748 2902 1810 inter
2949 1749 3104 1811 duas
3153 1749 3432 1831 sphaeras
3490 1768 3630 1831 quae
3677 1749 3890 1811 scindi

785 1845 1130 1919 convincit,
1154 1845 1324 1926 quod
1356 1845 1589 1908 coelum
1621 1866 1996 1929 empyreum
2028 1866 2155 1911 non
2186 1857 2281 1910 est
2318 1848 2364 1910 B
2395 1854 2740 1925 nequeunt,
2773 1846 3030 1927 aliquod
3075 1855 3319 1929 ponunt
3363 1848 3639 1929 spatium
3687 1848 3896 1929 reple-

784 1943 997 2006 taliter
1046 1943 1329 2006 lucidum
1380 1945 1548 2027 quod
1594 1946 1803 2007 radios
1848 1946 2014 2009 visui
2065 1954 2281 2010 nostro

786 2041 1073 2104 visibiles
1117 2042 1382 2105 emittat.
1430 2043 1689 2125 Propter
1736 2046 1904 2125 quod
1950 2064 2068 2107 nec
2118 2046 2283 2127 ignis

785 2140 1189 2203 elementaris
1222 2140 1287 2201 in
1322 2142 1577 2223 propria
1607 2142 1851 2223 sphaera
1882 2143 2068 2205 lucet.
2088 2179 2169 2189 —-
2189 2144 2281 2205 Ad

784 2238 959 2301 aliud
989 2238 1356 2314 dicendum,
1390 2240 1560 2322 quod
1595 2240 1865 2302 dubium
1903 2249 1998 2303 est
2028 2261 2107 2303 an
2140 2249 2285 2323 post

784 2337 1313 2399 resurrectionem
1376 2356 1784 2401 communem
1850 2340 1985 2401 laus
2044 2340 2281 2403 vocalis

784 2436 906 2497 erit
935 2434 1005 2496 in
1033 2435 1195 2498 coelo
1228 2453 1243 2497 t
1277 2435 1660 2519 quibusdam
1696 2436 2078 2511 dicentibus,
2112 2440 2282 2521 quod

785 2534 875 2595 ibi
916 2533 1123 2596 solum
1162 2534 1280 2595 erit
1328 2534 1463 2596 laus
1503 2535 1819 2609 mentaliS,
1853 2556 1994 2617 quae
2033 2537 2284 2617 dignior

785 2640 881 2694 est
914 2650 928 2694 ε
965 2632 1113 2713 quia
1154 2652 1271 2694 nec
1313 2633 1647 2715 respiratio
1678 2634 1800 2695 erit
1840 2634 1954 2709 ibi,
1988 2636 2125 2697 sine
2156 2655 2284 2717 qua

785 2750 906 2793 vox
958 2748 1083 2793 non
1128 2730 1459 2805 formatur,
1494 2740 1564 2793 ut
1605 2732 1841 2794 dicitur
1882 2734 2161 2797 secundo
2205 2736 2282 2796 de

784 2827 1032 2891 Anima.
1084 2829 1208 2890 Alii
1266 2828 1487 2891 dicunt
1538 2830 1630 2891 ibi
1688 2829 1966 2892 suturam
2027 2831 2282 2894 laudem

785 2927 1093 3001 vocalem,
1128 2934 1198 2989 ut
1239 2927 1400 2989 nihil
1451 2928 1518 2989 in
1561 2928 1807 2991 Sanctis
1851 2937 2031 2991 vacet
2073 2950 2110 2991 a
2152 2930 2285 2993 lau-

2393 1950 2529 2005 tum
2562 1962 2825 2025 corpore
2853 1944 3186 2019 divisibili,
3210 1965 3408 2028 quum
3444 1946 3510 2008 in
3543 1946 3747 2028 spatio
3775 1945 3893 2008 illo

2395 2050 2604 2104 motus
2635 2044 2717 2105 sit
2755 2043 3152 2125 planetarum
3187 2044 3253 2106 in
3283 2044 3590 2127 epicyclo.
3625 2045 3893 2106 Verum·

2393 2148 2606 2203 tamen
2656 2142 2809 2223 quid
2858 2142 2935 2204 de
2982 2142 3082 2203 his
3133 2160 3356 2205 verum
3405 2142 3509 2215 sit,
3545 2150 3642 2205 est
3690 2144 3896 2205 incer-

2393 2247 2531 2301 tum
2584 2257 2599 2301 τ
2651 2240 2802 2323 quia
2856 2260 2973 2303 nec
3037 2240 3166 2303 fide
3230 2241 3708 2315 determinatur,
3769 2260 3896 2304 nec

2393 2338 2634 2401 ratione
2692 2338 3014 2421 probatur.
3065 2375 3146 2385 —-
3192 2340 3286 2401 Ad
3338 2339 3665 2414 ultimum,
3716 2341 3894 2422 quod

2395 2438 2679 2499 naturale
2728 2437 3072 2519 dupliciter
3116 2438 3368 2500 dicitur.
3420 2438 3652 2512 Primo,
3701 2446 3894 2520 prout

2393 2535 2702 2597 dividitur
2740 2542 2958 2597 contra
2996 2554 3110 2597 ens
3150 2536 3216 2597 in
3256 2536 3489 2598 anima.
3525 2536 3755 2618 Sicque
3795 2537 3898 2598 di-

2393 2634 2562 2695 citur
2619 2633 2906 2695 naturale
2963 2633 3276 2716 quidquid
3333 2634 3525 2696 habet
3580 2653 3720 2697 esse
3779 2635 3896 2697 fir·

2395 2752 2572 2793 mum
2606 2732 2669 2793 in
2710 2750 2922 2793 rerum
2961 2740 3185 2793 natura
3217 2750 3231 2793 :
3265 2740 3328 2794 et
3367 2732 3455 2794 ita
3493 2732 3726 2795 coelum
3759 2752 3895 2795 em-

2393 2849 2661 2913 pyreum
2693 2849 2765 2891 ac
2805 2830 3009 2911 angeli
3051 2830 3353 2892 dicuntur
3391 2830 3740 2910 naturalia3
3772 2850 3896 2894 nec

2392 2946 2580 2991 omne
2633 2927 2756 2991 tale
2807 2928 3092 2990 naturale
3141 2936 3236 2991 est
3283 2929 3538 2992 mobile.
3574 2930 3892 3002 Secunde,

785 3024 974 3087 dibus
1007 3025 1141 3099 Dei,
1176 3044 1382 3106 neque
1414 3044 1593 3088 mens
1625 3046 1831 3108 neque
1865 3028 2095 3108 lingua.
2124 3029 2284 3102 Quo·
2320 3026 2364 3090 C
2394 3034 2580 3109 prout
2622 3026 2928 3096 dividitur
2962 3034 3180 3089 contra
3217 3046 3331 3089 ens
3369 3026 3683 3101 divinum,
3719 3030 3896 3111 quod

788 3125 975 3187 modo
1021 3132 1235 3186 autem
1282 3143 1421 3187 esse
1471 3124 1695 3199 valeat,
1730 3125 1950 3187 dicunt
1998 3128 2167 3208 quod
2219 3128 2283 3190 in

787 3224 1091 3306 pulmone
1120 3230 1183 3284 et
1214 3223 1655 3285 instrumentis
1686 3224 2014 3286 vocalibus
2054 3233 2149 3287 est
2178 3244 2286 3288 aer

785 3323 1095 3396 inclusuS,
1130 3342 1244 3403 per
1271 3341 1464 3403 quem
1505 3329 1805 3404 poterunt
1834 3341 2019 3385 voces
2052 3323 2284 3387 forma-

786 3422 862 3496 ri,
897 3421 1438 3503 quemadmodum
1480 3421 1781 3483 animalia
1822 3422 2123 3485 habentia
2160 3425 2287 3506 spi-

785 3519 981 3581 ritum
1036 3519 1557 3599 complantatum,
1604 3527 1673 3580 ut
1721 3519 1956 3581 dicitur
2003 3521 2067 3582 in
2121 3521 2284 3585 libro

786 3618 863 3679 de
916 3616 1150 3679 Somno
1198 3625 1260 3678 et
1307 3617 1546 3698 vigilia,
1596 3618 1870 3680 formant
1917 3637 2159 3681 vocem.
2209 3619 2286 3681 Et

786 3716 905 3777 hoc
964 3721 1273 3796 quantum
1332 3715 1411 3778 ad
1468 3716 1711 3797 aliquid
1760 3716 2013 3778 videtur
2060 3735 2286 3779 conve—

784 3814 991 3887 nienS,
1026 3813 1327 3894 quoniam
1356 3814 1435 3875 ad
1471 3814 1919 3877 formationem
1949 3816 2124 3878 vocis
2156 3834 2282 3879 non

784 3920 881 3974 est
914 3912 1270 3974 necessaria
1300 3912 1593 3994 expulsio
1622 3913 1724 3975 vel
1756 3914 2047 3975 attractio
2076 3914 2240 3977 aeris
2266 3932 2280 3976 :

784 4029 933 4072 nam
968 4010 1339 4091 respirando
1368 4018 1477 4072 aut
1506 4011 1887 4093 exspirando
1920 4030 2045 4073 non
2078 4020 2287 4093 potest

786 4108 1022 4170 animal
1064 4127 1287 4171 vocem
1332 4108 1628 4183 formare,
1663 4116 1734 4171 ut
1776 4109 2011 4171 dicitur
2060 4130 2284 4173 secun-

2392 3125 2702 3187 abstrahit
2730 3144 2766 3186 a
2807 3133 2984 3187 motu
3023 3133 3214 3208 atque
3253 3126 3535 3187 materia.
3571 3126 3674 3189 Sic
3710 3135 3896 3189 natu-

2394 3223 2522 3285 rale
2565 3232 2826 3286 vocatur
2870 3224 2933 3286 id
2975 3231 3222 3285 tantum
3271 3225 3441 3305 quod
3491 3232 3784 3286 movetur
3829 3234 3898 3288 et

2392 3322 2469 3383 ad
2512 3322 2984 3403 generationem
3023 3340 3097 3382 ac
3137 3322 3609 3403 corruptionem
3641 3322 3894 3386 entium

2393 3420 2722 3482 ordinatur
2765 3436 2779 3480 ε
2821 3427 2885 3481 et
2929 3420 3014 3481 ita
3061 3419 3294 3482 coelum
3339 3437 3714 3502 empyreum
3763 3439 3892 3484 non

2393 3528 2490 3582 est
2536 3538 2650 3581 ens
2693 3518 2999 3593 naturale,
3033 3518 3142 3580 sed
3187 3519 3501 3593 divinum,
3535 3520 3613 3582 ad
3661 3520 3896 3583 electo-

2395 3638 2536 3681 rum
2587 3616 2852 3699 gloriam
2903 3618 3285 3679 ordinatum.
3318 3618 3570 3680 —Haec
3620 3618 3896 3681 Thomas

2396 3716 2460 3778 in
2506 3715 2772 3796 Scripto.

2474 3814 2739 3895 Insuper
2771 3813 2847 3873 de
2879 3812 2994 3873 hac
3028 3831 3093 3873 re
3124 3811 3348 3873 scribit
3381 3812 3445 3873 in
3479 3812 3682 3894 prima
3711 3821 3892 3895 parte

2395 3912 2694 3985 Summae,
2728 3910 3074 3992 quaestione
3104 3910 3494 3991 sexagesima
3523 3920 3737 3973 sexta:
3763 3913 3896 3976 Coe-

2397 4010 2530 4071 lum
2561 4026 2933 4090 empyreum
2965 4026 3090 4069 non
3132 4008 3458 4070 invenitur
3487 4008 3765 4091 positum
3799 4011 3895 4073 ni-

2397 4107 2448 4170 si
2482 4125 2595 4189 per
2633 4106 3039 4168 auctoritates
3081 4105 3285 4168 Strabi
3326 4115 3390 4168 et
3417 4106 3620 4181 Bedae,
3653 4116 3717 4169 et
3755 4127 3892 4169 rur-

786 4206 867 4268 do
897 4206 975 4268 de
1006 4206 1251 4268 Anima.
1279 4206 1399 4269 Sed
1430 4215 1740 4288 quantum
1772 4207 1851 4269 ad
1880 4208 2123 4290 aliquid
2156 4228 2282 4272 non
2317 4212 2366 4273 D
2396 4225 2504 4267 sus
2537 4223 2650 4287 per
2677 4204 3115 4266 auctoritatem
3148 4202 3385 4266 Basilii.
3419 4205 3489 4266 In
3519 4204 3707 4285 cujus
3745 4206 3894 4269 coeli

786 4304 1040 4366 videtur
1096 4304 1431 4366 sufficiens
1486 4323 1498 4365 :
1552 4306 1703 4386 quia
1757 4306 1835 4368 ad
1884 4324 2107 4369 vocem
2156 4326 2284 4370 non

789 4408 1036 4463 tantum
1078 4401 1352 4481 exigitur
1392 4421 1500 4463 aer
1529 4402 1815 4477 interior,
1848 4405 1956 4465 sed
1998 4405 2151 4467 item
2185 4425 2287 4467 ex-

785 4498 1003 4573 terior,
1043 4499 1228 4579 cujus
1278 4499 1708 4562 confractione
1754 4507 1818 4561 et
1867 4508 2041 4564 motu
2092 4520 2286 4565 sonus

789 4597 1127 4661 deferatur.
1161 4598 1307 4659 Ideo
1352 4597 1497 4678 plus
1535 4598 1897 4660 addendum
1942 4607 2058 4672 est,
2103 4608 2286 4681 utpo-

785 4704 871 4769 te,
910 4696 1077 4777 quod
1109 4696 1399 4778 quaedam
1438 4695 1769 4757 sensibilia
1806 4696 2181 4759 deseruntur
2208 4701 2286 4761 ad

789 4813 1050 4857 sensum
1080 4794 1434 4856 secundum
1474 4812 1611 4857 esse
1642 4794 1972 4876 spirituale
2011 4802 2283 4869 tantum,

788 4901 860 4954 ut
910 4892 1155 4975 species
1205 4891 1538 4971 colorum3
1590 4893 1879 4974 quaedam
1931 4894 2286 4955 secundum

787 5007 928 5052 esse
987 4988 1335 5063 materiale,
1387 4989 1554 5051 sicut
1612 4990 1677 5051 in
1728 4998 1917 5070 gustu
1966 4998 2029 5052 et
2076 4996 2284 5069 tactu3

789 5088 1079 5170 quaedam
1125 5094 1395 5169 utroque
1436 5089 1644 5161 mod0‚
1681 5095 1750 5149 ut
1789 5088 2034 5170 species
2074 5088 2286 5151 odoris

789 5205 937 5248 cum
968 5185 1413 5268 evaporatione
1454 5186 1677 5248 fumali
1714 5203 1728 5247 :
1763 5193 1826 5247 et
1863 5185 2161 5248 similiter
2191 5192 2288 5249 est

789 5283 867 5345 de
916 5301 1071 5346 sono
1117 5290 1181 5345 et
1224 5289 1420 5346 motu.
1456 5283 1549 5345 Ibi
1592 5292 1806 5346 tamen
1848 5285 2093 5368 species
2144 5285 2285 5350 soni

2399 4302 2711 4384 positione
2752 4302 2981 4383 partim
3027 4302 3435 4377 conveniunt,
3471 4309 3625 4384 puta
3664 4302 3726 4364 in
3773 4304 3894 4366 hoc

2397 4402 2566 4483 quod
2599 4401 2678 4462 sit
2710 4400 2886 4463 locus
2917 4407 2979 4462 et
3011 4400 3255 4463 mansio
3285 4400 3641 4463 Beatorum.
3661 4402 3896 4464 Dicunt-

2396 4500 2631 4561 etenim
2663 4499 2830 4561 Beda
2859 4505 2922 4560 et
2951 4498 3232 4571 StrabuS,
3257 4499 3426 4579 quod
3457 4499 3720 4573 factum,
3745 4518 3896 4563 mox

2395 4597 2636 4679 angelis
2683 4604 2779 4659 est
2828 4596 3180 4677 repletum3
3210 4596 3481 4659 Basilius
3525 4616 3782 4679 quoque
3827 4600 3896 4661 in

2397 4697 2676 4757 secundo
2705 4695 3135 4757 Hexaemeron
3157 4712 3171 4756 :
3197 4694 3373 4758 Sicut
3402 4696 3681 4757 damnati
3714 4697 3780 4758 in
3813 4705 3896 4759 te-

2396 4795 2624 4856 nebras
2658 4793 2914 4855 ultimas
2951 4791 3318 4874 abiguntur,
3351 4794 3443 4856 sic
3482 4813 3893 4857 remuneran-

2397 4892 2460 4954 di
2492 4909 2608 4974 pro
2646 4890 2856 4972 dignis
2897 4890 3220 4972 operibus,
3255 4898 3688 4955 restaurantur
3717 4893 3781 4955 in
3818 4914 3894 4957 ea

2397 5010 2538 5071 quae
2567 4996 2743 5052 extra
2775 4989 3084 5051 mundum
3115 4998 3212 5051 est
3243 4989 3406 5065 luce,
3439 4997 3503 5052 et
3534 4990 3624 5051 ibi
3655 4992 3892 5072 quietis

2397 5087 2792 5151 domicilium
2830 5087 3191 5149 sortientur.
3228 5087 3547 5151 Differunt
3575 5098 3790 5151 autem
3823 5091 3888 5153 in

2395 5186 2637 5248 ratione
2682 5185 2977 5268 ponendi.
3027 5185 3290 5249 Strabus
3332 5187 3572 5269 quippe
3614 5195 3678 5248 et
3725 5188 3893 5251 Beda

2397 5284 2634 5347 idcirco
2676 5291 2921 5364 ponunt
2965 5285 3086 5347 hoc
3135 5284 3390 5361 coelum,
3426 5284 3728 5368 quoniam
3779 5286 3890 5349 fir-

3979 3942 4086 3981 nrt.
4119 3944 4168 3981 3.
