4334 6242
754 514 841 561 AN
881 516 1124 565 nmmos
1167 518 1247 564 AB
1291 518 1543 565 AETEnno
1584 518 1659 564 m·
1700 518 1837 564 SINE
1878 516 2028 565 oum
2068 519 2412 567 TEMPORALI
2455 520 2639 567 mmo
2681 521 2774 566 SIT
2815 520 3082 567 cunnus

3390 502 3470 565 69

372 702 441 745 se
487 684 873 748 aeternaliter
920 704 1036 769 per
1084 687 1467 749 creationem
1519 687 1871 750 communi·
1898 685 1949 747 A
1978 705 2128 767 ergo
2176 688 2431 769 genuit3
2474 689 2526 751 si
2578 708 2704 753 non
2751 690 2975 764 voluit,
3020 708 3170 772 ergo
3218 690 3473 753 invidus

374 784 661 845 cat.1mo
710 785 879 847 istud
924 786 1175 848 videtur
1218 786 1277 847 ei
1326 786 1871 849 naturalissimum

370 882 1042 965 jucundissimumque
1092 884 1312 958 fuisse,
1356 904 1555 966 quum
1605 884 1866 959 bonum,

374 987 434 1041 et
470 982 597 1043 tale
636 980 879 1045 bonum
920 990 990 1043 ut
1028 982 1163 1065 ipse
1208 990 1324 1055 est,
1358 983 1439 1045 sit
1486 983 1584 1045 sui
1625 991 1871 1045 natura-

375 1080 516 1141 liter
540 1079 944 1153 diffusivum,
976 1088 1041 1143 et
1081 1081 1433 1143 tenacitatis
1472 1090 1535 1144 et
1565 1082 1746 1164 quasi
1781 1083 1872 1144 in-

372 1178 667 1241 vident-iae
696 1179 1004 1253 videatur,
1024 1197 1151 1243 non
1185 1181 1497 1262 impertiri
1528 1180 1669 1244 aliis
1701 1182 1870 1263 quod

276 1288 281 1291 “
373 1277 461 1338 eis
512 1278 833 1359 optimum
886 1277 1507 1361 saluberrimumque
1556 1280 1867 1353 consistit,

132 3652 193 3696 1³1.
206 3670 273 3705 cul,
289 3660 349 3699 ³1.

372 1383 431 1437 et
482 1376 625 1437 sine
678 1376 1103 1459 impertientis
1159 1377 1563 1442 incommodo
1614 1379 1706 1441 eis
1760 1397 1869 1461 po-

374 1482 489 1537 test
535 1476 871 1558 impertiri.

446 1574 775 1649 Praeterea,
818 1594 945 1639 non
994 1576 1249 1640 videtur
1298 1594 1485 1658 posse
1535 1596 1725 1639 causa
1776 1596 1868 1638 ra-

374 1672 695 1736 tionabilis
753 1674 1060 1755 assignari
1120 1694 1235 1737 cur
1281 1675 1633 1737 distulisset
1692 1694 1871 1737 mun-

372 1772 523 1833 dum
571 1790 809 1835 creare.
854 1808 935 1818 —
982 1773 1059 1835 Et
1115 1792 1357 1847 rursus,
1412 1773 1594 1834 multi
1656 1773 1867 1837 Sancti

1979 786 2119 849 suit.
2186 786 2609 851 conformiter
2663 790 2838 871 argui
2902 797 3109 871 potest
3163 789 3242 851 ad
3303 790 3472 852 istud

1979 886 2378 967 propositum
2437 905 2450 948 :
2508 887 2658 969 quia
2716 894 2826 949 aut
2887 888 3095 970 potuit
3150 896 3214 950 et
3271 888 3475 950 voluit

1982 985 2293 1047 mundum
2343 984 2423 1047 ab
2481 994 2715 1049 aeterno
2763 1005 2999 1062 creare,
3051 996 3160 1049 aut
3207 1005 3353 1049 non.
3408 986 3473 1049 Si

1980 1099 2107 1145 non
2152 1084 2380 1164 potuit,
2422 1103 2550 1147 non
2595 1085 2716 1146 fuit
2763 1086 3202 1167 omnipotens;
3239 1086 3293 1147 si
3343 1103 3471 1147 non

1981 1182 2204 1256 voluit,
2238 1201 2364 1245 non
2399 1183 2520 1245 tuit
2557 1184 2926 1259 munificuS‚
2961 1184 3240 1247 liberalis
3279 1192 3343 1246 et
3377 1204 3474 1246 ca-

1978 1281 2292 1356 ritativuS‚
2339 1283 2446 1344 sed
2493 1291 2676 1344 tenax
2718 1290 2781 1345 et
2823 1283 3096 1345 invidus,

1973 1381 1988 1394 ’
2059 1380 2182 1441 Ista
2232 1379 2460 1461 hisque
2517 1380 2752 1443 similia
2801 1389 2948 1443 sunt
2997 1400 3138 1462 quae
3196 1381 3475 1443 humana

1979 1478 2311 1559 sapientia,
2335 1479 2434 1540 vel
2469 1480 2680 1561 potius
2711 1480 2988 1541 humana
3017 1480 3296 1554 fatuitaS,
3330 1498 3476 1542 con-

1979 1583 2075 1637 tra
2123 1576 2502 1639 immensam
2545 1577 2854 1640 Creatoris
2897 1578 3272 1661 sapientiam
3317 1577 3476 1658 obji-

1980 1674 2089 1747 cit,
2136 1676 2471 1755 excogitat,
2522 1675 2725 1756 singit.
2761 1712 2841 1720 —
2869 1676 3156 1757 Denique
3199 1674 3474 1739 rationes

1980 1790 2107 1834 non
2140 1772 2354 1835 minus
2387 1772 2578 1836 fortes
2609 1774 2686 1835 ad
2718 1774 3117 1855 probandum
3148 1774 3342 1854 hujus
3373 1790 3480 1855 op-

374 1870 535 1932 inter
563 1872 855 1933 doctores
888 1871 1247 1935 Graecorum
1290 1872 1586 1934 dixerunt
1626 1872 1868 1935 intelle·
1904 1877 1951 1939 B
1981 1870 2260 1951 positum
2321 1871 2732 1947 inducuntur,
2785 1880 2849 1934 et
2899 1879 3026 1935 tam
3074 1892 3152 1935 ex
3201 1872 3475 1954 philoso-

374 1969 609 2031 ctuales
650 1978 971 2032 creaturas
1012 1988 1125 2032 seu
1164 1971 1419 2051 angelos
1459 1971 1569 2032 diu
1608 1972 1870 2034 omnino

372 2076 511 2129 ante
542 2067 872 2130 sensibilis
906 2068 1126 2130 mundi
1158 2068 1542 2131 creationem
1574 2088 1713 2132 esse
1745 2088 1873 2153 crc-

372 2166 859 2247 atoszquoniam
894 2166 1193 2229 indecens
1225 2166 1383 2249 ipsis
1413 2176 1689 2249 apparet,
1704 2170 1869 2250 quod

372 2282 623 2326 summa
662 2272 728 2326 et
770 2265 1208 2347 superoptima
1257 2265 1366 2328 illa
1412 2266 1709 2347 majestas
1758 2287 1871 2349 per

371 2369 458 2424 tot
505 2362 739 2425 saecula
786 2361 1027 2444 absque
1080 2362 1392 2426 ministris
1442 2371 1506 2425 et
1551 2364 1869 2428 effusione

373 2480 497 2523 suae
548 2460 951 2523 liberalitatis
991 2460 1073 2522 ab
1116 2468 1351 2525 aeterno
1395 2461 1619 2525 fuisset
1669 2484 1870 2545 usque

372 2560 445 2621 ad
506 2558 833 2621 sensibilis
892 2559 1115 2621 mundi
1179 2560 1684 2641 productionem.
1750 2562 1869 2623 Sed

374 2657 567 2719 simili
630 2656 873 2720 ratione
924 2666 1131 2739 potest
1180 2658 1457 2740 probari,
1510 2660 1678 2741 quod
1725 2669 1870 2723 ante

374 2774 794 2837 quaecumque
834 2755 1067 2819 saecula
1103 2756 1513 2838 assignabilia
1551 2765 1613 2820 et
1652 2758 1871 2839 imagi-

374 2852 611 2916 nabilia
657 2870 928 2915 numero
966 2872 1041 2915 ac
1084 2854 1415 2917 duratione
1465 2854 1670 2929 finita,
1705 2875 1873 2918 crea-

374 2959 469 3014 tus
500 2952 583 3014 sit
628 2953 926 3025 munduS,
959 2972 1159 3034 quum
1200 2962 1345 3016 ante
1386 2954 1618 3017 saecula
1653 2954 1761 3017 illa
1797 2974 1871 3017 ac

1981 1968 2132 2051 phia
2174 1988 2366 2051 quam
2410 1989 2486 2032 ex
2535 1970 2848 2053 theologia
2889 1977 3252 2045 sumuntur,
3286 1979 3475 2053 prout

1980 2067 2172 2150 paulo
2214 2076 2358 2150 post
2398 2069 2732 2131 elucescet.

2059 2264 2151 2325 Ad
2193 2264 2325 2325 haec
2361 2262 2629 2325 Thomas
2669 2265 3010 2345 respondet
3042 2282 3057 2326 τ
3093 2264 3272 2327 Circa
3309 2265 3474 2326 hanc

1980 2362 2396 2444 quaestionem
2437 2369 2533 2424 est
2569 2362 2799 2444 triplex
2839 2363 3090 2446 positio.
3135 2364 3343 2426 Prima
3379 2373 3477 2426 est

1981 2460 2528 2543 philosophorum,
2582 2460 2690 2542 qui
2748 2460 3066 2535 dixerunt,
3118 2463 3288 2544 quod
3347 2479 3474 2525 non

1980 2558 2188 2621 solum
2233 2558 2399 2620 Deus
2438 2558 2680 2620 exstitit
2716 2557 2797 2620 ab
2836 2568 3092 2632 aetern0,
3127 2561 3236 2622 sed
3280 2560 3475 2623 etiam

1978 2656 2121 2718 alia.
2176 2657 2250 2718 Et
2307 2657 2477 2718 circa
2534 2657 2656 2719 hoc
2712 2657 3130 2720 diversificati
3190 2658 3468 2722 fuerunt.

1978 2756 2135 2818 Nam
2179 2756 2440 2837 quidam
2488 2764 2634 2817 ante
2678 2755 3079 2818 Aristotelem
3125 2764 3477 2839 posuerunt

1984 2854 2285 2916 mundum
2317 2852 2744 2932 generabilem
2772 2872 2845 2916 ac
2877 2853 3359 2936 corruptibilem
3389 2875 3479 2918 es-

1979 2970 2068 3025 se,
2102 2952 2254 3033 quia
2297 2951 2383 3012 ita
2425 2958 2522 3013 est
2565 2952 2642 3013 de
2689 2959 2816 3013 toto
2858 2952 3157 3015 universo
3194 2953 3359 3015 sicut
3397 2954 3476 3017 de

372 3051 519 3113 talia
556 3051 767 3113 adhuc
809 3050 1139 3131 imaginari
1181 3060 1417 3133 queant
1455 3052 1686 3116 saecula
1726 3052 1871 3116 insi·
1907 3056 1951 3118 C
1980 3068 2386 3131 quocumque
2449 3049 2817 3132 particulari
2875 3050 3150 3131 alicujus
3212 3051 3471 3133 speciei,

374 3149 521 3222 nita,
556 3148 625 3210 in
672 3148 909 3230 quibus
950 3149 1116 3211 Deus
1160 3150 1299 3212 sine
1344 3168 1539 3232 regno
1580 3158 1643 3213 et
1686 3151 1871 3213 mini-

374 3247 515 3309 stris
563 3266 641 3309 ac
691 3245 1139 3309 munificentia
1186 3249 1549 3311 exstitisset.
1586 3286 1665 3295 —
1700 3251 1872 3312 Insu-

376 3364 505 3427 per,
538 3364 733 3407 causa
772 3346 1103 3428 potissime
1143 3346 1531 3410 intellectiva
1568 3368 1641 3411 ac
1682 3348 1867 3422 bona,

377 3444 749 3507 naturaliter
797 3444 861 3506 in
921 3462 1037 3507 suo
1095 3445 1445 3508 delectatur
1502 3446 1757 3521 effectu,
1809 3454 1871 3509 et

378 3542 903 3625 complacentiam
944 3543 1135 3605 habet
1167 3544 1231 3605 in
1272 3563 1365 3607 eo.
1402 3545 1575 3608 Unde
1614 3552 1677 3607 et.
1712 3545 1872 3607 Scri-

378 3650 557 3723 ptura
589 3649 897 3730 testatur:
920 3641 1263 3705 Laetabitur
1290 3644 1596 3706 Dominus
1627 3643 1693 3705 in
1722 3662 1870 3725 ope-

378 3741 550 3803 ribus
603 3740 759 3803 suiS.
801 3740 974 3804 Plato
1018 3759 1273 3823 quoque
1323 3742 1622 3804 disseruit
1669 3742 1870 3804 Deum

376 3838 604 3919 gaudio
649 3838 849 3901 fuisse
890 3836 1127 3901 elatum
1171 3840 1325 3902 dum
1370 3841 1682 3903 mundum
1733 3859 1873 3923 pro-

376 3938 575 4011 duxit,
608 3937 779 3999 sicut
822 3937 887 3998 in
939 3937 1101 4000 libro
1140 3939 1217 4000 de
1258 3938 1523 4002 Civitate
1562 3939 1673 4001 Dei
1718 3940 1873 4002 reci-

375 4042 457 4097 tat
496 4035 913 4117 Augustinus,
946 4036 1068 4098 Has
1106 4044 1321 4099 autem
1361 4037 1621 4099 delicias
1655 4037 1871 4117 gloriae

376 4134 536 4197 Deus
579 4142 730 4197 ante
774 4134 997 4197 mundi
1045 4136 1527 4218 productionem
1574 4156 1687 4221 per
1725 4136 1869 4199 insi-

1981 3148 2166 3228 cujus
2218 3168 2418 3210 unum
2471 3148 2872 3211 individuum
2923 3149 3374 3231 corrumpitur,
3412 3160 3477 3213 et

1980 3245 2153 3307 aliud
2202 3254 2556 3326 generatur.
2611 3246 2686 3309 Et
2733 3246 2853 3309 ista
2901 3247 3304 3329 Empedoclis
3353 3248 3475 3311 fuit

1981 3345 2217 3426 opinio.
2253 3346 2375 3407 Alii
2417 3346 2736 3420 dixerunt,
2770 3348 2938 3429 quod
2976 3367 3076 3410 res
3115 3348 3196 3410 ab
3239 3354 3474 3412 aeterno

1982 3443 2404 3506 movebantur
2435 3451 2610 3506 motu
2642 3445 3021 3520 inordinato,
3053 3455 3118 3508 et
3147 3454 3366 3529 postea
3394 3449 3473 3510 ad

1981 3541 2271 3605 ordinem
2320 3542 2446 3604 sint
2494 3543 2782 3617 redactae,
2827 3552 2936 3606 aut
2981 3563 3153 3619 casu,
3200 3553 3271 3607 ut
3317 3544 3477 3607 dixit

1980 3639 2400 3713 DemocrituS,
2448 3640 2550 3703 vel
2600 3660 2637 3702 a
2686 3641 2996 3717 creatore,
3044 3652 3114 3705 ut
3160 3644 3352 3719 Plato,
3404 3653 3476 3706 ut

1982 3747 2153 3821 patet
2202 3738 2387 3801 tertio
2433 3739 2606 3801 Coeli.
2643 3740 2766 3803 Alii
2811 3741 3129 3815 dixerunt,
3162 3743 3332 3824 quod
3377 3762 3476 3805 res

1980 3838 2061 3900 ab
2104 3846 2340 3900 aeterno
2382 3836 2640 3899 suerunt
2683 3839 3033 3900 secundum
3079 3841 3366 3903 ordinem
3410 3841 3476 3905 in

1979 3955 2107 4020 quo
2147 3956 2320 3998 nunc
2362 3943 2530 3998 sunt.
2567 3937 2642 3999 Et
2685 3936 2804 3999 ista
2847 3945 2942 3999 est
2980 3939 3198 4020 opinio
3239 3941 3476 4004 Aristo-

1978 4036 2123 4099 telis
2173 4044 2236 4097 et
2288 4035 2576 4097 omnium
2628 4035 3155 4117 philosophorum
3207 4058 3473 4121 sequen-

1979 4135 2138 4196 tium
2169 4152 2358 4212 eum;
2390 4142 2612 4215 estque
2653 4133 3044 4215 probabilior
3076 4136 3239 4209 aliis,
3272 4157 3470 4219 quan-

376 4233 503 4296 nita
562 4234 797 4297 saecula
853 4251 979 4296 non
1038 4232 1385 4308 habuisset,
1444 4236 1497 4298 si
1559 4236 1869 4298 mundum
1899 4240 2172 4315 unam
2218 4251 2440 4295 omnes
2488 4231 2618 4293 sint
2668 4231 2840 4295 salsae
2889 4240 3078 4315 atque
3136 4235 3466 4300 haereticae.

378 4330 779 4412 produxisset
833 4332 911 4394 de
970 4349 1153 4395 nov0.
1206 4368 1288 4377 —
1335 4334 1649 4415 Amplius,
1706 4334 1871 4395 sicut

378 4449 543 4492 nunc
576 4428 811 4491 melius
849 4437 945 4491 est
986 4430 1296 4492 mundum
1333 4450 1473 4494 esse
1509 4451 1701 4513 quam
1741 4450 1869 4494 non

376 4546 529 4603 esse,
584 4527 680 4589 sic
735 4527 817 4589 ab
873 4536 1109 4590 aeterno
1164 4528 1391 4590 melius
1437 4530 1535 4609 (ut
1582 4530 1871 4612 apparet)

380 4624 599 4688 fuisset
664 4625 976 4687 mundum
1036 4644 1175 4688 esse
1223 4645 1417 4708 quam
1476 4644 1602 4689 non
1661 4646 1798 4688 esse
1851 4644 1865 4688 :

378 4724 539 4804 quod
570 4731 787 4786 autem
820 4723 1048 4785 melius
1079 4724 1459 4787 aeternaliter
1486 4724 1629 4799 suit,
1658 4725 1871 4787 decuit

379 4820 451 4881 ab
480 4828 723 4883 aeterno
760 4818 905 4881 sieri
944 4838 1017 4881 ac
1060 4818 1365 4901 compleri
1396 4839 1433 4882 a
1472 4820 1617 4882 Deo.
1652 4857 1731 4865 —
1760 4822 1869 4884 Po-

380 4926 631 4991 stremo,
676 4917 1068 4997 Augustinus
1116 4918 1208 4980 sic
1255 4918 1462 4999 arguit
1496 4936 1511 4980 τ
1545 4919 1653 4981 Vel
1705 4919 1870 4981 Deus

382 5017 572 5098 potuit
602 5016 686 5079 ab
716 5024 951 5081 aeterno
979 5016 1240 5097 gignere
1270 5017 1496 5079 Filium
1526 5018 1649 5080 sibi
1680 5038 1874 5100 aequa·

383 5114 523 5189 lem,
556 5124 667 5178 aut
698 5132 827 5177 non
860 5115 1085 5197 potuit.
1122 5116 1186 5179 Si
1218 5134 1345 5178 non
1382 5116 1607 5197 potuit,
1642 5136 1874 5200 nequa—

383 5234 568 5295 quam
598 5213 1009 5295 omnipotens
1038 5214 1180 5276 suit.
1216 5214 1279 5276 Si
1322 5214 1549 5296 potuit,
1581 5224 1690 5277 aut
1724 5234 1875 5296 ergo

385 5312 571 5375 etiam
620 5311 845 5385 voluit,
898 5312 998 5375 vel
1048 5330 1175 5375 non
1224 5312 1426 5375 voluit
1479 5330 1492 5374 :
1545 5314 1597 5375 si
1648 5313 1870 5389 voluit,

1975 4368 2057 4377 —
2104 4331 2394 4394 Secunda
2449 4330 2681 4413 positio
2732 4338 2828 4393 est
2879 4331 3253 4407 dicentium,
3303 4336 3472 4416 quod

1981 4431 2256 4492 mundus
2290 4429 2527 4511 incepit
2557 4448 2695 4491 esse
2726 4449 2924 4511 quum
2959 4432 3137 4512 prius
3167 4451 3294 4496 non
3325 4434 3470 4510 fuit,

1977 4538 2041 4591 et
2088 4547 2278 4591 omne
2320 4528 2490 4609 quod
2533 4535 2630 4589 est
2673 4536 2901 4609 praeter
2941 4529 3165 4605 Deum,
3199 4540 3261 4593 et
3303 4534 3474 4613 quod

1978 4629 2144 4691 Deus
2197 4645 2320 4689 non
2368 4626 2576 4709 potuit
2621 4628 2932 4689 mundum
2975 4628 3055 4690 ab
3103 4637 3339 4693 aeterno
3386 4631 3475 4693 sa-

1978 4746 2143 4798 cere,
2180 4743 2306 4788 non
2336 4744 2414 4787 ex
2447 4724 2822 4806 impotentia
2859 4745 2994 4799 sua,
3027 4727 3136 4787 sed
3168 4728 3470 4808 quoniam

1980 4824 2256 4886 mundus
2284 4823 2365 4885 ab
2405 4830 2640 4885 aetcrno
2671 4821 2810 4883 fieri
2846 4841 2971 4885 non
3011 4824 3238 4905 potuit,
3270 4844 3469 4905 quum

1978 4923 2061 4985 sit
2091 4928 2358 4983 creatus
2386 4919 2620 4981 Volunt
2648 4938 2924 5002 quoque,
2958 4921 3125 5003 quod
3158 4923 3469 4985 mundum

1981 5020 2296 5101 incepisse
2355 5036 2480 5081 non
2540 5018 2746 5081 solum
2807 5017 2936 5081 fide
2996 5027 3306 5096 teneatur,
3361 5022 3472 5084 sed

1979 5118 2172 5180 etiam
2224 5115 2716 5179 demonstrative
2767 5116 3091 5198 probetur.
3139 5154 3220 5164 —
3267 5120 3475 5182 Tertia

1982 5214 2215 5297 positio
2265 5222 2380 5288 est,
2426 5214 2594 5295 quod
2643 5231 2832 5275 omne
2881 5216 3052 5296 quod
3101 5224 3196 5278 est
3248 5226 3474 5298 praeter

1982 5315 2207 5386 Deum,
2253 5312 2490 5395 incepit
2536 5332 2696 5385 esse,
2743 5320 3022 5376 attamen
3069 5316 3239 5395 quod
3289 5335 3470 5377 mun-
