4334 6242
833 470 954 535 408
1484 486 1548 533 11⁴³
1589 486 1810 533 Limum
1853 486 1898 531 11
1939 484 2423 531 sen-remmam.
2470 502 2550 513 -
2592 486 2745 531 nrsr.
2781 485 2908 548 vu;
2953 482 3177 540 QnAEsr.
3222 485 3283 530 ιν

833 660 1015 734 ratio,
1041 666 1348 741 quantum
1380 658 1458 719 ad
1489 664 1734 719 rectum
1753 655 2099 738 judicium.
2125 655 2331 735 Atque
2362 650 2413 714 A
2448 662 2580 718 tum
2623 656 2687 718 in
2730 656 3011 730 homine,
3045 656 3153 719 sed
3186 656 3378 718 etiam
3409 656 3475 719 in
3505 655 3731 718 brutis.
3768 656 3945 718 [Tude

833 767 904 821 ut
933 758 1131 841 aliqui
1163 757 1525 840 opinantur,
1558 774 1682 817 non
1714 762 1862 817 sunt
1893 754 1979 815 ibi
2013 771 2332 835 quaecum·
2442 756 2834 836 Augustinus
2877 773 3043 818 nono
3087 774 3279 837 super
3320 754 3614 818 Genesim
3656 755 3734 816 ad
3780 754 3945 816 litte-

832 876 956 940 que
988 856 1322 939 sapientia,
1357 854 1623 917 scientia
1658 873 1767 916 seu
1804 852 1984 927 ratio,
2019 858 2327 933 quantum
2444 874 2577 917 ram
2644 855 2821 929 dicit,
2885 856 3052 938 quod
3111 855 3321 917 omnis
3376 854 3589 916 anima
3654 862 3947 916 movetur

830 957 910 1019 ad
953 955 1266 1019 actualem
1309 953 1878 1016 considerationem
1921 969 2144 1013 eorum
2191 969 2330 1031 quae
2443 954 2620 1028 visis,
2662 962 2725 1016 et
2767 955 2936 1035 quod
2980 954 3058 1015 ad
3106 952 3533 1015 vermiculum
3582 954 3692 1034 qui
3733 954 3834 1033 (ut
3878 954 3945 1015 in
3986 974 4231 1019 soum.

833 1062 1093 1137 possent
1144 1054 1586 1115 damnatorum
1643 1049 2064 1112 afflictionem
2113 1048 2330 1129 aliquo
2441 1054 2596 1115 Jona
2634 1052 2890 1133 legitur)
2922 1052 3234 1133 percussit
3264 1051 3586 1124 hederam,
3618 1051 3795 1113 visus
3836 1051 3945 1113 ille

834 1154 1023 1215 modo
1069 1152 1362 1233 mitigare
1416 1167 1429 1212 ε
1480 1156 1543 1212 et
1593 1148 1891 1217 breviter,
1943 1148 2020 1209 ad
2077 1146 2331 1208 nullum
2443 1170 2571 1234 quo
2634 1149 2980 1234 apparebat
3040 1149 3393 1211 vermiculo
3459 1150 3943 1231 percutiendam

834 1252 1058 1313 utilem
1110 1256 1434 1313 rectumve
1487 1267 1675 1311 usum
1727 1248 1793 1309 in
1843 1246 1999 1329 ipsis
2047 1253 2214 1309 sunt.
2252 1281 2333 1289 —
2442 1269 2581 1313 esse
2638 1250 2960 1320 hederam,
3015 1247 3371 1310 ministerio
3429 1248 3635 1329 angeli
3697 1248 3944 1311 delatus

830 1351 924 1412 Ad
977 1349 1272 1431 quintum
1323 1347 1662 1429 respondet
1710 1344 2108 1418 GuillelmuS‚
2161 1344 2331 1426 quod
2441 1356 2558 1423 est,
2592 1356 2654 1411 et
2698 1348 3047 1430 impressus
3088 1346 3318 1410 animae
3360 1346 3716 1410 vermiculi.
3750 1384 3833 1393 —
3869 1348 3947 1409 Et

832 1447 1124 1510 diabolus
1157 1447 1220 1509 in
1253 1445 1756 1509 consideratione
1790 1442 2168 1515 salubrium,
2202 1461 2332 1504 suae
2441 1448 2612 1529 quod
2670 1447 2763 1509 sic
2810 1448 3056 1528 possint
3108 1466 3302 1528 super
3357 1466 3617 1510 sensum
3674 1446 3945 1508 exterio-

833 1544 1161 1628 pravitatis
1191 1543 1499 1606 demerito
1529 1542 1706 1603 rudis
1737 1548 1798 1603 et
1830 1539 2332 1602 inconsideratus
2443 1565 2601 1619 rem,
2648 1553 2820 1628 patet
2862 1565 2875 1609 :
2920 1546 3071 1627 quia
3118 1546 3239 1608 nisi
3293 1547 3385 1609 sic
3434 1554 3620 1619 esset,
3668 1563 3793 1608 non
3846 1565 3943 1607 es·

831 1652 930 1705 est
975 1662 1164 1727 883Ρῆ
1209 1642 1294 1703 ila
1335 1640 1505 1722 quod
1555 1657 1681 1702 non
1733 1638 2088 1701 considerat
2137 1656 2329 1718 quam
2442 1653 2536 1706 set
2578 1644 2809 1726 triplex
2854 1644 3039 1717 visio,
3082 1644 3349 1716 scilicet,
3390 1644 3737 1717 sensibilis,
3786 1646 3943 1707 ima-

829 1742 1105 1805 faeiliter
1144 1740 1435 1803 homines
1466 1736 1728 1800 virtuosi
1771 1736 2086 1818 adjutorio
2115 1734 2331 1816 gratim
2440 1742 2705 1823 ginaria,
2750 1742 3215 1804 intellectualis,
3271 1744 3358 1805 De
3408 1744 3632 1824 angelo
3684 1762 3943 1826 quoque

832 1840 944 1904 Dei
989 1847 1052 1902 et
1094 1858 1352 1901 suarum
1397 1836 1612 1918 vigore
1655 1836 1966 1897 virtutum
2009 1833 2331 1896 discretio·
2367 1837 2412 1899 B
2445 1840 2612 1903 malo
2661 1849 2927 1903 testatur
2974 1841 3335 1923 Apostolus,
3378 1842 3547 1923 quod
3599 1842 3943 1923 transfigo·
4010 1863 4047 1906 11
4068 1864 4165 1907 cor.
4182 1878 4230 1910 ιι.

833 1938 1062 2019 nisque
1107 1938 1247 1998 luce
1293 1935 1538 2017 possint
1582 1932 1706 1995 sibi
1757 1932 2098 2014 praevalere
2139 1940 2330 2013 atque
2443 1945 2539 1999 rat
2598 1956 2664 1999 se
2722 1937 2786 1998 in
2846 1938 3142 2017 angelum
3202 1938 3384 2001 lucis.
3438 1938 3642 2019 Atque
3704 1938 3770 2000 in
3830 1939 3943 2001 tali
3980 1930 4043 1970 ¹⁸·

833 2035 1120 2098 illudere.
1155 2071 1236 2079 —
1274 2034 1368 2096 Ad
1412 2040 1620 2095 cetera
1665 2051 1742 2093 ex
1790 2031 2028 2093 Thoma
2075 2048 2331 2112 respon·
2440 2036 3020 2117 transfiguratione,
3066 2035 3185 2098 sub
3234 2036 3449 2118 specie
3500 2036 3789 2099 sensibili
3840 2038 3945 2100 de-

833 2154 974 2197 sum
1020 2140 1134 2197 est.
2441 2134 2599 2216 cipit
2638 2143 2768 2195 tam
2810 2153 2924 2215 per
2958 2134 3169 2197 visum
3211 2153 3403 2217 quam
3446 2153 3560 2217 per
3596 2136 3888 2198 auditum
3924 2156 3939 2200 t

2440 2232 2979 2314 quemadmodum
3030 2234 3261 2314 legitur
3303 2233 3674 2315 apparuisse
3718 2233 3947 2296 beatis-

1229 2368 1234 2375 ·
2440 2330 2622 2392 simis
2672 2331 2947 2393 Antonio
3005 2339 3067 2393 et
3114 2331 3400 2394 Martino.
3456 2332 3558 2393 Sic
3615 2339 3678 2393 et
3734 2332 3945 2413 angeli

1265 2450 1396 2523 QU
1411 2448 1624 2512 AEST
1639 2448 1741 2512 10
1803 2447 1906 2510 lv
2441 2428 2589 2492 boni
2633 2428 3025 2491 sensibiliter
3068 2447 3233 2510 saepe
3275 2437 3730 2512 apparuerunt,
3760 2439 3823 2493 et
3867 2431 3945 2491 de

2440 2526 2661 2589 multis
2694 2527 3127 2589 instruxerunt
3160 2546 3275 2609 per
3303 2528 3592 2589 auditum
3622 2535 3686 2589 et
3709 2527 3943 2601 visum,

2440 2633 2510 2686 ut
2558 2624 2899 2698 Abraham,
2946 2624 3080 2699 Lot,
3122 2624 3403 2687 Tobiam.
3443 2660 3525 2671 —
3570 2626 3746 2699 Quod
3793 2644 3947 2688 vero
3994 2650 4229 2693 omniu.

980 2724 1169 2785 Uarto
1208 2721 1526 2803 quaeritur‚
1554 2720 1682 2786 An
1713 2720 2108 2787 daemones
2137 2732 2332 2798 prae·
2441 2722 2532 2785 sic
2564 2722 2811 2804 possint
2840 2741 3032 2804 super
3070 2742 3330 2785 sensum
3375 2722 3766 2794 interiorem,
3800 2742 3947 2786 con·
3982 2716 4065 2815 ¹15:
4064 2724 4225 2818 ἱᾞζ..

841 2720 972 2922 Q
999 2821 1330 2887 noscant.
1356 2817 1781 2899 futura‚ita
1808 2818 1902 2884 ut
1930 2831 2027 2882 ex
2057 2830 2333 2883 eorum
2440 2830 2563 2884 stat
2616 2841 2693 2883 ex
2753 2821 2852 2882 his
2906 2820 3119 2883 verbis
3180 2821 3465 2902 Gregorii
3518 2840 3710 2903 super
3757 2822 3873 2884 Job
3926 2839 4129 2891 :etna

833 2920 1327 2986 revelatione
1406 2916 1831 2996 divinatio,
1908 2916 2333 2995 prophetia
2441 2918 2576 2981 Nisi
2625 2918 2970 3001 aliquando
3019 2919 3268 2981 somnia
3318 2938 3393 2981 ex
3448 2919 3803 2983 ministerio
3854 2940 3947 2981 re·
3976 2899 4231 3015 άᾞζ’“5

834 3034 976 3085 seu
1018 3016 1614 3098 praenostioatto
1659 3015 1836 3080 fleri
1877 3015 2137 3095 queat.
2366 3018 2409 3081 C
2443 3017 2777 3079 velationis
2806 3017 3169 3097 angelorum
3196 3018 3525 3091 orirentur,
3540 3019 3768 3100 Ioseph
3798 3038 3949 3100 prae-

915 3116 1179 3178 Videtur
1219 3114 1388 3195 quod
1433 3128 1580 3175 non.
1617 3112 1847 3185 Prim0,
1892 3112 2042 3193 quia
2084 3111 2136 3172 si
2181 3130 2336 3193 prae-
2443 3116 2779 3178 ferendum
2830 3135 2897 3178 se
2950 3116 3252 3178 fratribus
3310 3116 3443 3177 suis
3500 3116 3636 3179 fore
3694 3118 3945 3180 somnio

836 3214 1074 3277 scirent
1104 3212 1338 3285 futura,
1373 3229 1498 3273 non
1535 3218 1845 3272 tentarent
1878 3228 1984 3271 eos
2024 3229 2060 3271 a
2100 3209 2335 3291 quibus
2446 3232 2573 3277 non
2604 3215 2869 3277 videret.
2903 3214 3077 3287 Quod
3113 3215 3267 3276 item
3302 3215 3421 3276 hoc
3453 3215 3652 3296 possit
3680 3216 3945 3295 angelus

547 3336 808 3387 iconum.
835 3312 1134 3375 vincendi
1184 3318 1350 3372 sunt.
1385 3346 1466 3355 --
1513 3308 1825 3381 Secundo,
1877 3326 1951 3370 ea
2000 3327 2140 3388 quae
2189 3315 2338 3369 sunt
2448 3313 2675 3385 malus,
2726 3320 2899 3394 patet
2940 3330 2953 3374 :
2998 3313 3297 3394 quoniam
3352 3313 3571 3374 multis
3619 3313 3831 3375 illudit
3880 3315 3943 3376 in

836 3409 1139 3483 hominiS,
1172 3409 1387 3470 nullus
1420 3407 1538 3469 scit
1571 3407 1693 3468 nisi
1730 3406 1994 3487 spiritus
2034 3406 2333 3467 hominiS.
2448 3430 2672 3475 somno
2714 3430 2825 3493 per
2856 3419 3244 3474 tentamenta
3272 3418 3335 3473 et
3368 3412 3751 3493 pollutiones
3794 3413 3947 3475 ima-

839 3507 1001 3588 Ergo
1049 3526 1248 3589 quum
1313 3506 1583 3586 ipsemet
1630 3504 1822 3565 homo
1879 3504 2125 3584 ignoret
2184 3504 2337 3584 quid
2448 3510 2929 3589 ginationesque
2978 3516 3213 3590 turpes.

839 3606 942 3669 die
985 3613 1127 3686 aget
1167 3611 1470 3686 sequente
1515 3610 1624 3664 aut
1667 3602 1822 3683 quid
1865 3602 2055 3672 volet,
2087 3602 2342 3664 videtur
2530 3606 2743 3687 Aliqui
2803 3613 3015 3668 tamen
3074 3608 3317 3682 dicunt,
3368 3608 3537 3689 quod
3598 3628 3712 3689 per
3760 3609 3951 3672 talem

841 3704 1010 3785 quod
1056 3721 1173 3765 nec
1217 3702 1536 3765 daemones
1579 3701 1782 3762 sciant
1823 3699 1963 3761 hoc.
1997 3735 2077 3743 —
2107 3700 2339 3773 Tertio,
2450 3704 2820 3785 angelorum
2862 3704 3347 3785 impressionem
3387 3706 3550 3767 nihil
3588 3706 3664 3768 sit
3704 3708 3767 3768 in
3813 3728 3952 3771 sen-

841 3803 1190 3866 futurorum
1213 3809 1385 3862 certa
1414 3799 1820 3882 praecognitio
1845 3806 1948 3860 aut
1973 3798 2347 3879 praenuntia·
2454 3822 2528 3864 su
2563 3809 2688 3863 tam
2722 3801 3021 3864 exteriori
3053 3821 3244 3883 quam
3280 3802 3592 3877 interiori,
3628 3804 3749 3867 nisi
3783 3808 3951 3887 quod

843 3901 1218 3981 tio‚signum
1249 3906 1344 3961 est
1374 3898 1607 3960 divinae
1637 3896 2047 3979 perfectionis
2077 3914 2151 3957 ac
2182 3915 2345 3958 verae
2456 3900 2647 3961 etiam
2687 3919 2802 3982 per
2841 3900 3276 3982 operationem
3318 3899 3505 3963 fieret
3546 3904 3899 3965 naturalem
3934 3922 3951 3965 ε

553 4022 618 4065 12.
645 4033 724 4071 m,
749 4022 817 4063 2³.
845 3998 1272 4071 revelationiS,
1314 4016 1514 4078 quum
1565 3996 1628 4057 in
1678 3994 1839 4057 Isaia
1885 3994 2134 4057 dicatur
2177 4011 2191 4057 ε
2234 3994 2349 4055 Fu·
2457 4017 2571 4080 per
2600 4017 2789 4079 quam
2832 3997 3167 4059 sensibiles
3208 3999 3454 4079 species
3486 4000 3701 4062 sensui
3738 4000 3956 4083 impri-

846 4106 986 4160 tura
1029 4114 1283 4179 quoque
1328 4094 1720 4166 annuntiate,
1763 4099 1825 4155 et
1869 4092 2146 4154 sciemus
2196 4092 2349 4174 quia
2459 4104 2723 4158 muntur
2779 4096 3099 4169 exteriori,
3152 4104 3462 4177 praesente
3522 4098 3785 4160 materia
3842 4119 3955 4161 seu

571 4218 652 4262 Jer
656 4231 819 4269 xxxxxxxx
845 4198 934 4259 dii
975 4197 1127 4259 estis
1158 4214 1304 4271 vos3
1347 4202 1408 4256 et
1442 4194 1504 4255 in
1535 4193 1803 4255 Jeremia
1841 4209 1854 4253 ε
1889 4192 2196 4265 Quoniam
2240 4191 2345 4253 ille
2377 4192 2425 4254 D
2456 4194 2747 4275 object03
2781 4194 3067 4256 interiori
3098 4212 3249 4257 vero
3288 4195 3501 4257 sensui
3535 4196 3644 4277 qui
3678 4204 3773 4258 est
3808 4198 3958 4259 ima-

555 4285 597 4325 ⁹·
846 4301 943 4357 est
985 4293 1294 4375 Propheta
1331 4310 1522 4373 quem
1569 4290 1741 4353 misit
1780 4290 2089 4352 Dominus
2129 4288 2195 4350 in
2242 4308 2345 4351 ve·
2454 4292 2715 4374 ginatio,
2753 4292 3211 4373 imprimuntur
3247 4293 3435 4354 etiam
3478 4311 3603 4355 non
3646 4304 3957 4375 praescnte

850 4394 1056 4467 ritate,
1091 4392 1275 4471 cujus
1320 4390 1588 4452 verbum
1634 4388 1936 4450 evenerit.
2457 4391 2738 4453 materia.
2763 4426 2843 4435 -—
2868 4390 2985 4452 Sed
3022 4389 3250 4452 salsum
3285 4399 3381 4453 est
3411 4392 3579 4472 quod
3615 4392 3677 4452 in
3711 4393 3959 4474 appari-

927 4492 995 4553 In
1037 4488 1401 4572 oppositum
1441 4494 1590 4549 sunt
1619 4505 1760 4568 quae
1800 4486 2100 4547 dicuntur
2139 4486 2206 4547 in
2247 4484 2344 4547 lit·
2454 4488 2737 4551 tionibus
2785 4488 2921 4550 istis
2961 4488 3052 4549 nil
3094 4488 3267 4550 aliud
3307 4488 3422 4550 fiat
3452 4488 3575 4551 nisi
3607 4490 3778 4570 quod
3814 4509 3959 4573 ope-

847 4598 1000 4652 tera.
2456 4587 2697 4648 ratione
2751 4586 2827 4648 tit
2878 4585 3148 4649 naturali
3199 4604 3213 4647 t
3262 4586 3553 4668 quamvis
3602 4588 3777 4650 enim
3829 4607 3953 4652 non

2454 4684 2615 4747 siant
2659 4684 2798 4747 aliae
2842 4684 3087 4765 speeies
3136 4685 3487 4746 secundum
3534 4684 3830 4760 l'ormam,
3872 4696 3955 4748 ta-

577 4806 820 4850 Sumam.
929 4788 1107 4852 Circa
1139 4788 1274 4849 haec
1305 4784 1529 4848 scribit
1559 4784 1854 4846 Albertus
1888 4800 1900 4845 :
1935 4782 2181 4864 Angeli‚
2218 4790 2344 4843 tam
2456 4802 2602 4845 men
2652 4782 2773 4844 alia
2824 4782 2895 4843 fit
2950 4781 3291 4844 abstractio
3349 4784 3712 4863 specierum
3764 4794 3953 4866 atque

555 4872 605 4977 ἐζ
629 4874 738 4923 ‘'⁸¹“
774 4883 818 4926 ‘¹’
847 4888 1053 4952 bonus
1101 4904 1294 4969 quam
1347 4883 1573 4957 malus,
1615 4902 1692 4944 ex
1739 4882 2009 4943 naturali
2063 4880 2347 4962 praeemi-
2458 4882 2795 4962 impressio
2827 4881 2891 4942 in
2932 4900 3189 4943 sensnm
3222 4889 3284 4943 et
3319 4882 3861 4963 imaginationem,
3894 4893 3954 4945 et

611 4963 624 4977 ’
847 4986 1064 5050 nentia
1103 5004 1216 5047 sua
1246 5001 1438 5065 supra
1477 4982 1754 5045 animam
1791 4980 2160 5042 sensibilem
2204 4998 2345 5061 pos·
2454 4978 2859 5041 eminentiori
2902 4979 3158 5052 virtute,
3191 4987 3251 5040 et
3295 4979 3374 5041 ad
3411 4979 3585 5042 aliud
3626 4982 3957 5063 designan—

849 5093 997 5149 sunt
1029 5084 1398 5167 imprimere
1439 5081 1503 5142 in
1544 5098 1767 5142 sensus
1811 5078 2154 5140 exteriores
2186 5078 2344 5139 etin
2455 5078 2630 5147 dum,
2664 5097 2856 5159 quam
2902 5078 2965 5139 in
3011 5079 3375 5159 operatione
3420 5080 3711 5141 naturali.

849 5204 1106 5248 sensum
1173 5182 1562 5249 interiorem,
1625 5177 1735 5259 qui
1795 5184 1892 5238 est
1951 5176 2341 5255 imaginatio,
2534 5177 2767 5237 Verum
2801 5184 2951 5237 tunc
2983 5176 3307 5257 quaeritur,
3340 5185 3556 5238 utrum
3587 5179 3787 5258 possit
3816 5198 3953 5243 esse

848 5282 1094 5367 species
1133 5278 1466 5345 sensibiles
1497 5285 1558 5341 et
1593 5273 2014 5359 imaginariaS,
2049 5292 2176 5339 non
2220 5282 2345 5335 tan·
2457 5274 2671 5339 illusio
2700 5273 2781 5336 ab
2812 5274 3034 5359 angelo
3068 5274 3236 5339 bono
3270 5274 3334 5338 in
3368 5276 3474 5337 tali
3516 5276 3807 5345 sensibili
3844 5287 3949 5343 aut
