4334 6242
832 532 917 579 AN
959 531 1259 578 DAEMONES
1303 530 1612 577 NATURALI
1653 526 1910 576 vutTUTE
1953 529 2203 577 Possm'r
2244 530 2405 577 VERA
2448 530 2754 578 mnACULA
2800 531 3035 581 FACERE

3374 514 3493 579 423

380 701 800 782 productione
830 711 1155 785 segetum3
1187 711 1250 765 et
1282 703 1684 785 complendo,
1717 702 1884 765 sicut
1912 698 1965 763 A
1995 703 2166 783 quod
2210 702 2340 783 agit
2377 720 2493 785 per
2533 704 2793 765 modum
2834 710 3092 767 naturae.
3128 704 3199 767 In
3237 702 3499 768 artifici·

377 800 469 863 sol
501 808 804 882 operatur
832 809 896 863 et
926 809 1152 864 natura
1182 802 1248 864 in
1283 800 1691 882 generatione
1721 800 1883 862 infe-

377 899 640 961 riorum.
674 900 886 963 Primo
918 901 1108 963 modo
1139 907 1349 981 potest
1386 900 1634 981 operari
1667 898 1884 961 diabo-

376 997 496 1071 lus,
532 1016 662 1060 non
694 1000 992 1061 secundo.
1030 999 1240 1061 Potest
1272 1017 1550 1080 namque
1585 998 1884 1077 colligere

375 1095 644 1170 semina,
677 1104 740 1159 et
782 1097 991 1160 activa
1033 1098 1306 1179 passivis
1350 1105 1831 1178 contemperare
1866 1113 1880 1158 :

375 1213 504 1276 quo
544 1190 736 1270 facto,
769 1196 1060 1277 sequitur
1099 1196 1486 1258 introductio
1521 1195 1740 1257 formae
1771 1214 1885 1276 per

373 1293 812 1375 operationem
860 1300 1122 1356 naturae.
1171 1328 1251 1338 —-
1292 1294 1436 1356 Haec
1483 1294 1725 1365 PetruS,
1771 1292 1882 1373 qui

375 1390 442 1452 in
485 1392 716 1453 ceteris
757 1399 1062 1455 consonat
1101 1392 1374 1455 Thomae.
1410 1392 1761 1455 Richardus
1802 1392 1884 1453 si-

377 1490 636 1552 militer.

452 1588 896 1651 Bonaventura
941 1606 1092 1651 vero
1133 1588 1356 1669 adjicit
1399 1606 1414 1651 ε
1455 1588 1710 1669 Maligni
1756 1586 1884 1669 spi-

369 1688 532 1750 ritus
579 1695 849 1769 possunt
893 1686 1128 1750 formas
1172 1686 1541 1749 artificiales
1582 1687 1884 1749 inducere

371 1806 488 1869 per
525 1786 832 1848 virtutem
873 1786 1220 1867 propriam,
1253 1793 1317 1847 et
1355 1784 1592 1849 formas
1638 1793 1887 1847 natura-

1991 800 2204 862 alibus
2240 819 2392 864 vero
2431 801 2593 863 nihil
2646 802 3011 884 impertitur
3050 821 3243 884 agens
3288 820 3495 884 passo,

1995 900 2104 961 sed
2153 899 2363 962 aufert
2411 899 2513 962 vel
2562 908 2785 973 mutat,
2838 908 2908 962 ut
2955 908 3127 983 patet
3179 900 3245 963 in
3294 901 3501 964 forma

1995 997 2480 1079 compositionis
2529 1005 2640 1060 aut
2682 998 2891 1079 figura
2937 997 3289 1062 incisionis.
3336 999 3498 1061 Hinc

1993 1113 2187 1176 agens
2232 1114 2347 1177 per
2387 1104 2589 1159 artem
2639 1113 2767 1158 non
2816 1104 3026 1179 potest
3072 1098 3309 1159 virtute
3359 1114 3500 1180 pro-

1996 1194 2136 1275 pria
2175 1195 2413 1257 formas
2450 1196 2772 1259 naturales
2816 1196 3189 1277 producere,
3224 1196 3350 1258 nisi
3388 1195 3499 1257 ille

1995 1292 2179 1355 solus
2201 1294 2312 1376 qui
2344 1301 2440 1356 est
2477 1301 2656 1356 actus
2690 1295 2917 1376 plenus
2947 1302 3138 1376 atque
3177 1293 3499 1378 perfectus

1997 1399 2293 1473 respectu
2362 1393 2651 1455 omnium
2722 1400 2852 1455 tam
2921 1393 2987 1454 in
3060 1392 3501 1474 cognoscendo

1997 1509 2190 1570 quam
2236 1492 2579 1573 operandO,
2625 1492 2921 1555 videlicet
2966 1492 3152 1554 DeuS.

2076 1589 2403 1663 Praeterea,
2447 1590 2502 1651 si
2545 1596 2885 1671 quaeratur‚
2928 1609 3007 1652 an
3058 1589 3225 1671 magi
3275 1590 3500 1653 Phara-

1995 1686 2138 1749 onis
2189 1687 2633 1770 cooperatione
2677 1688 3040 1750 daemonum
3085 1687 3503 1769 produxerint

1996 1804 2181 1848 veros
2232 1794 2559 1868 serpentes
2606 1805 2678 1847 ac
2727 1806 2911 1848 ranas
2962 1804 2976 1849 :
3029 1787 3284 1848 videtur
3330 1786 3500 1867 quod

370 1884 465 1946 les
511 1903 628 1966 per
669 1884 974 1947 virtutem
1024 1885 1298 1946 alienam
1335 1902 1348 1945 :
1385 1884 1688 1966 quoniam
1737 1902 1884 1966 ope·
1921 1882 1968 1945 B
1997 1903 2148 1958 non,
2184 1886 2487 1967 quoniam
2530 1884 2791 1947 Strabus
2821 1886 2930 1959 ait,
2963 1885 3133 1968 quod
3164 1884 3500 1947 diabolicis

369 1992 597 2047 rantur
627 2004 741 2067 per
773 1986 1036 2049 modum
1067 1986 1243 2059 artis,
1266 2003 1394 2048 non
1426 1992 1686 2047 naturai.
1709 1985 1884 2048 Unde

371 2084 542 2146 sicut
581 2092 807 2146 natura
855 2102 982 2146 non
1022 2083 1318 2165 producit-
1367 2082 1636 2145 formam
1683 2082 1886 2145 artifi-

372 2182 630 2256 cialem,
664 2182 757 2243 sic
788 2201 907 2245 nec
945 2201 1046 2243 ars
1088 2181 1360 2244 sormam
1399 2181 1772 2244 naturalem.
1808 2181 1884 2243 Et

369 2282 427 2343 si
467 2288 792 2362 quaeratur
831 2280 992 2343 ratio
1030 2280 1246 2360 hujus,
1286 2280 1430 2342 dico
1468 2279 1637 2361 quod
1678 2288 1774 2341 est
1811 2280 1884 2341 li-

371 2379 624 2442 mitatio
664 2379 966 2461 potentiae
1003 2378 1366 2460 agentisad
1407 2377 1596 2440 talem
1641 2397 1753 2439 seu
1795 2386 1884 2439 ta-

370 2480 500 2541 lem
533 2477 1223 2551 effectum,secundum
1255 2476 1737 2560 dispositionem
1771 2476 1882 2538 Dei

370 2586 436 2639 et
481 2576 858 2659 primariam
903 2575 1368 2638 ordinationem
1415 2594 1770 2637 causarum.
1807 2610 1885 2620 —

373 2678 638 2750 RursuS,
673 2674 727 2737 si
779 2693 1024 2756 quaeras
1071 2692 1266 2756 quare
1315 2674 1408 2735 sic
1456 2674 1622 2734 Deus
1672 2673 1882 2755 dispo-

369 2774 518 2849 suit,
534 2773 682 2835 dico
710 2773 880 2856 quod
909 2772 1062 2835 ordo
1093 2772 1422 2854 sapientiae
1450 2771 1568 2833 hoc
1599 2772 1878 2853 requirit.

371 2871 582 2945 Quum
644 2869 817 2932 enim
867 2869 1099 2951 triplex
1157 2868 1242 2930 sit
1295 2886 1511 2949 agenS,
1560 2868 1880 2941 videlicet,

371 2969 565 3041 Deus,
618 2975 864 3042 natura,
915 2976 978 3028 et
1039 2966 1507 3047 intelligentia3
1559 2966 1679 3028 ista
1735 2974 1884 3029 sunt

1996 1985 2326 2066 figmentis
2396 1983 2749 2047 illudebant
2803 1985 3205 2065 ‚intuentium
3272 1983 3496 2047 oculis.

1996 2082 2217 2145 Glossa
2274 2100 2527 2164 quoque
2574 2082 2912 2163 Augustini
2964 2082 3121 2144 dicit
3171 2082 3237 2145 in
3284 2082 3500 2145 Exodo

1996 2200 2191 2263 super
2225 2181 2407 2254 illud,
2442 2181 2780 2244 Devoravit
2812 2182 2989 2262 virga
3027 2181 3257 2264 Moysis
3290 2181 3500 2261 virgas

1983 2265 2215 2342 'eorum
2244 2278 2471 2359 :Virga
2500 2280 2729 2362 Moysis
2759 2278 3091 2342 absorbuit
3120 2280 3352 2360 virgaS,
3370 2296 3497 2341 non

1995 2377 2319 2440 dracones,
2373 2377 2503 2439 Hoc
2562 2396 2839 2460 namque
2892 2376 3233 2440 absorbere
3292 2376 3501 2460 potuit

1994 2476 2164 2558 quod
2195 2483 2397 2549 erant,
2431 2492 2558 2537 non
2589 2477 2759 2558 quod
2792 2493 2919 2538 non
2950 2484 3147 2538 erant.
3185 2476 3348 2557 Ergo
3378 2475 3501 2537 vir-

1993 2593 2088 2656 gae
2130 2591 2461 2655 magorum
2505 2592 2632 2635 non
2677 2573 2939 2635 fuerunt
2977 2592 3124 2637 vere
3171 2574 3237 2636 in
3280 2573 3497 2636 draco-

1996 2690 2109 2732 nes
2141 2690 2255 2733 seu
2294 2678 2622 2752 serpentes
2664 2688 3001 2734 conversae.
3037 2671 3271 2733 Natura
3304 2670 3496 2732 etiam

1995 2788 2123 2830 non
2155 2769 2409 2831 videtur
2439 2769 2503 2831 in
2534 2777 2665 2831 tam
2697 2769 3194 2852 imperceptibili
3225 2788 3338 2831 seu
3368 2768 3500 2831 bre·

1994 2867 2262 2930 vissimo
2318 2874 2630 2950 tempore,
2683 2867 2885 2929 solida
2944 2867 3134 2948 ligna,
3191 2874 3263 2929 ut
3318 2874 3501 2929 erant

1994 2966 2189 3046 virgae
2241 2984 2593 3047 magorum,
2628 2983 2814 3048 posse
2863 2965 2929 3027 in
2976 2967 3281 3029 dracones
3326 2984 3500 3027 vera-

371 3066 631 3147 agentia
677 3065 988 3138 ordinata,
1038 3064 1126 3126 ita
1173 3065 1340 3146 quod
1393 3064 1676 3146 primum
1726 3083 1885 3147 prae-
1922 3066 1966 3130 C
1997 3063 2156 3125 citer
2206 3069 2645 3126 transmutare.
2698 3100 2779 3109 —
2825 3065 2895 3125 In
2955 3064 3342 3126 contrarium
3402 3071 3499 3125 est

373 3164 768 3247 supponitur
795 3182 832 3225 a
871 3162 1172 3237 secundo,
1207 3170 1270 3224 et
1308 3163 1662 3225 secundum
1696 3182 1732 3224 a
1766 3171 1884 3225 ter-

373 3264 484 3327 tio.
523 3264 693 3325 Deus
736 3279 1015 3342 namque
1058 3268 1358 3341 operatur
1395 3280 1471 3322 ex
1517 3260 1736 3323 nihilo.
1772 3260 1887 3323 Na-

375 3370 522 3425 tura
563 3346 716 3423 vero
753 3378 879 3422 non
925 3367 1224 3441 operatur
1266 3378 1342 3421 ex
1391 3358 1619 3431 nihilo,
1653 3359 1761 3421 sed
1808 3378 1884 3421 ex

375 3469 526 3523 ente
571 3459 638 3521 in
683 3457 985 3540 potentia.
1031 3458 1146 3519 Ars
1189 3465 1402 3519 autem
1450 3458 1887 3539 praesupponit

374 3558 816 3640 operationem
847 3563 1109 3629 naturae,
1131 3562 1192 3616 et
1223 3562 1521 3636 operatur
1551 3574 1744 3637 super
1771 3575 1886 3618 ens

375 3655 774 3737 completum
812 3672 826 3716 :
861 3670 990 3715 non
1040 3652 1214 3714 enim
1264 3652 1419 3715 facit
1469 3652 1731 3735 lapideS,
1773 3654 1884 3716 sed

375 3755 644 3817 domum
703 3771 780 3815 ex
831 3750 1170 3833 lapidibus.
1223 3750 1384 3812 Hinc
1442 3750 1609 3812 sicut
1661 3760 1886 3812 natura

376 3870 506 3915 non
573 3856 782 3933 potest
842 3848 1192 3931 anticipare
1255 3848 1687 3930 operationem
1748 3849 1882 3923 Dei,

379 3970 526 4033 quae
564 3958 663 4011 est
700 3948 778 4009 de
816 3948 1023 4010 nihilo
1067 3948 1452 4029 producere3
1487 3947 1578 4009 sic
1624 3965 1740 4009 nec
1784 3966 1884 4009 ars

379 4048 818 4132 operationem
849 4053 1109 4109 naturae.
1145 4046 1209 4108 Si
1239 4065 1506 4127 quaeraS,
1531 4064 1726 4126 quare
1756 4064 1884 4108 non

379 4154 478 4210 est
526 4162 896 4217 econverso,
940 4144 1028 4205 ita
1077 4151 1145 4203 ut
1194 4162 1294 4205 ars
1344 4142 1658 4224 praecedat
1705 4150 1884 4204 natu-

1996 3169 2207 3224 textus
2234 3162 2431 3224 Exodi
2466 3161 2576 3223 ubi
2609 3162 2797 3244 plane
2839 3162 3375 3245 historialiterque
3406 3181 3499 3224 re-

1996 3261 2221 3334 fertur,
2245 3260 2414 3342 quod
2448 3261 2614 3341 magi
2647 3260 3055 3343 projecerunt
3084 3261 3294 3341 virgas
3326 3280 3493 3335 suaS,

1996 3378 2137 3440 quae
2182 3357 2594 3421 vertebantur
2637 3358 2703 3421 in
2748 3365 3094 3441 serpentes.
3129 3359 3259 3421 Hoc
3304 3358 3497 3421 etiam

1993 3458 2184 3519 tertio
2227 3457 2303 3518 de
2344 3456 2649 3518 Trinitate
2687 3455 3079 3537 Augustinus
3120 3456 3357 3519 sentire
3394 3476 3499 3519 ex-

1995 3572 2213 3636 presse
2252 3554 2525 3627 videtur‚
2558 3553 2978 3618 describendo
3017 3554 3255 3618 ibidem
3296 3553 3497 3637 quali-

1993 3660 2091 3713 ter
2124 3652 2186 3714 id
2217 3650 2433 3714 fiebat..
2470 3652 2645 3714 Unde
2674 3660 2737 3714 et
2767 3651 2987 3715 Glossa
3024 3672 3101 3715 ex
3130 3652 3343 3715 verbis
3373 3651 3497 3714 Au-

1994 3752 2234 3831 gustini
2266 3770 2461 3833 super
2489 3750 2776 3814 Exodum
2807 3751 2894 3813 ait
2930 3769 2942 3813 :
2976 3752 3305 3814 Daemones
3337 3751 3498 3813 mira

1996 3848 2318 3911 celeritate
2349 3849 2778 3911 discurrentes
2811 3868 2924 3932 per
2954 3850 3289 3923 mundum,
3323 3850 3497 3911 colli-

1995 3956 2153 4028 gunt
2202 3956 2266 4009 et
2313 3948 2638 4010 adducunt
2685 3948 2930 4010 semina
2978 3966 3231 4027 rerum3
3278 3948 3497 4030 sicque

1997 4065 2193 4109 novas
2236 4065 2450 4107 rerum
2494 4046 2741 4127 species
2784 4047 3164 4128 producunt.

2077 4144 2453 4217 Dicendum,
2488 4144 2655 4225 quod
2688 4163 2909 4206 revera
2938 4144 3172 4208 Glossae
3203 4145 3500 4209 videntur

381 4262 558 4324 ram;
609 4243 976 4317 dicendum,
1029 4242 1197 4323 quod
1247 4240 1531 4324 operatio
1581 4241 1885 4304 naturalis
1914 4242 1966 4303 D
1996 4243 2119 4305 sibi
2163 4243 2421 4305 obviare
2465 4242 2705 4304 ibidem
2742 4259 2755 4303 :
2789 4243 2909 4305 hoc
2954 4250 3165 4305 tamen
3208 4244 3354 4325 plus
3402 4262 3497 4307 so«

381 4364 500 4427 per
557 4351 874 4415 naturam,
923 4342 1100 4423 prior
1147 4349 1243 4402 est
1294 4341 1359 4403 in
1411 4341 1634 4403 eodem
1693 4361 1885 4423 quam

381 4443 670 4526 operatio
715 4440 890 4503 artis.
925 4441 1036 4503 Est
1081 4440 1273 4503 etiam
1323 4439 1450 4503 alia
1497 4440 1704 4503 ratio:
1740 4458 1890 4523 quo-

382 4544 558 4605 niam
601 4559 796 4622 agens
835 4559 949 4621 per
987 4546 1277 4601 naturam
1321 4540 1615 4621 producit
1652 4540 1776 4603 sibi
1813 4542 1893 4603 si-

385 4641 541 4703 mile
581 4639 934 4702 secundum
967 4637 1323 4711 veritatem,
1357 4657 1547 4718 agens
1587 4658 1738 4703 vero
1779 4660 1893 4722 per

384 4748 590 4803 artem
651 4737 946 4819 producit
1002 4736 1212 4798 simile
1271 4737 1478 4799 solum
1539 4738 1891 4800 secundum

389 4838 738 4919 exemplar.
791 4836 1098 4909 Quoniam
1157 4854 1308 4916 ergo
1359 4836 1422 4898 in
1477 4839 1892 4919 productione

391 4938 484 5001 rei
517 4956 632 4999 seu
663 4936 884 4998 formae
916 4935 1244 5009 naturaliS,
1276 4954 1467 5016 agens
1503 4936 1743 5017 aliquid
1777 4938 1894 4998 im-

392 5036 668 5119 pertitur
707 5051 915 5116 passo,
948 5041 1010 5095 et
1049 5032 1213 5095 nihil
1255 5034 1619 5116 impertitur
1651 5035 1893 5116 aliquid

391 5134 576 5199 alteri
627 5132 752 5195 nisi
803 5132 865 5194 id
915 5139 1208 5215 respectu
1259 5133 1444 5213 cujus
1491 5140 1588 5194 est
1637 5133 1701 5194 in
1749 5141 1894 5196 actu

395 5232 752 5297 secundum
785 5229 1154 5309 veritatem3
1187 5230 1328 5293 ideo
1370 5230 1606 5293 formas
1647 5231 1786 5292 illas
1818 5232 1895 5293 de

399 5331 688 5415 potentia
743 5330 810 5391 in
857 5337 1072 5392 actum
1131 5330 1442 5392 deducere
1494 5330 1716 5411 nequit
1774 5331 1896 5393 nisi

1998 4350 2173 4414 nant,
2207 4342 2378 4424 quod
2408 4342 2601 4423 virgae
2642 4360 2973 4423 magorum
3004 4362 3201 4406 versae
3238 4343 3499 4406 fuerunt

2000 4442 2068 4504 in
2098 4459 2282 4503 veros
2318 4447 2664 4522 serpentes.
2698 4442 3035 4522 Quumque
3065 4441 3241 4523 virga
3270 4443 3499 4525 Moysis

2002 4540 2239 4602 dicitur
2295 4540 2629 4601 devorasse
2685 4539 2894 4621 virgas
2954 4558 3305 4622 magorum,
3361 4541 3500 4603 dra-

2003 4658 2193 4702 cones
2244 4637 2654 4700 nominantur
2700 4638 2893 4718 virgae
2941 4657 2978 4700 a
3025 4640 3500 4720 praeexsistente

2003 4738 2288 4812 materia,
2334 4736 2501 4799 sicut
2542 4744 2605 4799 et
2647 4738 2824 4817 virga
2865 4738 3115 4820 MoysiS‚
3162 4757 3303 4821 quae
3349 4758 3499 4803 vere

2004 4855 2310 4899 conversa
2357 4836 2599 4897 exstitit
2647 4836 2712 4897 in
2761 4837 3119 4899 draconem.
3164 4838 3499 4920 Quumque

2004 4934 2329 5015 objicitur,
2362 4933 2531 5015 quod
2572 4942 2795 4995 natura
2833 4952 2959 4996 non
2999 4942 3208 5017 potest
3240 4943 3369 4998 tam
3400 4956 3501 4998 su-

2003 5032 2138 5096 bito
2170 5032 2419 5114 operari
2450 5049 2464 5094 ε
2500 5033 3012 5114 respondendum
3042 5042 3159 5108 est,
3192 5036 3361 5117 quod
3394 5054 3500 5099 ve-

2007 5149 2150 5193 rum
2194 5139 2311 5205 est,
2346 5131 2663 5212 loquendo
2702 5132 2779 5193 de
2818 5132 2935 5194 hac
2975 5140 3199 5195 natura
3236 5152 3351 5215 per
3392 5151 3496 5214 se;

2007 5230 2117 5293 sed
2147 5230 2357 5291 taliter
2388 5237 2594 5311 potest
2626 5249 2763 5292 esse
2803 5230 3019 5311 adjuta
3057 5240 3117 5294 et
3150 5232 3500 5296 confortata

2011 5328 2541 5394 convenientibus
2580 5328 2769 5390 rebus
2808 5348 2879 5391 ac
2916 5329 3182 5406 viribuS,
3216 5339 3286 5393 ut
3318 5331 3499 5415 quasi

3533 2201 3703 2308 lfa-od.
3720 2215 3792 2253 vu,

3565 3182 3753 3228 Ibidem.
