4334 6242
621 1105 702 1150 1²1.
726 1119 797 1156 xv,
818 1107 857 1148 2.

581 3362 715 3406 Dent.
736 3365 847 3414 vus.

886 501 1007 567 274
1116 455 1121 460 ’

1540 520 1604 568 ΙΝ
1644 521 1865 568 Limum
1907 522 1951 566 11
1995 517 2477 567 SENTENTIARUM.
2521 538 2602 548 —
2641 518 2794 566 DIST.
2844 521 2950 582 1113
2995 520 3218 576 Qt'AEsT.
3259 517 3344 566 vlt

891 691 1106 754 omnia
1164 690 1477 752 desideria
1524 698 1586 752 et
1632 709 1826 772 opera
1882 697 2094 754 nostra
2153 689 2390 752 referre
2421 689 2471 752 A
2502 689 2682 750 bruta
2712 709 2825 771 per
2847 689 2978 752 vim
3009 690 3446 752 aestimativam
3475 697 3824 771 sequuntur
3853 707 4003 750 con-

891 789 1199 850 debemus
1231 789 1307 850 ad
1338 789 1602 868 gloriam
1635 789 1744 850 Dei
1784 789 2251 869 utilitatemque
2283 806 2390 849 no-

892 894 1108 949 stram.
1142 885 1419 948 Gloriam
1460 886 1700 968 quippe
1740 887 1906 948 Deus
1945 886 2079 947 vult
2125 885 2247 947 sibi
2288 885 2393 947 ad-

892 985 1119 1064 scribi3
1161 985 1499 1046 utilitatem
1544 1002 1695 1047 vero
1738 984 1874 1046 vult
1917 1003 2056 1045 esse
2101 1003 2234 1046 rem
2282 1001 2391 1045 no-

892 1090 1109 1154 stram,
1144 1081 1443 1164 quoniam
1492 1081 1801 1144 bonorum
1852 1089 2211 1145 nostrorum
2262 1099 2388 1143 nou

892 1189 1051 1261 eget.
1086 1181 1245 1242 Hinc
1286 1180 1542 1243 dilectio
1582 1179 1888 1241 naturalis
1932 1199 2057 1242 non
2098 1187 2192 1241 est
2233 1180 2388 1241 cari-

893 1279 1002 1340 tati
1049 1278 1157 1341 Dei
1208 1279 1542 1351 contraria,
1578 1279 1685 1340 sed
1730 1285 1937 1359 potest
1978 1297 2117 1340 esse
2160 1278 2265 1339 via
2309 1278 2388 1340 ad

891 1396 1051 1439 eam.
1116 1377 1191 1438 Et
1247 1376 1540 1459 quamvis
1598 1376 1856 1438 dilectio
1916 1376 2024 1437 illa
2079 1377 2388 1438 naturalis

890 1482 1099 1536 careat
1147 1475 1360 1537 debito
1410 1473 1563 1546 fine,
1608 1491 1733 1537 non
1784 1482 1994 1536 tamen
2051 1475 2235 1536 illum
2287 1493 2388 1536 ex-

890 1573 1111 1646 cludit,
1146 1574 1254 1634 sed
1296 1572 1730 1653 susceptibilis
1776 1572 1916 1653 ejus
1958 1580 2074 1645 est,
2110 1573 2275 1634 sicut
2322 1573 2385 1634 in

886 1670 1245 1733 actionibus
1290 1669 1809 1731 indifferentibus
1851 1670 2100 1731 accidit..

968 1768 1202 1829 Iterum
1236 1767 1485 1848 quaerit,
1518 1786 1597 1828 an
1633 1766 1891 1830 dilectio
1932 1766 2040 1829 illa
2079 1767 2384 1830 naturalis

2499 787 2810 849 servativa
2854 787 3232 869 fugiuntque
3274 789 3516 851 nociva.
3554 787 3630 848 Et
3679 787 3794 848 ista
3841 787 4004 849 dile-

2499 885 2626 945 ctio
2677 902 2802 946 non
2853 893 2949 946 est
2993 885 3201 966 culpa,
3235 903 3434 967 quum
3481 903 3607 946 non
3651 884 3734 944 sit
3777 883 4005 946 volun-

2501 982 2673 1045 taria.
2709 983 2850 1044 Alia
2877 991 3088 1044 autem
3122 991 3216 1045 est
3254 982 3512 1045 dilectio
3549 982 4003 1055 involuntaria,

2499 1100 2640 1161 quae
2687 1089 2784 1142 est
2832 1081 3075 1143 homini
3125 1082 3402 1163 propria,
3455 1099 3580 1162 qua
3627 1080 4008 1143 naturaliter

2499 1179 2704 1259 diligit
2753 1179 2965 1241 anima
3011 1197 3338 1240 summum
3389 1178 3650 1252 bonum,
3689 1185 4006 1260 appetens

2499 1275 2958 1338 beatitudinem
3012 1276 3149 1338 sine
3201 1277 3374 1338 omni
3429 1275 3886 1338 deliberatione
3937 1283 4004 1336 et

2498 1374 2956 1455 praeelectione.
2993 1375 3134 1438 Haec
3179 1374 3437 1437 dilectio
3480 1393 3680 1456 quum
3723 1374 3804 1436 sit
3847 1375 4006 1436 irra-

2497 1473 2749 1534 tionalis
2807 1480 2870 1534 et
2929 1473 3375 1547 involuntaria,
3425 1489 3552 1534 non
3604 1480 3811 1555 potest
3856 1491 4004 1534 esse

2497 1578 2849 1652 peceatum.
2901 1607 2982 1616 —
3028 1571 3295 1634 Dilectio
3342 1589 3493 1634 vero
3551 1572 3880 1634 rationalis
3927 1590 4004 1632 ac

2496 1669 2853 1730 voluntaria
2885 1668 2949 1730 in
2989 1670 3144 1731 duas
3184 1669 3491 1731 dividitur
3529 1670 3798 1751 specieS‚
3829 1669 4006 1731 scili-

2498 1775 2618 1841 cet,
2655 1767 2718 1828 in
2761 1767 3369 1848 concupiscentiam,
3402 1775 3464 1828 et
3493 1767 3846 1829 amicitiam
3883 1787 4000 1829 seu

891 1865 955 1927 in
986 1865 1210 1946 angelo
1240 1866 1305 1926 in
1340 1865 1548 1945 primo
1582 1871 1749 1926 statu
1788 1864 1981 1927 fuerit
2012 1866 2378 1928 simoniaca.
2420 1868 2469 1929 Β
2500 1864 3027 1928 benevolentiam.
3054 1865 3583 1947 Concupiscentia
3611 1874 3705 1927 est
3735 1866 4001 1928 dilectio

888 1963 1151 2025 Videtur
1196 1963 1365 2046 quod
1414 1963 1527 2034 sic,
1578 1963 1729 2044 quia
1776 1982 1890 2045 per
1933 1971 2146 2025 actum
2195 1983 2382 2026 suum

888 2061 1309 2142 spiritualem,
1358 2060 1653 2123 videlicet
1699 2061 2129 2136 dilectionem,
2183 2061 2385 2123 inten-

886 2159 1077 2222 debat
1116 2159 1445 2241 acquirere
1488 2179 1669 2221 suam
1715 2159 2073 2221 utilitatem.

965 2258 1227 2339 Propter
1277 2257 1439 2318 hanc
1488 2256 1939 2338 objectionem,
1992 2277 2063 2320 ac
2113 2258 2379 2332 simileS,

884 2356 1143 2438 quidam
1174 2355 1493 2428 dixerunt,
1528 2355 1695 2435 quod
1738 2356 1998 2436 angelus
2039 2375 2151 2417 seu
2191 2357 2382 2418 homo

885 2455 949 2516 in
997 2453 1317 2536 principio
1358 2453 1663 2534 diligebat
1703 2473 1769 2515 se
1812 2471 1939 2516 non
1987 2461 2245 2535 propter
2287 2474 2375 2529 se,

882 2553 993 2614 sed
1025 2561 1283 2634 propter
1311 2552 1534 2624 Deum,
1563 2559 1626 2612 et
1656 2552 1854 2613 Deum
1888 2559 2147 2633 propter
2177 2553 2376 2614 Deum

880 2657 1174 2728 tantum3
1233 2657 1421 2731 atque
1479 2649 1647 2730 quod
1708 2648 1975 2710 naturali
2038 2649 2378 2712 dilectione

882 2747 1185 2828 diligebat
1234 2748 1432 2809 Deum
1485 2765 1677 2828 super
1726 2745 1962 2818 omnia,
2009 2755 2072 2808 et
2120 2757 2380 2828 propter

883 2845 1231 2927 ipsummet
1288 2845 1508 2906 Deum.
1554 2844 1835 2906 Naturali
1894 2863 2168 2925 namque
2228 2845 2380 2907 dile·

880 2943 1089 3006 ctione
1130 2960 1254 3005 non
1297 2941 1506 3023 diligit
1544 2942 1689 3023 quis
1728 2942 1851 3004 nisi
1896 2943 2219 3024 propriam
2262 2944 2380 3006 uti-

2499 1982 2623 2045 qua
2671 1962 2998 2043 diligimus
3045 1981 3234 2026 omne
3289 1963 3352 2024 id
3402 1981 3530 2044 quo
3577 1963 3701 2025 frui
3751 1965 4002 2046 appe-ti·

2498 2079 2640 2122 mus
2669 2060 2981 2124 habereve
3013 2061 3331 2142 cupimus,
3364 2061 3530 2124 sicut
3560 2061 3824 2142 gulosus
3855 2063 4002 2124 dili-

2495 2159 2586 2238 git
2625 2159 2866 2221 vinum.
2902 2159 3169 2221 Dilectio
3209 2159 3507 2223 amicitiae
3550 2167 3644 2222 est
3687 2179 3812 2242 qua
3851 2161 3998 2223 dili-

2493 2257 2704 2336 gimus
2755 2256 2815 2318 id
2866 2256 2967 2318 cui
3013 2256 3310 2318 volumus
3353 2243 3616 2330 bonum,
3649 2276 3762 2319 seu
3809 2258 3999 2338 cujus

2493 2353 2679 2417 bonis
2710 2355 3241 2436 congratulamur.
3262 2355 3536 2436 [traque
3565 2355 3683 2418 hac
3713 2357 4002 2420 dilectio-

2494 2471 2575 2513 ne
2618 2452 2943 2531 diligimus
2983 2453 3182 2514 Deum
3225 2471 3339 2534 per
3377 2461 3666 2514 naturam
3709 2453 3848 2516 sine
3888 2457 3998 2517 ad-

2489 2551 2728 2631 jutorio
2774 2550 3011 2630 gratiae,
3063 2558 3128 2612 et
3175 2550 3328 2612 item
3375 2569 3489 2632 per
3536 2552 3826 2632 gratiam.
3879 2553 3999 2616 Per

2494 2656 2784 2710 naturam
2831 2648 3112 2730 quidem,
3148 2649 3401 2729 quando
3448 2648 3706 2711 dilectio
3755 2659 3852 2713 est
3902 2653 3998 2714 in-

2492 2747 2682 2809 ducta
2730 2765 2843 2829 per
2892 2746 3254 2808 testimonia
3303 2754 3736 2810 creaturarum
3779 2766 3794 2810 :
3842 2770 3996 2833 qua—

2491 2863 2633 2906 rum
2666 2843 3085 2907 consideratio
3124 2845 3400 2906 ostendit
3439 2846 3640 2907 Deum
3681 2865 3820 2909 esse
3851 2868 3994 2911 sua·

2489 2963 2634 3005 vem
2664 2949 2726 3004 et
2757 2942 3095 3024 optimum,
3116 2942 3336 3023 sicque
3367 2943 3658 3006 accendit
3689 2944 3752 3005 in
3783 2947 3997 3009 anima

882 3042 1123 3103 litatem
1160 3060 1173 3105 :
1208 3059 1356 3121 ergo
1390 3039 1694 3120 majorem
1726 3040 1827 3102 sui
1859 3040 2198 3101 utilitatem
2232 3042 2375 3123 plus
2414 3049 2457 3113 C
2489 3040 2830 3122 quamdam
2879 3041 3020 3120 ejus
3070 3041 3673 3122 concupiscentiam.
3724 3042 3994 3106 Possunt

879 3139 1109 3220 diligit,
1143 3147 1205 3201 et
1234 3139 1509 3200 maxime
1550 3157 1887 3200 summam.
1923 3139 2041 3200 Sed
2083 3139 2250 3202 Deus
2280 3148 2376 3202 est

878 3257 1130 3299 summa
1189 3244 1491 3299 creaturae
1550 3236 1813 3310 utilitas,
1874 3255 1987 3297 seu
2046 3256 2372 3299 summum

877 3334 1035 3397 utile
1078 3334 1223 3397 sibi.
1255 3369 1337 3380 —
1374 3334 1553 3407 Item,
1598 3340 1988 3415 praeceptum
2037 3335 2180 3408 hoc,
2226 3336 2374 3397 Dili-

875 3452 985 3515 ges
1029 3433 1368 3495 Dominum
1419 3433 1619 3494 Deum
1663 3439 1848 3493 tuum
1890 3451 1967 3494 ex
2013 3440 2143 3495 toto
2185 3434 2372 3496 corde

876 3539 1007 3606 tuo,
1042 3530 1277 3594 morale
1320 3538 1413 3592 est
1450 3547 1463 3591 :
1497 3547 1646 3610 ergo
1687 3549 1724 3591 a
1766 3529 2084 3612 principio
2128 3540 2376 3595 natura-

877 3628 1021 3691 liter
1068 3627 1191 3690 ruit
1234 3629 1545 3710 scriptum
1598 3629 1662 3689 in
1712 3636 1924 3690 mente
1968 3629 2274 3710 angelica,
2310 3639 2373 3693 et

874 3727 967 3790 sic
1000 3727 1157 3789 illud
1194 3745 1318 3788 non
1354 3726 1785 3808 adimplendo,
1820 3733 2247 3807 transgressus
2278 3728 2374 3791 fu-

873 3827 1026 3888 isset
1070 3826 1270 3907 legem
1316 3823 1685 3886 naturalem.

955 3924 1074 3987 Sed
1121 3931 1361 3996 contra,
1408 3924 1605 3985 Deum
1658 3929 1917 4004 propter
1957 3941 2025 3985 se
2074 3932 2137 3985 et
2181 3944 2373 4007 super

872 4021 1089 4085 omnia
1146 4021 1435 4102 diligere,
1487 4028 1584 4083 est
1633 4021 1859 4082 modus
1916 4021 2370 4084 excellentissi-

874 4140 1019 4184 mus
1062 4120 1391 4201 diligendi,
1437 4127 1499 4182 et
1541 4138 1693 4182 vera
1737 4119 1984 4201 justitia
2027 4137 2041 4180 :
2084 4120 2236 4202 quia
2279 4121 2372 4183 sic

2489 3158 2742 3220 quoque
2802 3146 3104 3202 creaturae
3165 3139 3383 3200 testari
3443 3158 3516 3200 ac
3581 3143 3987 3222 persuadere,

2489 3237 2688 3298 Deum
2720 3255 2857 3299 esse
2887 3236 3152 3317 dignum
3193 3235 3378 3318 cujus
3409 3236 3648 3300 bonum
3684 3239 3992 3320 diligatur

2487 3343 2551 3396 et
2598 3334 2784 3415 cujus
2829 3334 2999 3397 bono
3045 3335 3535 3414 congaudeatur,
3575 3335 3728 3397 dum
3778 3347 3987 3401 osten-

2487 3432 2648 3495 dunt
2703 3432 2887 3495 nobis
2945 3440 3009 3494 et
3061 3432 3358 3506 clamant,
3409 3434 3578 3515 quod
3639 3434 3776 3516 ipse
3835 3436 4254 3504 recitp·.1e.1,³.

2486 3549 2624 3604 n03‚
2657 3539 2718 3592 et
2758 3530 2925 3612 quod
2966 3530 3179 3592 omnia
3213 3530 3495 3592 visibilia
3532 3530 3684 3593 fecit
3723 3542 3987 3617 propter

2486 3647 2602 3691 nos
2626 3647 2639 3690 :
2665 3629 2884 3710 sicque
2917 3628 3226 3690 inducunt
3258 3628 3319 3689 in
3353 3628 3537 3691 nobis
3571 3630 3984 3696 dilectionem

2487 3727 2597 3789 Dei
2667 3746 2808 3808 quae
2865 3726 3148 3788 amicitia
3209 3735 3632 3808 nuncupatur.
3699 3729 3776 3791 Et
3841 3732 3985 3794 talis

2484 3843 2663 3888 amor
2691 3832 2785 3886 est
2815 3844 2930 3907 per
2960 3825 3270 3886 naturalia
3297 3825 3648 3906 acquisitus
3679 3827 3818 3890 sine
3849 3848 3986 3910 gra-

2485 3924 2574 3984 tia
2612 3931 2862 4004 gratum
2907 3921 3214 4002 faciente3
3248 3941 3366 3985 nec
3408 3931 3616 3986 tamen
3656 3934 3752 3988 est
3789 3927 3986 3991 simo-

2485 4021 2729 4094 niacus,
2771 4021 2922 4102 quia
2969 4029 3193 4082 natura
3240 4039 3368 4084 non
3417 4020 3570 4084 facit
3613 4042 3762 4086 eum
3813 4026 3986 4090 viam

2483 4121 2561 4182 ad
2619 4119 2793 4181 aliud
2849 4119 3330 4201 acquirendum.
3384 4119 3544 4183 Hinc
3601 4120 3710 4184 tali
3767 4142 3986 4188 amore

872 4219 1143 4301 diligens
1183 4219 1407 4292 Deum,
1440 4225 1535 4280 est
1565 4236 1778 4279 rerum
1820 4216 2063 4298 integer
2102 4219 2372 4281 aestima-
2403 4231 2452 4292 [)
2485 4237 2807 4280 summum
2871 4217 3110 4280 bonum
3167 4217 3465 4280 volumus
3523 4220 3671 4294 Deo,
3723 4229 3785 4284 et
3843 4223 3986 4304 ejus

872 4324 991 4392 tor,
1023 4317 1210 4399 justae
1238 4317 1642 4380 aestimationi
1682 4317 1773 4378 nil
1807 4315 2045 4378 addens
2081 4335 2198 4379 nec
2229 4317 2374 4380 sub·

876 4415 1149 4478 trahens.
1214 4414 1444 4496 Sicque
1507 4414 1638 4477 sola
1702 4413 1972 4475 naturali
2033 4415 2372 4479 dilectione

868 4514 1041 4595 juste
1083 4513 1407 4576 viveretur
1449 4531 1463 4575 :
1508 4513 1676 4594 quod
1724 4511 1849 4574 suit
1897 4512 2153 4576 haeresis
2204 4514 2372 4577 Pela-

872 4613 1076 4694 giana.

952 4710 1508 4793 Respondendum,
1526 4711 1694 4793 quod
1725 4710 1959 4793 duplex
1988 4719 2085 4774 est
2113 4711 2372 4774 dilectio

874 4809 1201 4883 naturaliS,
1234 4808 1478 4870 scilicet
1518 4808 1875 4872 voluntaria
1912 4817 1975 4871 et
2016 4810 2372 4872 involunta-

873 4909 989 4982 ria,
1022 4927 1135 4970 seu
1186 4907 1507 4969 rationalis
1556 4915 1619 4968 et
1670 4906 2068 4968 irrationalis.
2104 4907 2372 4970 Dilectio

875 5024 1131 5088 quoque
1161 5005 1585 5068 involuntaria
1613 5005 1849 5088 duplex
1880 5012 1974 5066 est
1996 5021 2009 5066 :
2031 5024 2156 5066 una
2185 5024 2373 5087 quam

875 5106 1185 5169 habemus
1217 5124 1365 5168 cum
1403 5105 1608 5168 brutis
1645 5124 2075 5180 communem,
2108 5126 2235 5188 qua
2263 5108 2372 5170 ho-

880 5222 985 5267 mo
1031 5204 1236 5285 diligit
1276 5223 1366 5279 se,
1414 5204 1476 5267 id
1526 5213 1621 5267 est
1674 5225 1803 5268 suae
1850 5204 1997 5267 vitae
2046 5223 2375 5268 conserva·-

876 5305 1139 5378 tionem‚
1190 5304 1545 5381 sanitatem,
1595 5324 1668 5367 ac
1721 5303 2048 5384 membra3
2100 5303 2267 5366 sicut
2311 5312 2374 5366 et

2484 4316 2651 4379 bono
2710 4315 3243 4397 congratulamur,
3295 4318 3588 4398 quamvis
3646 4319 3834 4382 nobis
3891 4323 3986 4384 nil

2483 4414 2635 4477 boui
2695 4414 2840 4476 inde
2901 4414 3170 4476 eveniat.
3235 4413 3470 4496 Estque
3531 4418 3846 4497 gratuitus
3905 4440 3986 4483 ex

2482 4521 2659 4596 parte
2691 4533 2895 4576 causae
2925 4511 3160 4588 finaliS‚
3186 4513 3335 4575 licet
3365 4531 3492 4576 non
3523 4533 3600 4576 ex
3630 4525 3808 4598 parte
3841 4537 3988 4581 cau·

2483 4631 2567 4674 sae
2605 4609 2974 4684 efficientiS,
3007 4628 3207 4691 quum
3247 4629 3325 4672 ex
3361 4613 3758 4677 naturalibus
3797 4617 3986 4680 ratio-

2483 4709 2673 4771 nibus
2732 4709 2814 4772 sit
2873 4709 3169 4770 inductus
3227 4718 3290 4771 et
3348 4710 3658 4772 innitatur
3710 4713 3978 4790 eisdem,

2483 4807 3018 4890 quemadmodum
3049 4825 3227 4869 amor
3256 4827 3383 4889 quo
3414 4817 3594 4889 pater
3622 4810 3832 4891 diligit
3859 4831 3984 4875 ma-

2481 4906 2752 4987 gistrum
2783 4905 2906 4967 filii
2937 4905 3036 4967 sui
3068 4915 3327 4987 propter
3356 4906 3567 4968 filium
3599 4927 3786 4970 suum
3823 4926 3837 4971 :
3868 4912 3981 4993 qui

2481 5023 2660 5067 amor
2687 5023 2765 5065 ex
2804 5011 2983 5085 parte
3023 5023 3227 5066 eausae
3266 5003 3478 5066 finalis
3517 5013 3614 5066 est
3642 5009 3979 5086 gratuituS,

2483 5104 2632 5166 licet
2678 5102 2976 5164 inductus
3019 5101 3102 5162 sit
3142 5120 3220 5162 ex
3261 5099 3382 5164 sitii
3427 5121 3664 5178 amore,
3697 5104 3803 5166 cui
3843 5106 3982 5168 vult

2483 5203 2746 5276 bonum,
2780 5201 2927 5263 licet
2968 5200 3130 5262 nihil
3175 5201 3491 5263 commodi
3542 5201 3690 5264 inde
3731 5203 3792 5264 ei
3837 5223 3982 5285 pro-

2481 5301 2748 5365 veniret.
2802 5299 2996 5362 Amor
3050 5315 3203 5361 vero
3260 5299 3372 5380 qui
3430 5299 3658 5362 caritas
3715 5300 3974 5380 dieitur,
