<?xml version="1.0" encoding="UTF-8"?>
<!DOCTYPE html PUBLIC "-//W3C//DTD XHTML 1.0 Transitional//EN"
    "http://www.w3.org/TR/xhtml1/DTD/xhtml1-transitional.dtd">
<html xmlns="http://www.w3.org/1999/xhtml" xml:lang="en" lang="en">
 <head>
  <title>
</title>
<meta http-equiv="Content-Type" content="text/html;charset=utf-8" />
  <meta name='ocr-system' content='tesseract 3.04.00' />
  <meta name='ocr-capabilities' content='ocr_page ocr_carea ocr_par ocr_line ocrx_word'/>
</head>
<body>
  <div class='ocr_page' id='page_1' title='image "./doctorisecstati01denigoog_0261.png"; bbox 0 0 4334 6242; ppageno 0'>
   <div class='ocr_carea' id='block_1_1' title="bbox 230 2253 1907 2345">
    <p class='ocr_par' dir='ltr' id='par_1_1' title="bbox 230 2253 1907 2345">
     <span class='ocr_line' id='line_1_1' title="bbox 230 2253 1907 2345; baseline 0.002 -23"><span class='ocrx_word' id='word_1_1' title='bbox 230 2283 275 2308; x_wconf 44' lang='grc' dir='ltr'>ἢ»</span> <span class='ocrx_word' id='word_1_2' title='bbox 348 2312 359 2322; x_wconf 90' lang='grc'><em>.</em></span> <span class='ocrx_word' id='word_1_3' title='bbox 410 2261 699 2344; x_wconf 78' lang='lat' dir='ltr'>Dionysii</span> <span class='ocrx_word' id='word_1_4' title='bbox 728 2261 1123 2338; x_wconf 86' lang='lat' dir='ltr'>auctoritate,</span> <span class='ocrx_word' id='word_1_5' title='bbox 1147 2264 1259 2345; x_wconf 91' lang='lat' dir='ltr'>qui</span> <span class='ocrx_word' id='word_1_6' title='bbox 1287 2253 1466 2344; x_wconf 66' lang='lat' dir='ltr'>ju&#39;xta</span> <span class='ocrx_word' id='word_1_7' title='bbox 1495 2270 1814 2345; x_wconf 61' lang='lat' dir='ltr'>praetacta,</span> <span class='ocrx_word' id='word_1_8' title='bbox 1844 2263 1907 2325; x_wconf 91' lang='lat' dir='ltr'>in</span> 
     </span>
    </p>
   </div>
   <div class='ocr_carea' id='block_1_2' title="bbox 1290 517 2639 568">
    <p class='ocr_par' dir='ltr' id='par_1_2' title="bbox 1290 517 2639 568">
     <span class='ocr_line' id='line_1_2' title="bbox 1290 517 2639 568; baseline 0.003 -4"><span class='ocrx_word' id='word_1_9' title='bbox 1290 517 1376 565; x_wconf 76' lang='lat' dir='ltr'>AN</span> <span class='ocrx_word' id='word_1_10' title='bbox 1416 518 1617 564; x_wconf 70' lang='lat' dir='ltr'>OMNES</span> <span class='ocrx_word' id='word_1_11' title='bbox 1659 518 1882 566; x_wconf 68' lang='lat' dir='ltr'><strong>ANGFJM</strong></span> <span class='ocrx_word' id='word_1_12' title='bbox 1924 520 2060 566; x_wconf 84' lang='lat' dir='ltr'><strong>SINT</strong></span> <span class='ocrx_word' id='word_1_13' title='bbox 2100 520 2370 568; x_wconf 71' lang='lat' dir='ltr'>EJUSDEM</span> <span class='ocrx_word' id='word_1_14' title='bbox 2410 519 2639 568; x_wconf 82' lang='lat' dir='ltr'>SPECIEI</span> 
     </span>
    </p>
   </div>
   <div class='ocr_carea' id='block_1_3' title="bbox 3395 497 3518 567">
    <p class='ocr_par' dir='ltr' id='par_1_3' title="bbox 3395 497 3518 567">
     <span class='ocr_line' id='line_1_3' title="bbox 3395 497 3518 567; baseline 0 0"><span class='ocrx_word' id='word_1_15' title='bbox 3395 497 3518 567; x_wconf 75' lang='lat'>229</span> 
     </span>
    </p>
   </div>
   <div class='ocr_carea' id='block_1_4' title="bbox 402 684 3518 773">
    <p class='ocr_par' dir='ltr' id='par_1_4' title="bbox 402 684 3518 773">
     <span class='ocr_line' id='line_1_4' title="bbox 402 684 3518 773; baseline 0.001 -25"><span class='ocrx_word' id='word_1_16' title='bbox 402 684 844 766; x_wconf 81' lang='lat' dir='ltr'>perfectioniS‚</span> <span class='ocrx_word' id='word_1_17' title='bbox 868 707 1011 770; x_wconf 83' lang='lat' dir='ltr'>quae</span> <span class='ocrx_word' id='word_1_18' title='bbox 1040 687 1383 770; x_wconf 80' lang='lat' dir='ltr'>specialem</span> <span class='ocrx_word' id='word_1_19' title='bbox 1414 687 1745 751; x_wconf 89' lang='lat' dir='ltr'>constituit</span> <span class='ocrx_word' id='word_1_20' title='bbox 1776 708 1909 770; x_wconf 90' lang='lat' dir='ltr'>spe·</span> <span class='ocrx_word' id='word_1_21' title='bbox 1939 688 1990 751; x_wconf 83' lang='lat' dir='ltr'>A</span> <span class='ocrx_word' id='word_1_22' title='bbox 2019 689 2252 773; x_wconf 90' lang='lat' dir='ltr'>cuique</span> <span class='ocrx_word' id='word_1_23' title='bbox 2296 690 2514 752; x_wconf 92' lang='lat' dir='ltr'>influit</span> <span class='ocrx_word' id='word_1_24' title='bbox 2555 691 2908 753; x_wconf 90' lang='lat' dir='ltr'>secundum</span> <span class='ocrx_word' id='word_1_25' title='bbox 2952 689 3389 772; x_wconf 77' lang='lat' dir='ltr'>capacitatem,</span> <span class='ocrx_word' id='word_1_26' title='bbox 3422 688 3518 750; x_wconf 90' lang='lat' dir='ltr'>di-</span> 
     </span>
    </p>
   </div>
   <div class='ocr_carea' id='block_1_5' title="bbox 400 782 1914 1854">
    <p class='ocr_par' dir='ltr' id='par_1_5' title="bbox 400 782 1914 966">
     <span class='ocr_line' id='line_1_5' title="bbox 400 782 1914 868; baseline 0.004 -25"><span class='ocrx_word' id='word_1_27' title='bbox 400 782 597 857; x_wconf 89' lang='lat' dir='ltr'>ciem,</span> <span class='ocrx_word' id='word_1_28' title='bbox 630 789 697 845; x_wconf 92' lang='lat' dir='ltr'>et</span> <span class='ocrx_word' id='word_1_29' title='bbox 722 803 761 846; x_wconf 90' lang='lat' dir='ltr'>a</span> <span class='ocrx_word' id='word_1_30' title='bbox 790 805 917 867; x_wconf 92' lang='lat' dir='ltr'>qua</span> <span class='ocrx_word' id='word_1_31' title='bbox 954 785 1345 868; x_wconf 79' lang='lat' dir='ltr'>perfectione</span> <span class='ocrx_word' id='word_1_32' title='bbox 1375 785 1741 849; x_wconf 81' lang='lat' dir='ltr'>differentia</span> <span class='ocrx_word' id='word_1_33' title='bbox 1771 803 1914 850; x_wconf 87' lang='lat' dir='ltr'>con-</span> 
     </span>
     <span class='ocr_line' id='line_1_6' title="bbox 400 880 1067 966; baseline 0.006 -25"><span class='ocrx_word' id='word_1_34' title='bbox 400 880 697 944; x_wconf 88' lang='lat' dir='ltr'>stitutiva</span> <span class='ocrx_word' id='word_1_35' title='bbox 735 883 1067 966; x_wconf 83' lang='lat' dir='ltr'>accipitur.</span> 
     </span>
    </p>

    <p class='ocr_par' dir='ltr' id='par_1_6' title="bbox 401 979 1911 1854">
     <span class='ocr_line' id='line_1_7' title="bbox 487 979 1909 1065; baseline 0.002 -23"><span class='ocrx_word' id='word_1_36' title='bbox 487 979 723 1043; x_wconf 89' lang='lat' dir='ltr'>Positio</span> <span class='ocrx_word' id='word_1_37' title='bbox 752 981 967 1065; x_wconf 89' lang='lat' dir='ltr'>itaque</span> <span class='ocrx_word' id='word_1_38' title='bbox 1001 983 1351 1045; x_wconf 87' lang='lat' dir='ltr'>dicentium</span> <span class='ocrx_word' id='word_1_39' title='bbox 1390 1001 1612 1046; x_wconf 93' lang='lat' dir='ltr'>omnes</span> <span class='ocrx_word' id='word_1_40' title='bbox 1652 983 1909 1064; x_wconf 83' lang='lat' dir='ltr'>angelos</span> 
     </span>
     <span class='ocr_line' id='line_1_8' title="bbox 401 1079 1909 1164; baseline 0.001 -23"><span class='ocrx_word' id='word_1_41' title='bbox 401 1097 546 1142; x_wconf 88' lang='lat' dir='ltr'>esse</span> <span class='ocrx_word' id='word_1_42' title='bbox 598 1079 837 1162; x_wconf 87' lang='lat' dir='ltr'>speciei</span> <span class='ocrx_word' id='word_1_43' title='bbox 886 1080 1199 1161; x_wconf 89' lang='lat' dir='ltr'>ejusdem,</span> <span class='ocrx_word' id='word_1_44' title='bbox 1246 1082 1475 1144; x_wconf 89' lang='lat' dir='ltr'>ceteris</span> <span class='ocrx_word' id='word_1_45' title='bbox 1526 1080 1909 1164; x_wconf 90' lang='lat' dir='ltr'>improbabi-</span> 
     </span>
     <span class='ocr_line' id='line_1_9' title="bbox 404 1176 1909 1263; baseline 0.003 -25"><span class='ocrx_word' id='word_1_46' title='bbox 404 1176 530 1240; x_wconf 92' lang='lat' dir='ltr'>lior</span> <span class='ocrx_word' id='word_1_47' title='bbox 574 1177 975 1261; x_wconf 88' lang='lat' dir='ltr'>debiliorque</span> <span class='ocrx_word' id='word_1_48' title='bbox 1024 1180 1293 1242; x_wconf 86' lang='lat' dir='ltr'>videtur.</span> <span class='ocrx_word' id='word_1_49' title='bbox 1338 1179 1567 1263; x_wconf 89' lang='lat' dir='ltr'>Opinio</span> <span class='ocrx_word' id='word_1_50' title='bbox 1616 1198 1768 1243; x_wconf 88' lang='lat' dir='ltr'>vero</span> <span class='ocrx_word' id='word_1_51' title='bbox 1817 1180 1909 1242; x_wconf 89' lang='lat' dir='ltr'>di·</span> 
     </span>
     <span class='ocr_line' id='line_1_10' title="bbox 404 1275 1911 1362; baseline 0.001 -25"><span class='ocrx_word' id='word_1_52' title='bbox 404 1275 695 1338; x_wconf 75' lang='lat' dir='ltr'>centium</span> <span class='ocrx_word' id='word_1_53' title='bbox 742 1277 807 1339; x_wconf 90' lang='lat' dir='ltr'>in</span> <span class='ocrx_word' id='word_1_54' title='bbox 854 1278 1097 1360; x_wconf 87' lang='lat' dir='ltr'>angelis</span> <span class='ocrx_word' id='word_1_55' title='bbox 1145 1298 1284 1342; x_wconf 91' lang='lat' dir='ltr'>esse</span> <span class='ocrx_word' id='word_1_56' title='bbox 1326 1286 1418 1342; x_wconf 90' lang='lat' dir='ltr'>tot</span> <span class='ocrx_word' id='word_1_57' title='bbox 1460 1279 1705 1362; x_wconf 89' lang='lat' dir='ltr'>species</span> <span class='ocrx_word' id='word_1_58' title='bbox 1755 1286 1911 1361; x_wconf 91' lang='lat' dir='ltr'>quot</span> 
     </span>
     <span class='ocr_line' id='line_1_11' title="bbox 404 1374 1908 1460; baseline 0.002 -24"><span class='ocrx_word' id='word_1_59' title='bbox 404 1374 765 1450; x_wconf 87' lang='lat' dir='ltr'>individua,</span> <span class='ocrx_word' id='word_1_60' title='bbox 814 1376 981 1439; x_wconf 88' lang='lat' dir='ltr'>sicut</span> <span class='ocrx_word' id='word_1_61' title='bbox 1026 1377 1159 1459; x_wconf 88' lang='lat' dir='ltr'>jam</span> <span class='ocrx_word' id='word_1_62' title='bbox 1216 1378 1527 1460; x_wconf 85' lang='lat' dir='ltr'>patuit‚‘a</span> <span class='ocrx_word' id='word_1_63' title='bbox 1572 1378 1908 1441; x_wconf 89' lang='lat' dir='ltr'>Parisiensi</span> 
     </span>
     <span class='ocr_line' id='line_1_12' title="bbox 402 1473 1906 1555; baseline 0.002 -21"><span class='ocrx_word' id='word_1_64' title='bbox 402 1473 715 1555; x_wconf 87' lang='lat' dir='ltr'>episcopo</span> <span class='ocrx_word' id='word_1_65' title='bbox 758 1476 1309 1539; x_wconf 87' lang='lat' dir='ltr'>excommunicata</span> <span class='ocrx_word' id='word_1_66' title='bbox 1350 1484 1445 1539; x_wconf 89' lang='lat' dir='ltr'>est</span> <span class='ocrx_word' id='word_1_67' title='bbox 1483 1483 1546 1538; x_wconf 89' lang='lat' dir='ltr'>et</span> <span class='ocrx_word' id='word_1_68' title='bbox 1589 1477 1906 1549; x_wconf 89' lang='lat' dir='ltr'>damnata,</span> 
     </span>
     <span class='ocr_line' id='line_1_13' title="bbox 404 1573 1911 1648; baseline 0.001 -14"><span class='ocrx_word' id='word_1_69' title='bbox 404 1573 849 1636; x_wconf 84' lang='lat' dir='ltr'>consentiente</span> <span class='ocrx_word' id='word_1_70' title='bbox 910 1581 1041 1636; x_wconf 89' lang='lat' dir='ltr'>tota</span> <span class='ocrx_word' id='word_1_71' title='bbox 1096 1574 1229 1647; x_wconf 68' lang='lat' dir='ltr'>illa,</span> <span class='ocrx_word' id='word_1_72' title='bbox 1263 1575 1703 1648; x_wconf 85' lang='lat' dir='ltr'>Universitate,</span> <span class='ocrx_word' id='word_1_73' title='bbox 1754 1582 1815 1636; x_wconf 88' lang='lat' dir='ltr'>et</span> <span class='ocrx_word' id='word_1_74' title='bbox 1874 1595 1911 1636; x_wconf 89' lang='lat' dir='ltr'>a</span> 
     </span>
     <span class='ocr_line' id='line_1_14' title="bbox 404 1671 1903 1756; baseline 0.001 -24"><span class='ocrx_word' id='word_1_75' title='bbox 404 1671 659 1752; x_wconf 88' lang='lat' dir='ltr'>magnis</span> <span class='ocrx_word' id='word_1_76' title='bbox 718 1679 781 1734; x_wconf 84' lang='lat' dir='ltr'>et</span> <span class='ocrx_word' id='word_1_77' title='bbox 826 1673 1049 1734; x_wconf 90' lang='lat' dir='ltr'>multis</span> <span class='ocrx_word' id='word_1_78' title='bbox 1106 1673 1471 1737; x_wconf 91' lang='lat' dir='ltr'>doctoribus</span> <span class='ocrx_word' id='word_1_79' title='bbox 1530 1672 1903 1756; x_wconf 88' lang='lat' dir='ltr'>improbata.</span> 
     </span>
     <span class='ocr_line' id='line_1_15' title="bbox 404 1769 1911 1854; baseline 0.002 -23"><span class='ocrx_word' id='word_1_80' title='bbox 404 1769 612 1832; x_wconf 79' lang='lat' dir='ltr'>Media</span> <span class='ocrx_word' id='word_1_81' title='bbox 646 1788 799 1852; x_wconf 88' lang='lat' dir='ltr'>ergo</span> <span class='ocrx_word' id='word_1_82' title='bbox 838 1771 1071 1852; x_wconf 90' lang='lat' dir='ltr'>positio</span> <span class='ocrx_word' id='word_1_83' title='bbox 1110 1771 1321 1834; x_wconf 89' lang='lat' dir='ltr'>verior</span> <span class='ocrx_word' id='word_1_84' title='bbox 1357 1779 1705 1854; x_wconf 91' lang='lat' dir='ltr'>reputatur,</span> <span class='ocrx_word' id='word_1_85' title='bbox 1741 1772 1911 1834; x_wconf 83' lang='lat' dir='ltr'>vide-</span> 
     </span>
    </p>
   </div>
   <div class='ocr_carea' id='block_1_6' title="bbox 2017 785 3512 970">
    <p class='ocr_par' dir='ltr' id='par_1_7' title="bbox 2017 785 3512 970">
     <span class='ocr_line' id='line_1_16' title="bbox 2017 785 3512 872; baseline -0.001 -22"><span class='ocrx_word' id='word_1_86' title='bbox 2017 789 2348 870; x_wconf 51' lang='lat' dir='ltr'>gnita&#39;tem,</span> <span class='ocrx_word' id='word_1_87' title='bbox 2391 789 2873 872; x_wconf 80' lang='lat' dir='ltr'>dispositionem</span> <span class='ocrx_word' id='word_1_88' title='bbox 2924 807 3036 851; x_wconf 93' lang='lat' dir='ltr'>seu</span> <span class='ocrx_word' id='word_1_89' title='bbox 3083 787 3311 851; x_wconf 88' lang='lat' dir='ltr'>merita</span> <span class='ocrx_word' id='word_1_90' title='bbox 3347 785 3512 867; x_wconf 81' lang='lat' dir='ltr'>ejuS,</span> 
     </span>
     <span class='ocr_line' id='line_1_17' title="bbox 2018 886 3510 970; baseline -0.001 -21"><span class='ocrx_word' id='word_1_91' title='bbox 2018 889 2556 969; x_wconf 89' lang='lat' dir='ltr'>quemadmodum</span> <span class='ocrx_word' id='word_1_92' title='bbox 2607 888 2674 949; x_wconf 90' lang='lat' dir='ltr'>in</span> <span class='ocrx_word' id='word_1_93' title='bbox 2723 887 3065 970; x_wconf 86' lang='lat' dir='ltr'>Evangelio</span> <span class='ocrx_word' id='word_1_94' title='bbox 3109 886 3316 949; x_wconf 90' lang='lat' dir='ltr'>fassus</span> <span class='ocrx_word' id='word_1_95' title='bbox 3357 892 3454 949; x_wconf 88' lang='lat' dir='ltr'>est</span> <span class='ocrx_word' id='word_1_96' title='bbox 3495 903 3510 948; x_wconf 74' lang='grc' dir='ltr'><strong><em>ε</em></strong></span> 
     </span>
    </p>
   </div>
   <div class='ocr_carea' id='block_1_7' title="bbox 2018 986 3808 1112">
    <p class='ocr_par' dir='ltr' id='par_1_8' title="bbox 2018 986 3808 1112">
     <span class='ocr_line' id='line_1_18' title="bbox 2018 986 3808 1112; baseline 0 -62"><span class='ocrx_word' id='word_1_97' title='bbox 2018 986 2300 1050; x_wconf 87' lang='lat' dir='ltr'>Tradidit</span> <span class='ocrx_word' id='word_1_98' title='bbox 2340 987 2468 1050; x_wconf 91' lang='lat' dir='ltr'>illis</span> <span class='ocrx_word' id='word_1_99' title='bbox 2509 987 2675 1051; x_wconf 88' lang='lat' dir='ltr'>bona</span> <span class='ocrx_word' id='word_1_100' title='bbox 2719 1008 2853 1062; x_wconf 88' lang='lat' dir='ltr'>sua,</span> <span class='ocrx_word' id='word_1_101' title='bbox 2895 987 3246 1068; x_wconf 90' lang='lat' dir='ltr'>unicuique</span> <span class='ocrx_word' id='word_1_102' title='bbox 3289 997 3512 1048; x_wconf 86' lang='lat' dir='ltr'>secun·</span> <span class='ocrx_word' id='word_1_103' title='bbox 3540 1005 3808 1112; x_wconf 40' lang='lat' dir='ltr'>aguam-xxv.</span> 
     </span>
    </p>
   </div>
   <div class='ocr_carea' id='block_1_8' title="bbox 2018 1077 3518 1860">
    <p class='ocr_par' dir='ltr' id='par_1_9' title="bbox 2018 1077 2905 1167">
     <span class='ocr_line' id='line_1_19' title="bbox 2018 1077 2905 1167; baseline 0.002 -21"><span class='ocrx_word' id='word_1_104' title='bbox 2018 1085 2170 1146; x_wconf 90' lang='lat' dir='ltr'>dum</span> <span class='ocrx_word' id='word_1_105' title='bbox 2217 1077 2540 1167; x_wconf 82' lang='lat' dir='ltr'>propriam</span> <span class='ocrx_word' id='word_1_106' title='bbox 2583 1086 2905 1149; x_wconf 84' lang='lat' dir='ltr'>virtutem.</span> 
     </span>
    </p>

    <p class='ocr_par' dir='ltr' id='par_1_10' title="bbox 2018 1184 3518 1860">
     <span class='ocr_line' id='line_1_20' title="bbox 2097 1184 3516 1268; baseline 0 -23"><span class='ocrx_word' id='word_1_107' title='bbox 2097 1184 2419 1247; x_wconf 88' lang='lat' dir='ltr'>Postremo</span> <span class='ocrx_word' id='word_1_108' title='bbox 2464 1193 2836 1266; x_wconf 88' lang='lat' dir='ltr'>argumenta</span> <span class='ocrx_word' id='word_1_109' title='bbox 2881 1187 2960 1248; x_wconf 89' lang='lat' dir='ltr'>ad</span> <span class='ocrx_word' id='word_1_110' title='bbox 3007 1185 3371 1268; x_wconf 91' lang='lat' dir='ltr'>oppositum</span> <span class='ocrx_word' id='word_1_111' title='bbox 3421 1185 3516 1246; x_wconf 92' lang='lat' dir='ltr'>in-</span> 
     </span>
     <span class='ocr_line' id='line_1_21' title="bbox 2018 1283 3514 1364; baseline 0.001 -21"><span class='ocrx_word' id='word_1_112' title='bbox 2018 1283 2330 1358; x_wconf 85' lang='lat' dir='ltr'>troducta,</span> <span class='ocrx_word' id='word_1_113' title='bbox 2383 1283 2534 1345; x_wconf 90' lang='lat' dir='ltr'>satis</span> <span class='ocrx_word' id='word_1_114' title='bbox 2593 1284 2800 1347; x_wconf 91' lang='lat' dir='ltr'>soluta</span> <span class='ocrx_word' id='word_1_115' title='bbox 2855 1291 3023 1358; x_wconf 89' lang='lat' dir='ltr'>sunt,</span> <span class='ocrx_word' id='word_1_116' title='bbox 3077 1284 3197 1346; x_wconf 92' lang='lat' dir='ltr'>hoc</span> <span class='ocrx_word' id='word_1_117' title='bbox 3254 1283 3514 1364; x_wconf 91' lang='lat' dir='ltr'>dempto</span> 
     </span>
     <span class='ocr_line' id='line_1_22' title="bbox 2020 1381 3516 1466; baseline 0.001 -24"><span class='ocrx_word' id='word_1_118' title='bbox 2020 1381 2187 1462; x_wconf 91' lang='lat' dir='ltr'>quod</span> <span class='ocrx_word' id='word_1_119' title='bbox 2223 1383 2419 1463; x_wconf 84' lang='lat' dir='ltr'>tangit</span> <span class='ocrx_word' id='word_1_120' title='bbox 2449 1383 2718 1446; x_wconf 88' lang='lat' dir='ltr'>Thomas</span> <span class='ocrx_word' id='word_1_121' title='bbox 2753 1403 2768 1448; x_wconf 75' lang='grc' dir='ltr'>ε</span> <span class='ocrx_word' id='word_1_122' title='bbox 2802 1403 3002 1466; x_wconf 92' lang='lat' dir='ltr'>quum</span> <span class='ocrx_word' id='word_1_123' title='bbox 3041 1383 3196 1446; x_wconf 87' lang='lat' dir='ltr'>ordo</span> <span class='ocrx_word' id='word_1_124' title='bbox 3229 1389 3292 1444; x_wconf 92' lang='lat' dir='ltr'>et</span> <span class='ocrx_word' id='word_1_125' title='bbox 3325 1383 3516 1444; x_wconf 87' lang='lat' dir='ltr'>decor</span> 
     </span>
     <span class='ocr_line' id='line_1_23' title="bbox 2020 1479 3518 1563; baseline 0.001 -23"><span class='ocrx_word' id='word_1_126' title='bbox 2020 1479 2304 1542; x_wconf 84' lang='lat' dir='ltr'>universi</span> <span class='ocrx_word' id='word_1_127' title='bbox 2364 1480 2428 1543; x_wconf 90' lang='lat' dir='ltr'>in</span> <span class='ocrx_word' id='word_1_128' title='bbox 2487 1481 2824 1563; x_wconf 90' lang='lat' dir='ltr'>speciebus</span> <span class='ocrx_word' id='word_1_129' title='bbox 2883 1481 3205 1555; x_wconf 87' lang='lat' dir='ltr'>consistat,</span> <span class='ocrx_word' id='word_1_130' title='bbox 3262 1480 3518 1542; x_wconf 90' lang='lat' dir='ltr'>videtur</span> 
     </span>
     <span class='ocr_line' id='line_1_24' title="bbox 2018 1578 3512 1660; baseline 0.001 -21"><span class='ocrx_word' id='word_1_131' title='bbox 2018 1578 2350 1660; x_wconf 90' lang='lat' dir='ltr'>potissime</span> <span class='ocrx_word' id='word_1_132' title='bbox 2381 1581 2457 1642; x_wconf 90' lang='lat' dir='ltr'>ad</span> <span class='ocrx_word' id='word_1_133' title='bbox 2489 1581 2783 1643; x_wconf 90' lang='lat' dir='ltr'>decorem</span> <span class='ocrx_word' id='word_1_134' title='bbox 2813 1599 2886 1642; x_wconf 87' lang='lat' dir='ltr'>ac</span> <span class='ocrx_word' id='word_1_135' title='bbox 2917 1580 3204 1643; x_wconf 91' lang='lat' dir='ltr'>ordinem</span> <span class='ocrx_word' id='word_1_136' title='bbox 3236 1579 3512 1642; x_wconf 79' lang='lat' dir='ltr'>coelestis</span> 
     </span>
     <span class='ocr_line' id='line_1_25' title="bbox 2020 1677 3512 1760; baseline 0 -22"><span class='ocrx_word' id='word_1_137' title='bbox 2020 1677 2240 1758; x_wconf 81' lang='lat' dir='ltr'>patriae</span> <span class='ocrx_word' id='word_1_138' title='bbox 2278 1679 2618 1760; x_wconf 88' lang='lat' dir='ltr'>pertinere,</span> <span class='ocrx_word' id='word_1_139' title='bbox 2652 1680 2822 1760; x_wconf 91' lang='lat' dir='ltr'>quod</span> <span class='ocrx_word' id='word_1_140' title='bbox 2862 1680 2953 1742; x_wconf 92' lang='lat' dir='ltr'>ibi</span> <span class='ocrx_word' id='word_1_141' title='bbox 2992 1679 3120 1742; x_wconf 85' lang='lat' dir='ltr'>sint</span> <span class='ocrx_word' id='word_1_142' title='bbox 3147 1684 3240 1741; x_wconf 90' lang='lat' dir='ltr'>tot</span> <span class='ocrx_word' id='word_1_143' title='bbox 3267 1677 3512 1760; x_wconf 89' lang='lat' dir='ltr'>species</span> 
     </span>
     <span class='ocr_line' id='line_1_26' title="bbox 2020 1777 3516 1860; baseline 0.001 -23"><span class='ocrx_word' id='word_1_144' title='bbox 2020 1784 2176 1858; x_wconf 92' lang='lat' dir='ltr'>quot</span> <span class='ocrx_word' id='word_1_145' title='bbox 2205 1778 2537 1859; x_wconf 90' lang='lat' dir='ltr'>supposita</span> <span class='ocrx_word' id='word_1_146' title='bbox 2564 1779 2953 1860; x_wconf 89' lang='lat' dir='ltr'>angelorum.</span> <span class='ocrx_word' id='word_1_147' title='bbox 2977 1813 3058 1824; x_wconf 96' lang='lat'><strong>—</strong></span> <span class='ocrx_word' id='word_1_148' title='bbox 3077 1777 3169 1840; x_wconf 86' lang='lat' dir='ltr'>Ad</span> <span class='ocrx_word' id='word_1_149' title='bbox 3202 1778 3369 1860; x_wconf 91' lang='lat' dir='ltr'>quod</span> <span class='ocrx_word' id='word_1_150' title='bbox 3403 1795 3516 1858; x_wconf 87' lang='lat' dir='ltr'>pu-</span> 
     </span>
    </p>
   </div>
   <div class='ocr_carea' id='block_1_9' title="bbox 404 1868 3516 2252">
    <p class='ocr_par' dir='ltr' id='par_1_11' title="bbox 404 1868 3516 2252">
     <span class='ocr_line' id='line_1_27' title="bbox 404 1868 3515 1958; baseline 0.002 -29"><span class='ocrx_word' id='word_1_151' title='bbox 404 1868 555 1930; x_wconf 91' lang='lat' dir='ltr'>licet</span> <span class='ocrx_word' id='word_1_152' title='bbox 584 1869 843 1949; x_wconf 85' lang='lat' dir='ltr'>angelos</span> <span class='ocrx_word' id='word_1_153' title='bbox 873 1869 1163 1950; x_wconf 85' lang='lat' dir='ltr'>ejusdem</span> <span class='ocrx_word' id='word_1_154' title='bbox 1196 1870 1371 1932; x_wconf 91' lang='lat' dir='ltr'>chori</span> <span class='ocrx_word' id='word_1_155' title='bbox 1402 1889 1475 1933; x_wconf 89' lang='lat' dir='ltr'>ac</span> <span class='ocrx_word' id='word_1_156' title='bbox 1504 1870 1745 1934; x_wconf 89' lang='lat' dir='ltr'>ordinis</span> <span class='ocrx_word' id='word_1_157' title='bbox 1776 1889 1911 1933; x_wconf 85' lang='lat' dir='ltr'>esse</span> <span class='ocrx_word' id='word_1_158' title='bbox 1941 1871 1989 1934; x_wconf 93' lang='lat' dir='ltr'>B</span> <span class='ocrx_word' id='word_1_159' title='bbox 2021 1883 2083 1938; x_wconf 90' lang='lat' dir='ltr'>to</span> <span class='ocrx_word' id='word_1_160' title='bbox 2112 1875 2478 1950; x_wconf 89' lang='lat' dir='ltr'>dicendum,</span> <span class='ocrx_word' id='word_1_161' title='bbox 2503 1877 2671 1958; x_wconf 90' lang='lat' dir='ltr'>quod</span> <span class='ocrx_word' id='word_1_162' title='bbox 2701 1878 2856 1940; x_wconf 93' lang='lat' dir='ltr'>ordo</span> <span class='ocrx_word' id='word_1_163' title='bbox 2886 1885 3222 1958; x_wconf 91' lang='lat' dir='ltr'>utramque</span> <span class='ocrx_word' id='word_1_164' title='bbox 3251 1874 3515 1938; x_wconf 81' lang='lat' dir='ltr'>diversi·</span> 
     </span>
     <span class='ocr_line' id='line_1_28' title="bbox 405 1965 3513 2057; baseline 0.002 -29"><span class='ocrx_word' id='word_1_165' title='bbox 405 1965 646 2048; x_wconf 89' lang='lat' dir='ltr'>speciei</span> <span class='ocrx_word' id='word_1_166' title='bbox 678 1967 1133 2047; x_wconf 84' lang='lat' dir='ltr'>ejusdcm.Nec</span> <span class='ocrx_word' id='word_1_167' title='bbox 1162 1975 1369 2030; x_wconf 88' lang='lat' dir='ltr'>tamen</span> <span class='ocrx_word' id='word_1_168' title='bbox 1398 1987 1677 2032; x_wconf 86' lang='lat' dir='ltr'>asserere</span> <span class='ocrx_word' id='word_1_169' title='bbox 1707 1970 1910 2032; x_wconf 86' lang='lat' dir='ltr'>audeo</span> <span class='ocrx_word' id='word_1_170' title='bbox 2018 1982 2214 2037; x_wconf 87' lang='lat' dir='ltr'>tatem</span> <span class='ocrx_word' id='word_1_171' title='bbox 2260 1974 2615 2048; x_wconf 88' lang='lat' dir='ltr'>includens,</span> <span class='ocrx_word' id='word_1_172' title='bbox 2649 1983 2868 2057; x_wconf 89' lang='lat' dir='ltr'>utpote</span> <span class='ocrx_word' id='word_1_173' title='bbox 2911 1983 3039 2037; x_wconf 91' lang='lat' dir='ltr'>tam</span> <span class='ocrx_word' id='word_1_174' title='bbox 3080 1973 3513 2037; x_wconf 90' lang='lat' dir='ltr'>diversitatem</span> 
     </span>
     <span class='ocr_line' id='line_1_29' title="bbox 406 2065 3516 2154; baseline 0.002 -27"><span class='ocrx_word' id='word_1_175' title='bbox 406 2083 633 2128; x_wconf 89' lang='lat' dir='ltr'>omnes</span> <span class='ocrx_word' id='word_1_176' title='bbox 674 2065 931 2146; x_wconf 82' lang='lat' dir='ltr'>angelos</span> <span class='ocrx_word' id='word_1_177' title='bbox 962 2067 1139 2129; x_wconf 91' lang='lat' dir='ltr'>chori</span> <span class='ocrx_word' id='word_1_178' title='bbox 1184 2067 1373 2129; x_wconf 91' lang='lat' dir='ltr'>unius</span> <span class='ocrx_word' id='word_1_179' title='bbox 1416 2067 1481 2128; x_wconf 92' lang='lat' dir='ltr'>in</span> <span class='ocrx_word' id='word_1_180' title='bbox 1522 2067 1733 2149; x_wconf 91' lang='lat' dir='ltr'>specie</span> <span class='ocrx_word' id='word_1_181' title='bbox 1773 2086 1911 2149; x_wconf 89' lang='lat' dir='ltr'>spe·</span> <span class='ocrx_word' id='word_1_182' title='bbox 2020 2071 2302 2154; x_wconf 88' lang='lat' dir='ltr'>plurium</span> <span class='ocrx_word' id='word_1_183' title='bbox 2334 2088 2748 2152; x_wconf 88' lang='lat' dir='ltr'>personarum</span> <span class='ocrx_word' id='word_1_184' title='bbox 2779 2071 2899 2133; x_wconf 91' lang='lat' dir='ltr'>sub</span> <span class='ocrx_word' id='word_1_185' title='bbox 2931 2090 3058 2133; x_wconf 91' lang='lat' dir='ltr'>una</span> <span class='ocrx_word' id='word_1_186' title='bbox 3084 2071 3516 2153; x_wconf 90' lang='lat' dir='ltr'>specie,quam</span> 
     </span>
     <span class='ocr_line' id='line_1_30' title="bbox 410 2163 3515 2252; baseline 0.002 -28"><span class='ocrx_word' id='word_1_187' title='bbox 410 2163 760 2225; x_wconf 89' lang='lat' dir='ltr'>cialissima</span> <span class='ocrx_word' id='word_1_188' title='bbox 790 2164 1153 2239; x_wconf 87' lang='lat' dir='ltr'>convenire,</span> <span class='ocrx_word' id='word_1_189' title='bbox 1176 2165 1465 2228; x_wconf 89' lang='lat' dir='ltr'>obstante</span> <span class='ocrx_word' id='word_1_190' title='bbox 1499 2165 1908 2228; x_wconf 86' lang='lat' dir='ltr'>sacratissimi</span> <span class='ocrx_word' id='word_1_191' title='bbox 2019 2171 2305 2252; x_wconf 89' lang='lat' dir='ltr'>plurium</span> <span class='ocrx_word' id='word_1_192' title='bbox 2345 2169 2703 2251; x_wconf 90' lang='lat' dir='ltr'>specierum</span> <span class='ocrx_word' id='word_1_193' title='bbox 2739 2169 2805 2231; x_wconf 90' lang='lat' dir='ltr'>in</span> <span class='ocrx_word' id='word_1_194' title='bbox 2839 2187 2966 2232; x_wconf 92' lang='lat' dir='ltr'>uno</span> <span class='ocrx_word' id='word_1_195' title='bbox 2997 2170 3209 2242; x_wconf 83' lang='lat' dir='ltr'>choro,</span> <span class='ocrx_word' id='word_1_196' title='bbox 3241 2176 3351 2230; x_wconf 92' lang='lat' dir='ltr'>aut</span> <span class='ocrx_word' id='word_1_197' title='bbox 3382 2187 3515 2231; x_wconf 88' lang='lat' dir='ltr'>cer-</span> 
     </span>
    </p>
   </div>
   <div class='ocr_carea' id='block_1_10' title="bbox 411 2266 3517 2442">
    <p class='ocr_par' dir='ltr' id='par_1_12' title="bbox 411 2266 3517 2442">
     <span class='ocr_line' id='line_1_31' title="bbox 2017 2266 3517 2349; baseline -0.002 -19"><span class='ocrx_word' id='word_1_198' title='bbox 2017 2275 2080 2330; x_wconf 88' lang='lat' dir='ltr'>te</span> <span class='ocrx_word' id='word_1_199' title='bbox 2123 2268 2190 2330; x_wconf 90' lang='lat' dir='ltr'>in</span> <span class='ocrx_word' id='word_1_200' title='bbox 2239 2286 2365 2329; x_wconf 91' lang='lat' dir='ltr'>una</span> <span class='ocrx_word' id='word_1_201' title='bbox 2413 2267 2788 2343; x_wconf 86' lang='lat' dir='ltr'>hierarchia,</span> <span class='ocrx_word' id='word_1_202' title='bbox 2833 2268 3034 2329; x_wconf 88' lang='lat' dir='ltr'>multo</span> <span class='ocrx_word' id='word_1_203' title='bbox 3082 2267 3227 2349; x_wconf 90' lang='lat' dir='ltr'>plus</span> <span class='ocrx_word' id='word_1_204' title='bbox 3269 2266 3517 2330; x_wconf 80' lang='lat' dir='ltr'>confert</span> 
     </span>
     <span class='ocr_line' id='line_1_32' title="bbox 411 2358 3516 2442; baseline 0.001 -22"><span class='ocrx_word' id='word_1_205' title='bbox 411 2358 752 2440; x_wconf 89' lang='lat' dir='ltr'>spiritibus</span> <span class='ocrx_word' id='word_1_206' title='bbox 800 2359 929 2422; x_wconf 91' lang='lat' dir='ltr'>illis</span> <span class='ocrx_word' id='word_1_207' title='bbox 976 2361 1267 2441; x_wconf 88' lang='lat' dir='ltr'>ejusdem</span> <span class='ocrx_word' id='word_1_208' title='bbox 1316 2360 1557 2424; x_wconf 91' lang='lat' dir='ltr'>ordinis</span> <span class='ocrx_word' id='word_1_209' title='bbox 1617 2360 1911 2442; x_wconf 87' lang='lat' dir='ltr'>perhibet</span> <span class='ocrx_word' id='word_1_210' title='bbox 2016 2364 2095 2426; x_wconf 89' lang='lat' dir='ltr'>ad</span> <span class='ocrx_word' id='word_1_211' title='bbox 2139 2363 2433 2425; x_wconf 80' lang='lat' dir='ltr'>decorem</span> <span class='ocrx_word' id='word_1_212' title='bbox 2473 2370 2536 2424; x_wconf 92' lang='lat' dir='ltr'>et</span> <span class='ocrx_word' id='word_1_213' title='bbox 2575 2370 2974 2425; x_wconf 85' lang='lat' dir='ltr'>venustatem</span> <span class='ocrx_word' id='word_1_214' title='bbox 3017 2381 3089 2424; x_wconf 89' lang='lat' dir='ltr'>ac</span> <span class='ocrx_word' id='word_1_215' title='bbox 3126 2360 3516 2424; x_wconf 80' lang='lat' dir='ltr'>delectabili·</span> 
     </span>
    </p>
   </div>
   <div class='ocr_carea' id='block_1_11' title="bbox 406 2457 1915 3035">
    <p class='ocr_par' dir='ltr' id='par_1_13' title="bbox 406 2457 1915 3035">
     <span class='ocr_line' id='line_1_33' title="bbox 410 2457 1910 2540; baseline 0.001 -22"><span class='ocrx_word' id='word_1_216' title='bbox 410 2475 551 2519; x_wconf 88' lang='lat' dir='ltr'>esse</span> <span class='ocrx_word' id='word_1_217' title='bbox 581 2475 917 2539; x_wconf 89' lang='lat' dir='ltr'>supremos</span> <span class='ocrx_word' id='word_1_218' title='bbox 946 2465 1011 2520; x_wconf 83' lang='lat' dir='ltr'>et</span> <span class='ocrx_word' id='word_1_219' title='bbox 1042 2459 1284 2522; x_wconf 90' lang='lat' dir='ltr'>medios</span> <span class='ocrx_word' id='word_1_220' title='bbox 1315 2477 1387 2521; x_wconf 90' lang='lat' dir='ltr'>ac</span> <span class='ocrx_word' id='word_1_221' title='bbox 1421 2457 1714 2522; x_wconf 88' lang='lat' dir='ltr'>infimos:</span> <span class='ocrx_word' id='word_1_222' title='bbox 1739 2459 1910 2540; x_wconf 91' lang='lat' dir='ltr'>quod</span> 
     </span>
     <span class='ocr_line' id='line_1_34' title="bbox 410 2554 1913 2637; baseline 0.001 -21"><span class='ocrx_word' id='word_1_223' title='bbox 410 2554 709 2637; x_wconf 88' lang='lat' dir='ltr'>quamvis</span> <span class='ocrx_word' id='word_1_224' title='bbox 757 2556 836 2618; x_wconf 91' lang='lat' dir='ltr'>ad</span> <span class='ocrx_word' id='word_1_225' title='bbox 881 2556 1357 2620; x_wconf 88' lang='lat' dir='ltr'>distinctionem</span> <span class='ocrx_word' id='word_1_226' title='bbox 1402 2558 1466 2619; x_wconf 92' lang='lat' dir='ltr'>in</span> <span class='ocrx_word' id='word_1_227' title='bbox 1512 2557 1913 2619; x_wconf 88' lang='lat' dir='ltr'>accidentali-</span> 
     </span>
     <span class='ocr_line' id='line_1_35' title="bbox 408 2654 1913 2738; baseline 0 -21"><span class='ocrx_word' id='word_1_228' title='bbox 408 2654 529 2717; x_wconf 90' lang='lat' dir='ltr'>bus</span> <span class='ocrx_word' id='word_1_229' title='bbox 565 2664 783 2738; x_wconf 91' lang='lat' dir='ltr'>posset</span> <span class='ocrx_word' id='word_1_230' title='bbox 811 2654 1057 2730; x_wconf 88' lang='lat' dir='ltr'>referri,</span> <span class='ocrx_word' id='word_1_231' title='bbox 1082 2656 1396 2718; x_wconf 90' lang='lat' dir='ltr'>incertum</span> <span class='ocrx_word' id='word_1_232' title='bbox 1428 2664 1640 2718; x_wconf 87' lang='lat' dir='ltr'>tamen</span> <span class='ocrx_word' id='word_1_233' title='bbox 1672 2663 1767 2718; x_wconf 90' lang='lat' dir='ltr'>est</span> <span class='ocrx_word' id='word_1_234' title='bbox 1797 2655 1913 2718; x_wconf 90' lang='lat' dir='ltr'>mi-</span> 
     </span>
     <span class='ocr_line' id='line_1_36' title="bbox 406 2756 1915 2839; baseline 0 -21"><span class='ocrx_word' id='word_1_235' title='bbox 406 2756 473 2818; x_wconf 89' lang='lat' dir='ltr'>hi</span> <span class='ocrx_word' id='word_1_236' title='bbox 505 2757 781 2838; x_wconf 88' lang='lat' dir='ltr'>qualiter</span> <span class='ocrx_word' id='word_1_237' title='bbox 807 2757 1107 2839; x_wconf 90' lang='lat' dir='ltr'>princeps</span> <span class='ocrx_word' id='word_1_238' title='bbox 1140 2756 1247 2818; x_wconf 93' lang='lat' dir='ltr'>ille</span> <span class='ocrx_word' id='word_1_239' title='bbox 1279 2756 1704 2838; x_wconf 84' lang='lat' dir='ltr'>theologorum</span> <span class='ocrx_word' id='word_1_240' title='bbox 1737 2756 1915 2818; x_wconf 91' lang='lat' dir='ltr'>intel·</span> 
     </span>
     <span class='ocr_line' id='line_1_37' title="bbox 408 2855 1911 2937; baseline 0.001 -20"><span class='ocrx_word' id='word_1_241' title='bbox 408 2855 564 2918; x_wconf 86' lang='lat' dir='ltr'>lexit</span> <span class='ocrx_word' id='word_1_242' title='bbox 594 2856 719 2918; x_wconf 87' lang='lat' dir='ltr'>hoc</span> <span class='ocrx_word' id='word_1_243' title='bbox 751 2855 983 2937; x_wconf 89' lang='lat' dir='ltr'>ipsum.</span> <span class='ocrx_word' id='word_1_244' title='bbox 1020 2856 1153 2916; x_wconf 89' lang='lat' dir='ltr'>Imo</span> <span class='ocrx_word' id='word_1_245' title='bbox 1186 2855 1251 2916; x_wconf 90' lang='lat' dir='ltr'>in</span> <span class='ocrx_word' id='word_1_246' title='bbox 1284 2855 1421 2917; x_wconf 90' lang='lat' dir='ltr'>istis</span> <span class='ocrx_word' id='word_1_247' title='bbox 1451 2855 1911 2937; x_wconf 61' lang='lat' dir='ltr'>quaestionibus</span> 
     </span>
     <span class='ocr_line' id='line_1_38' title="bbox 407 2953 1913 3035; baseline -0.001 -18"><span class='ocrx_word' id='word_1_248' title='bbox 407 2954 488 3017; x_wconf 89' lang='lat' dir='ltr'>de</span> <span class='ocrx_word' id='word_1_249' title='bbox 530 2954 778 3035; x_wconf 89' lang='lat' dir='ltr'>angelis</span> <span class='ocrx_word' id='word_1_250' title='bbox 824 2953 1083 3027; x_wconf 88' lang='lat' dir='ltr'>sanctis,</span> <span class='ocrx_word' id='word_1_251' title='bbox 1124 2954 1383 3016; x_wconf 87' lang='lat' dir='ltr'>vitanda</span> <span class='ocrx_word' id='word_1_252' title='bbox 1428 2961 1525 3015; x_wconf 90' lang='lat' dir='ltr'>est</span> <span class='ocrx_word' id='word_1_253' title='bbox 1566 2955 1773 3016; x_wconf 91' lang='lat' dir='ltr'>omnis</span> <span class='ocrx_word' id='word_1_254' title='bbox 1821 2955 1913 3016; x_wconf 90' lang='lat' dir='ltr'>in-</span> 
     </span>
    </p>
   </div>
   <div class='ocr_carea' id='block_1_12' title="bbox 2019 2460 3518 3036">
    <p class='ocr_par' dir='ltr' id='par_1_14' title="bbox 2019 2460 3518 3036">
     <span class='ocr_line' id='line_1_39' title="bbox 2020 2460 3514 2544; baseline -0.001 -20"><span class='ocrx_word' id='word_1_255' title='bbox 2020 2470 2214 2525; x_wconf 90' lang='lat' dir='ltr'>tatem</span> <span class='ocrx_word' id='word_1_256' title='bbox 2254 2461 2528 2544; x_wconf 87' lang='lat' dir='ltr'>paradisi</span> <span class='ocrx_word' id='word_1_257' title='bbox 2560 2461 2834 2524; x_wconf 87' lang='lat' dir='ltr'>coelestis</span> <span class='ocrx_word' id='word_1_258' title='bbox 2865 2468 3054 2542; x_wconf 90' lang='lat' dir='ltr'>atque</span> <span class='ocrx_word' id='word_1_259' title='bbox 3083 2460 3514 2541; x_wconf 86' lang='lat' dir='ltr'>angelicorum</span> 
     </span>
     <span class='ocr_line' id='line_1_40' title="bbox 2019 2559 3514 2644; baseline -0.002 -20"><span class='ocrx_word' id='word_1_260' title='bbox 2019 2562 2387 2644; x_wconf 91' lang='lat' dir='ltr'>spirituum,</span> <span class='ocrx_word' id='word_1_261' title='bbox 2413 2579 2604 2643; x_wconf 89' lang='lat' dir='ltr'>quam</span> <span class='ocrx_word' id='word_1_262' title='bbox 2635 2560 2768 2623; x_wconf 90' lang='lat' dir='ltr'>sola</span> <span class='ocrx_word' id='word_1_263' title='bbox 2797 2560 3126 2622; x_wconf 88' lang='lat' dir='ltr'>diversitas</span> <span class='ocrx_word' id='word_1_264' title='bbox 3157 2559 3514 2640; x_wconf 87' lang='lat' dir='ltr'>specierum</span> 
     </span>
     <span class='ocr_line' id='line_1_41' title="bbox 2020 2657 3513 2741; baseline -0.001 -18"><span class='ocrx_word' id='word_1_265' title='bbox 2020 2660 2284 2741; x_wconf 80' lang='lat' dir='ltr'>aequalis</span> <span class='ocrx_word' id='word_1_266' title='bbox 2345 2677 2612 2722; x_wconf 89' lang='lat' dir='ltr'>numero</span> <span class='ocrx_word' id='word_1_267' title='bbox 2669 2657 3017 2741; x_wconf 89' lang='lat' dir='ltr'>suppositis</span> <span class='ocrx_word' id='word_1_268' title='bbox 3073 2657 3440 2739; x_wconf 87' lang='lat' dir='ltr'>angelorum</span> <span class='ocrx_word' id='word_1_269' title='bbox 3496 2676 3513 2721; x_wconf 91' lang='lat'>:</span> 
     </span>
     <span class='ocr_line' id='line_1_42' title="bbox 2021 2755 3518 2840; baseline -0.002 -20"><span class='ocrx_word' id='word_1_270' title='bbox 2021 2758 2558 2840; x_wconf 89' lang='lat' dir='ltr'>quemadmodum</span> <span class='ocrx_word' id='word_1_271' title='bbox 2591 2757 2782 2820; x_wconf 90' lang='lat' dir='ltr'>etiam</span> <span class='ocrx_word' id='word_1_272' title='bbox 2823 2757 2890 2818; x_wconf 90' lang='lat' dir='ltr'>in</span> <span class='ocrx_word' id='word_1_273' title='bbox 2921 2755 3349 2818; x_wconf 87' lang='lat' dir='ltr'>ecelesiastica</span> <span class='ocrx_word' id='word_1_274' title='bbox 3387 2755 3518 2817; x_wconf 91' lang='lat' dir='ltr'>hie-</span> 
     </span>
     <span class='ocr_line' id='line_1_43' title="bbox 2022 2853 3518 2938; baseline -0.003 -21"><span class='ocrx_word' id='word_1_275' title='bbox 2022 2857 2269 2918; x_wconf 88' lang='lat' dir='ltr'>rarchia</span> <span class='ocrx_word' id='word_1_276' title='bbox 2313 2856 2515 2919; x_wconf 91' lang='lat' dir='ltr'>multo</span> <span class='ocrx_word' id='word_1_277' title='bbox 2555 2855 2902 2938; x_wconf 89' lang='lat' dir='ltr'>speciosior</span> <span class='ocrx_word' id='word_1_278' title='bbox 2943 2862 3134 2936; x_wconf 86' lang='lat' dir='ltr'>atque</span> <span class='ocrx_word' id='word_1_279' title='bbox 3174 2853 3518 2934; x_wconf 88' lang='lat' dir='ltr'>jucundior</span> 
     </span>
     <span class='ocr_line' id='line_1_44' title="bbox 2022 2943 3518 3036; baseline -0.001 -20"><span class='ocrx_word' id='word_1_280' title='bbox 2022 2962 2186 3017; x_wconf 88' lang='lat' dir='ltr'>esset</span> <span class='ocrx_word' id='word_1_281' title='bbox 2229 2955 2449 3029; x_wconf 91' lang='lat' dir='ltr'>sessio,</span> <span class='ocrx_word' id='word_1_282' title='bbox 2493 2943 2835 3036; x_wconf 57' lang='lat' dir='ltr'>proces&#39;siO,</span> <span class='ocrx_word' id='word_1_283' title='bbox 2879 2953 3242 3027; x_wconf 85' lang='lat' dir='ltr'>multitudo,</span> <span class='ocrx_word' id='word_1_284' title='bbox 3285 2953 3350 3015; x_wconf 91' lang='lat' dir='ltr'>in</span> <span class='ocrx_word' id='word_1_285' title='bbox 3393 2971 3518 3033; x_wconf 90' lang='lat' dir='ltr'>qua</span> 
     </span>
    </p>
   </div>
   <div class='ocr_carea' id='block_1_13' title="bbox 411 3050 3519 3135">
    <p class='ocr_par' dir='ltr' id='par_1_15' title="bbox 411 3050 3519 3135">
     <span class='ocr_line' id='line_1_45' title="bbox 411 3050 3519 3135; baseline -0.001 -20"><span class='ocrx_word' id='word_1_286' title='bbox 411 3061 597 3115; x_wconf 89' lang='lat' dir='ltr'>cauta</span> <span class='ocrx_word' id='word_1_287' title='bbox 652 3053 918 3115; x_wconf 81' lang='lat' dir='ltr'>assertio</span> <span class='ocrx_word' id='word_1_288' title='bbox 974 3071 1047 3114; x_wconf 90' lang='lat' dir='ltr'>ac</span> <span class='ocrx_word' id='word_1_289' title='bbox 1099 3052 1590 3115; x_wconf 87' lang='lat' dir='ltr'>irreverentialis</span> <span class='ocrx_word' id='word_1_290' title='bbox 1651 3052 1908 3126; x_wconf 92' lang='lat' dir='ltr'>locuti0,</span> <span class='ocrx_word' id='word_1_291' title='bbox 1948 3052 1993 3116; x_wconf 86' lang='lat' dir='ltr'>C</span> <span class='ocrx_word' id='word_1_292' title='bbox 2023 3061 2235 3115; x_wconf 91' lang='lat' dir='ltr'>essent</span> <span class='ocrx_word' id='word_1_293' title='bbox 2279 3053 2463 3115; x_wconf 91' lang='lat' dir='ltr'>multi</span> <span class='ocrx_word' id='word_1_294' title='bbox 2514 3051 3002 3135; x_wconf 88' lang='lat' dir='ltr'>archiepiscopi,</span> <span class='ocrx_word' id='word_1_295' title='bbox 3045 3051 3234 3113; x_wconf 87' lang='lat' dir='ltr'>multi</span> <span class='ocrx_word' id='word_1_296' title='bbox 3277 3050 3519 3132; x_wconf 90' lang='lat' dir='ltr'>episco-</span> 
     </span>
    </p>
   </div>
   <div class='ocr_carea' id='block_1_14' title="bbox 412 3151 1915 4218">
    <p class='ocr_par' dir='ltr' id='par_1_16' title="bbox 412 3151 1915 4218">
     <span class='ocr_line' id='line_1_46' title="bbox 413 3151 1911 3233; baseline -0.001 -19"><span class='ocrx_word' id='word_1_297' title='bbox 413 3151 768 3233; x_wconf 82' lang='lat' dir='ltr'>praesertim</span> <span class='ocrx_word' id='word_1_298' title='bbox 818 3151 1165 3232; x_wconf 89' lang='lat' dir='ltr'>disputatio</span> <span class='ocrx_word' id='word_1_299' title='bbox 1214 3151 1624 3213; x_wconf 90' lang='lat' dir='ltr'>contentiosa.</span> <span class='ocrx_word' id='word_1_300' title='bbox 1669 3151 1911 3232; x_wconf 89' lang='lat' dir='ltr'>Nempe</span> 
     </span>
     <span class='ocr_line' id='line_1_47' title="bbox 413 3249 1911 3324; baseline 0.001 -13"><span class='ocrx_word' id='word_1_301' title='bbox 413 3269 563 3311; x_wconf 90' lang='lat' dir='ltr'>cum</span> <span class='ocrx_word' id='word_1_302' title='bbox 618 3249 992 3324; x_wconf 86' lang='lat' dir='ltr'>reverentia,</span> <span class='ocrx_word' id='word_1_303' title='bbox 1046 3249 1387 3312; x_wconf 91' lang='lat' dir='ltr'>formidine</span> <span class='ocrx_word' id='word_1_304' title='bbox 1430 3258 1495 3312; x_wconf 92' lang='lat' dir='ltr'>et</span> <span class='ocrx_word' id='word_1_305' title='bbox 1542 3250 1787 3312; x_wconf 90' lang='lat' dir='ltr'>cautela</span> <span class='ocrx_word' id='word_1_306' title='bbox 1835 3250 1911 3312; x_wconf 89' lang='lat' dir='ltr'>de</span> 
     </span>
     <span class='ocr_line' id='line_1_48' title="bbox 413 3347 1915 3429; baseline 0 -19"><span class='ocrx_word' id='word_1_307' title='bbox 413 3347 789 3410; x_wconf 86' lang='lat' dir='ltr'>substantiis</span> <span class='ocrx_word' id='word_1_308' title='bbox 833 3347 963 3410; x_wconf 90' lang='lat' dir='ltr'>illis</span> <span class='ocrx_word' id='word_1_309' title='bbox 1005 3347 1421 3429; x_wconf 81' lang='lat' dir='ltr'>dignissimiS,</span> <span class='ocrx_word' id='word_1_310' title='bbox 1462 3348 1761 3424; x_wconf 83' lang='lat' dir='ltr'>dominiS,</span> <span class='ocrx_word' id='word_1_311' title='bbox 1804 3349 1915 3410; x_wconf 92' lang='lat' dir='ltr'>du-</span> 
     </span>
     <span class='ocr_line' id='line_1_49' title="bbox 414 3445 1915 3528; baseline 0.001 -20"><span class='ocrx_word' id='word_1_312' title='bbox 414 3446 621 3521; x_wconf 79' lang='lat' dir='ltr'>cibuS,</span> <span class='ocrx_word' id='word_1_313' title='bbox 652 3445 1077 3527; x_wconf 81' lang='lat' dir='ltr'>adjutoribuS‚</span> <span class='ocrx_word' id='word_1_314' title='bbox 1111 3447 1573 3528; x_wconf 90' lang='lat' dir='ltr'>protectoribus</span> <span class='ocrx_word' id='word_1_315' title='bbox 1614 3455 1677 3509; x_wconf 90' lang='lat' dir='ltr'>et</span> <span class='ocrx_word' id='word_1_316' title='bbox 1710 3455 1915 3510; x_wconf 86' lang='lat' dir='ltr'>custo-</span> 
     </span>
     <span class='ocr_line' id='line_1_50' title="bbox 414 3545 1914 3628; baseline -0.001 -20"><span class='ocrx_word' id='word_1_317' title='bbox 414 3545 605 3608; x_wconf 90' lang='lat' dir='ltr'>dibus</span> <span class='ocrx_word' id='word_1_318' title='bbox 644 3545 905 3618; x_wconf 89' lang='lat' dir='ltr'>nostris,</span> <span class='ocrx_word' id='word_1_319' title='bbox 937 3562 1053 3608; x_wconf 89' lang='lat' dir='ltr'>nos</span> <span class='ocrx_word' id='word_1_320' title='bbox 1096 3545 1267 3628; x_wconf 91' lang='lat' dir='ltr'>loqui</span> <span class='ocrx_word' id='word_1_321' title='bbox 1306 3553 1576 3628; x_wconf 82' lang='lat' dir='ltr'>oport-et,</span> <span class='ocrx_word' id='word_1_322' title='bbox 1610 3565 1691 3608; x_wconf 90' lang='lat' dir='ltr'>ne</span> <span class='ocrx_word' id='word_1_323' title='bbox 1730 3545 1914 3608; x_wconf 86' lang='lat' dir='ltr'>aliter</span> 
     </span>
     <span class='ocr_line' id='line_1_51' title="bbox 415 3643 1911 3726; baseline 0 -20"><span class='ocrx_word' id='word_1_324' title='bbox 415 3643 607 3706; x_wconf 89' lang='lat' dir='ltr'>fando</span> <span class='ocrx_word' id='word_1_325' title='bbox 636 3644 715 3706; x_wconf 90' lang='lat' dir='ltr'>de</span> <span class='ocrx_word' id='word_1_326' title='bbox 748 3643 929 3726; x_wconf 84' lang='lat' dir='ltr'>ipsiS,</span> <span class='ocrx_word' id='word_1_327' title='bbox 961 3643 1362 3706; x_wconf 86' lang='lat' dir='ltr'>offendamus</span> <span class='ocrx_word' id='word_1_328' title='bbox 1402 3643 1803 3708; x_wconf 85' lang='lat' dir='ltr'>beatissimos</span> <span class='ocrx_word' id='word_1_329' title='bbox 1840 3664 1911 3708; x_wconf 90' lang='lat' dir='ltr'>ac</span> 
     </span>
     <span class='ocr_line' id='line_1_52' title="bbox 414 3742 1912 3825; baseline 0.001 -20"><span class='ocrx_word' id='word_1_330' title='bbox 414 3743 913 3825; x_wconf 86' lang='lat' dir='ltr'>benignissimos</span> <span class='ocrx_word' id='word_1_331' title='bbox 953 3742 1169 3805; x_wconf 86' lang='lat' dir='ltr'>vultus</span> <span class='ocrx_word' id='word_1_332' title='bbox 1206 3760 1445 3805; x_wconf 89' lang='lat' dir='ltr'>eorum.</span> <span class='ocrx_word' id='word_1_333' title='bbox 1481 3745 1786 3806; x_wconf 85' lang='lat' dir='ltr'>Praeterea</span> <span class='ocrx_word' id='word_1_334' title='bbox 1821 3743 1912 3807; x_wconf 89' lang='lat' dir='ltr'>sic</span> 
     </span>
     <span class='ocr_line' id='line_1_53' title="bbox 414 3840 1913 3924; baseline 0.001 -20"><span class='ocrx_word' id='word_1_335' title='bbox 414 3841 737 3924; x_wconf 90' lang='lat' dir='ltr'>loquendo</span> <span class='ocrx_word' id='word_1_336' title='bbox 767 3842 845 3904; x_wconf 91' lang='lat' dir='ltr'>de</span> <span class='ocrx_word' id='word_1_337' title='bbox 878 3840 1057 3923; x_wconf 84' lang='lat' dir='ltr'>ipsiS,</span> <span class='ocrx_word' id='word_1_338' title='bbox 1092 3858 1217 3903; x_wconf 90' lang='lat' dir='ltr'>non</span> <span class='ocrx_word' id='word_1_339' title='bbox 1256 3851 1518 3923; x_wconf 88' lang='lat' dir='ltr'>apparet</span> <span class='ocrx_word' id='word_1_340' title='bbox 1553 3861 1666 3905; x_wconf 90' lang='lat' dir='ltr'>cur</span> <span class='ocrx_word' id='word_1_341' title='bbox 1703 3841 1913 3923; x_wconf 86' lang='lat' dir='ltr'>justus</span> 
     </span>
     <span class='ocr_line' id='line_1_54' title="bbox 412 3937 1911 4022; baseline 0.001 -21"><span class='ocrx_word' id='word_1_342' title='bbox 412 3958 487 4002; x_wconf 90' lang='lat' dir='ltr'>ac</span> <span class='ocrx_word' id='word_1_343' title='bbox 526 3939 979 4022; x_wconf 86' lang='lat' dir='ltr'>supersapiens</span> <span class='ocrx_word' id='word_1_344' title='bbox 1019 3941 1185 4002; x_wconf 88' lang='lat' dir='ltr'>Deus</span> <span class='ocrx_word' id='word_1_345' title='bbox 1228 3937 1489 4021; x_wconf 81' lang='lat' dir='ltr'>largitus</span> <span class='ocrx_word' id='word_1_346' title='bbox 1528 3940 1756 4002; x_wconf 89' lang='lat' dir='ltr'>fuisset</span> <span class='ocrx_word' id='word_1_347' title='bbox 1792 3940 1911 4003; x_wconf 90' lang='lat' dir='ltr'>eis-</span> 
     </span>
     <span class='ocr_line' id='line_1_55' title="bbox 415 4037 1912 4120; baseline -0.001 -19"><span class='ocrx_word' id='word_1_348' title='bbox 415 4039 560 4102; x_wconf 86' lang='lat' dir='ltr'>dem</span> <span class='ocrx_word' id='word_1_349' title='bbox 594 4045 724 4101; x_wconf 91' lang='lat' dir='ltr'>tam</span> <span class='ocrx_word' id='word_1_350' title='bbox 758 4037 1095 4120; x_wconf 82' lang='lat' dir='ltr'>inaequalia</span> <span class='ocrx_word' id='word_1_351' title='bbox 1128 4037 1494 4119; x_wconf 86' lang='lat' dir='ltr'>gratiarum,</span> <span class='ocrx_word' id='word_1_352' title='bbox 1529 4045 1912 4120; x_wconf 86' lang='lat' dir='ltr'>potestatum</span> 
     </span>
     <span class='ocr_line' id='line_1_56' title="bbox 416 4135 1915 4218; baseline -0.002 -18"><span class='ocrx_word' id='word_1_353' title='bbox 416 4145 479 4200; x_wconf 91' lang='lat' dir='ltr'>et</span> <span class='ocrx_word' id='word_1_354' title='bbox 535 4136 923 4218; x_wconf 85' lang='lat' dir='ltr'>dignitatum</span> <span class='ocrx_word' id='word_1_355' title='bbox 980 4135 1381 4210; x_wconf 87' lang='lat' dir='ltr'>charismata,</span> <span class='ocrx_word' id='word_1_356' title='bbox 1443 4136 1497 4197; x_wconf 89' lang='lat' dir='ltr'>si</span> <span class='ocrx_word' id='word_1_357' title='bbox 1561 4136 1627 4197; x_wconf 89' lang='lat' dir='ltr'>in</span> <span class='ocrx_word' id='word_1_358' title='bbox 1691 4144 1915 4198; x_wconf 88' lang='lat' dir='ltr'>natura</span> 
     </span>
    </p>
   </div>
   <div class='ocr_carea' id='block_1_15' title="bbox 2021 3149 3519 3804">
    <p class='ocr_par' dir='ltr' id='par_1_17' title="bbox 2021 3149 3519 3804">
     <span class='ocr_line' id='line_1_57' title="bbox 2024 3149 3513 3233; baseline -0.001 -21"><span class='ocrx_word' id='word_1_359' title='bbox 2024 3153 2111 3233; x_wconf 89' lang='lat' dir='ltr'>pi,</span> <span class='ocrx_word' id='word_1_360' title='bbox 2147 3151 2332 3213; x_wconf 89' lang='lat' dir='ltr'>multi</span> <span class='ocrx_word' id='word_1_361' title='bbox 2363 3151 2644 3224; x_wconf 78' lang='lat' dir='ltr'>abbateS,</span> <span class='ocrx_word' id='word_1_362' title='bbox 2678 3151 2863 3213; x_wconf 90' lang='lat' dir='ltr'>multi</span> <span class='ocrx_word' id='word_1_363' title='bbox 2893 3149 3344 3223; x_wconf 89' lang='lat' dir='ltr'>archidiaconi,</span> <span class='ocrx_word' id='word_1_364' title='bbox 3366 3157 3513 3224; x_wconf 65' lang='lat' dir='ltr'>etc„</span> 
     </span>
     <span class='ocr_line' id='line_1_58' title="bbox 2024 3245 3515 3330; baseline -0.002 -18"><span class='ocrx_word' id='word_1_365' title='bbox 2024 3249 2209 3312; x_wconf 84' lang='lat' dir='ltr'>multi</span> <span class='ocrx_word' id='word_1_366' title='bbox 2255 3249 2448 3312; x_wconf 85' lang='lat' dir='ltr'>etiam</span> <span class='ocrx_word' id='word_1_367' title='bbox 2488 3267 2686 3330; x_wconf 81' lang='lat' dir='ltr'>regeS,</span> <span class='ocrx_word' id='word_1_368' title='bbox 2721 3247 2906 3310; x_wconf 91' lang='lat' dir='ltr'>multi</span> <span class='ocrx_word' id='word_1_369' title='bbox 2951 3249 3168 3322; x_wconf 83' lang='lat' dir='ltr'>duceS,</span> <span class='ocrx_word' id='word_1_370' title='bbox 3203 3245 3515 3328; x_wconf 89' lang='lat' dir='ltr'>multique</span> 
     </span>
     <span class='ocr_line' id='line_1_59' title="bbox 2021 3345 3519 3428; baseline -0.002 -18"><span class='ocrx_word' id='word_1_371' title='bbox 2021 3349 2288 3411; x_wconf 86' lang='lat' dir='ltr'>comites</span> <span class='ocrx_word' id='word_1_372' title='bbox 2319 3356 2382 3409; x_wconf 91' lang='lat' dir='ltr'>et</span> <span class='ocrx_word' id='word_1_373' title='bbox 2412 3346 2701 3421; x_wconf 82' lang='lat' dir='ltr'>baroneS,</span> <span class='ocrx_word' id='word_1_374' title='bbox 2736 3365 2928 3428; x_wconf 91' lang='lat' dir='ltr'>quam</span> <span class='ocrx_word' id='word_1_375' title='bbox 2961 3345 3068 3408; x_wconf 90' lang='lat' dir='ltr'>illa</span> <span class='ocrx_word' id='word_1_376' title='bbox 3099 3346 3164 3409; x_wconf 90' lang='lat' dir='ltr'>in</span> <span class='ocrx_word' id='word_1_377' title='bbox 3196 3365 3322 3428; x_wconf 88' lang='lat' dir='ltr'>qua</span> <span class='ocrx_word' id='word_1_378' title='bbox 3351 3353 3519 3407; x_wconf 88' lang='lat' dir='ltr'>esset</span> 
     </span>
     <span class='ocr_line' id='line_1_60' title="bbox 2022 3444 3514 3530; baseline -0.004 -20"><span class='ocrx_word' id='word_1_379' title='bbox 2022 3449 2099 3510; x_wconf 90' lang='lat' dir='ltr'>de</span> <span class='ocrx_word' id='word_1_380' title='bbox 2165 3465 2549 3530; x_wconf 88' lang='lat' dir='ltr'>unoquoque</span> <span class='ocrx_word' id='word_1_381' title='bbox 2612 3446 2880 3508; x_wconf 91' lang='lat' dir='ltr'>istorum</span> <span class='ocrx_word' id='word_1_382' title='bbox 2943 3463 3108 3506; x_wconf 91' lang='lat' dir='ltr'>unus</span> <span class='ocrx_word' id='word_1_383' title='bbox 3166 3444 3514 3518; x_wconf 84' lang='lat' dir='ltr'>dumtaxat,</span> 
     </span>
     <span class='ocr_line' id='line_1_61' title="bbox 2021 3540 3517 3628; baseline -0.002 -21"><span class='ocrx_word' id='word_1_384' title='bbox 2021 3545 2314 3628; x_wconf 86' lang='lat' dir='ltr'>quamvis</span> <span class='ocrx_word' id='word_1_385' title='bbox 2371 3552 2582 3606; x_wconf 85' lang='lat' dir='ltr'>essent</span> <span class='ocrx_word' id='word_1_386' title='bbox 2631 3550 2721 3604; x_wconf 93' lang='lat' dir='ltr'>tot</span> <span class='ocrx_word' id='word_1_387' title='bbox 2768 3542 2998 3623; x_wconf 86' lang='lat' dir='ltr'>gradus</span> <span class='ocrx_word' id='word_1_388' title='bbox 3047 3542 3113 3604; x_wconf 90' lang='lat' dir='ltr'>in</span> <span class='ocrx_word' id='word_1_389' title='bbox 3167 3540 3517 3604; x_wconf 90' lang='lat' dir='ltr'>unitatibus</span> 
     </span>
     <span class='ocr_line' id='line_1_62' title="bbox 2021 3643 3516 3724; baseline -0.001 -20"><span class='ocrx_word' id='word_1_390' title='bbox 2021 3643 2169 3718; x_wconf 83' lang='lat' dir='ltr'>illis,</span> <span class='ocrx_word' id='word_1_391' title='bbox 2224 3643 2390 3724; x_wconf 91' lang='lat' dir='ltr'>quod</span> <span class='ocrx_word' id='word_1_392' title='bbox 2439 3649 2843 3724; x_wconf 79' lang='lat' dir='ltr'>aequarentur</span> <span class='ocrx_word' id='word_1_393' title='bbox 2897 3658 3165 3704; x_wconf 84' lang='lat' dir='ltr'>numero</span> <span class='ocrx_word' id='word_1_394' title='bbox 3222 3657 3516 3723; x_wconf 89' lang='lat' dir='ltr'>persona-</span> 
     </span>
     <span class='ocr_line' id='line_1_63' title="bbox 2021 3743 2487 3804; baseline -0.002 0"><span class='ocrx_word' id='word_1_395' title='bbox 2021 3762 2164 3804; x_wconf 89' lang='lat' dir='ltr'>rum</span> <span class='ocrx_word' id='word_1_396' title='bbox 2212 3743 2487 3804; x_wconf 86' lang='lat' dir='ltr'>illarum.</span> 
     </span>
    </p>
   </div>
   <div class='ocr_carea' id='block_1_16' title="bbox 2024 3935 3516 4116">
    <p class='ocr_par' dir='ltr' id='par_1_18' title="bbox 2024 3935 3516 4116">
     <span class='ocr_line' id='line_1_64' title="bbox 2100 3935 3516 4021; baseline -0.004 -20"><span class='ocrx_word' id='word_1_397' title='bbox 2100 3939 2283 4002; x_wconf 90' lang='lat' dir='ltr'>Nunc</span> <span class='ocrx_word' id='word_1_398' title='bbox 2332 3938 2771 4021; x_wconf 90' lang='lat' dir='ltr'>prosequenda</span> <span class='ocrx_word' id='word_1_399' title='bbox 2818 3944 2914 3998; x_wconf 91' lang='lat' dir='ltr'>est</span> <span class='ocrx_word' id='word_1_400' title='bbox 2959 3935 3227 4017; x_wconf 83' lang='lat' dir='ltr'>quaest-io</span> <span class='ocrx_word' id='word_1_401' title='bbox 3274 3936 3351 3998; x_wconf 91' lang='lat' dir='ltr'>de</span> <span class='ocrx_word' id='word_1_402' title='bbox 3400 3955 3516 3997; x_wconf 91' lang='lat' dir='ltr'>nu-</span> 
     </span>
     <span class='ocr_line' id='line_1_65' title="bbox 2024 4035 3515 4116; baseline -0.004 -16"><span class='ocrx_word' id='word_1_403' title='bbox 2024 4056 2201 4101; x_wconf 91' lang='lat' dir='ltr'>mero</span> <span class='ocrx_word' id='word_1_404' title='bbox 2240 4045 2302 4100; x_wconf 92' lang='lat' dir='ltr'>et</span> <span class='ocrx_word' id='word_1_405' title='bbox 2335 4036 2742 4098; x_wconf 89' lang='lat' dir='ltr'>multitudine</span> <span class='ocrx_word' id='word_1_406' title='bbox 2779 4035 3173 4116; x_wconf 88' lang='lat' dir='ltr'>angelorum,</span> <span class='ocrx_word' id='word_1_407' title='bbox 3205 4035 3282 4095; x_wconf 89' lang='lat' dir='ltr'>ad</span> <span class='ocrx_word' id='word_1_408' title='bbox 3322 4052 3515 4115; x_wconf 89' lang='lat' dir='ltr'>quam</span> 
     </span>
    </p>
   </div>
   <div class='ocr_carea' id='block_1_17' title="bbox 2023 4131 3808 4215">
    <p class='ocr_par' dir='ltr' id='par_1_19' title="bbox 2023 4131 3808 4215">
     <span class='ocr_line' id='line_1_66' title="bbox 2023 4131 3808 4215; baseline -0.001 -18"><span class='ocrx_word' id='word_1_409' title='bbox 2023 4136 2283 4198; x_wconf 90' lang='lat' dir='ltr'>inducta</span> <span class='ocrx_word' id='word_1_410' title='bbox 2330 4142 2426 4196; x_wconf 90' lang='lat' dir='ltr'>est</span> <span class='ocrx_word' id='word_1_411' title='bbox 2473 4132 2803 4215; x_wconf 91' lang='lat' dir='ltr'>responsio</span> <span class='ocrx_word' id='word_1_412' title='bbox 2849 4131 3208 4195; x_wconf 82' lang='lat' dir='ltr'>Alexandri.</span> <span class='ocrx_word' id='word_1_413' title='bbox 3257 4132 3342 4194; x_wconf 90' lang='lat' dir='ltr'>De</span> <span class='ocrx_word' id='word_1_414' title='bbox 3393 4150 3517 4213; x_wconf 88' lang='lat' dir='ltr'>qua</span> <span class='ocrx_word' id='word_1_415' title='bbox 3545 4152 3808 4207; x_wconf 52' lang='lat' dir='ltr'>aaronem</span> 
     </span>
    </p>
   </div>
   <div class='ocr_carea' id='block_1_18' title="bbox 416 4229 3517 4317">
    <p class='ocr_par' dir='ltr' id='par_1_20' title="bbox 416 4229 3517 4317">
     <span class='ocr_line' id='line_1_67' title="bbox 416 4229 3517 4317; baseline -0.002 -20"><span class='ocrx_word' id='word_1_416' title='bbox 416 4234 723 4317; x_wconf 86' lang='lat' dir='ltr'>specifica</span> <span class='ocrx_word' id='word_1_417' title='bbox 773 4253 955 4316; x_wconf 90' lang='lat' dir='ltr'>pares</span> <span class='ocrx_word' id='word_1_418' title='bbox 1003 4233 1295 4306; x_wconf 86' lang='lat' dir='ltr'>fuissent,</span> <span class='ocrx_word' id='word_1_419' title='bbox 1338 4233 1461 4296; x_wconf 92' lang='lat' dir='ltr'>nisi</span> <span class='ocrx_word' id='word_1_420' title='bbox 1510 4234 1723 4297; x_wconf 85' lang='lat' dir='ltr'>forsan</span> <span class='ocrx_word' id='word_1_421' title='bbox 1773 4253 1913 4316; x_wconf 86' lang='lat' dir='ltr'>pro·</span> <span class='ocrx_word' id='word_1_422' title='bbox 1942 4236 1991 4297; x_wconf 92' lang='lat' dir='ltr'><strong>D</strong></span> <span class='ocrx_word' id='word_1_423' title='bbox 2024 4253 2091 4296; x_wconf 88' lang='lat' dir='ltr'>re</span> <span class='ocrx_word' id='word_1_424' title='bbox 2131 4233 2508 4297; x_wconf 89' lang='lat' dir='ltr'>Guillelmus</span> <span class='ocrx_word' id='word_1_425' title='bbox 2557 4231 2836 4294; x_wconf 87' lang='lat' dir='ltr'>secundo</span> <span class='ocrx_word' id='word_1_426' title='bbox 2885 4230 3048 4292; x_wconf 90' lang='lat' dir='ltr'>libro</span> <span class='ocrx_word' id='word_1_427' title='bbox 3089 4230 3166 4292; x_wconf 89' lang='lat' dir='ltr'>de</span> <span class='ocrx_word' id='word_1_428' title='bbox 3211 4229 3517 4292; x_wconf 86' lang='lat' dir='ltr'>Universo</span> 
     </span>
    </p>
   </div>
   <div class='ocr_carea' id='block_1_19' title="bbox 416 4330 1924 5399">
    <p class='ocr_par' dir='ltr' id='par_1_21' title="bbox 416 4330 1924 5399">
     <span class='ocr_line' id='line_1_68' title="bbox 416 4330 1914 4415; baseline 0.001 -21"><span class='ocrx_word' id='word_1_429' title='bbox 416 4340 558 4415; x_wconf 88' lang='lat' dir='ltr'>pter</span> <span class='ocrx_word' id='word_1_430' title='bbox 584 4331 981 4395; x_wconf 90' lang='lat' dir='ltr'>differentias</span> <span class='ocrx_word' id='word_1_431' title='bbox 1012 4330 1376 4394; x_wconf 91' lang='lat' dir='ltr'>meritorum</span> <span class='ocrx_word' id='word_1_432' title='bbox 1409 4331 1695 4414; x_wconf 91' lang='lat' dir='ltr'>ipsorum</span> <span class='ocrx_word' id='word_1_433' title='bbox 1716 4352 1729 4396; x_wconf 91' lang='lat'><strong>:</strong></span> <span class='ocrx_word' id='word_1_434' title='bbox 1750 4334 1914 4414; x_wconf 91' lang='lat' dir='ltr'>quod</span> 
     </span>
     <span class='ocr_line' id='line_1_69' title="bbox 418 4429 1916 4512; baseline 0 -19"><span class='ocrx_word' id='word_1_435' title='bbox 418 4430 797 4494; x_wconf 88' lang='lat' dir='ltr'>Guillelmus</span> <span class='ocrx_word' id='word_1_436' title='bbox 836 4448 964 4492; x_wconf 93' lang='lat' dir='ltr'>non</span> <span class='ocrx_word' id='word_1_437' title='bbox 998 4430 1318 4512; x_wconf 86' lang='lat' dir='ltr'>exprimit.</span> <span class='ocrx_word' id='word_1_438' title='bbox 1352 4430 1430 4492; x_wconf 88' lang='lat' dir='ltr'>Et</span> <span class='ocrx_word' id='word_1_439' title='bbox 1467 4429 1635 4492; x_wconf 90' lang='lat' dir='ltr'>infra</span> <span class='ocrx_word' id='word_1_440' title='bbox 1672 4430 1916 4493; x_wconf 89' lang='lat' dir='ltr'>dicetur</span> 
     </span>
     <span class='ocr_line' id='line_1_70' title="bbox 418 4528 1915 4611; baseline 0 -20"><span class='ocrx_word' id='word_1_441' title='bbox 418 4528 815 4611; x_wconf 86' lang='lat' dir='ltr'>probabilius</span> <span class='ocrx_word' id='word_1_442' title='bbox 858 4548 1019 4603; x_wconf 87' lang='lat' dir='ltr'>esse,</span> <span class='ocrx_word' id='word_1_443' title='bbox 1064 4529 1232 4611; x_wconf 88' lang='lat' dir='ltr'>quod</span> <span class='ocrx_word' id='word_1_444' title='bbox 1278 4528 1387 4610; x_wconf 91' lang='lat' dir='ltr'>qui</span> <span class='ocrx_word' id='word_1_445' title='bbox 1438 4529 1915 4591; x_wconf 85' lang='lat' dir='ltr'>excellentiores</span> 
     </span>
     <span class='ocr_line' id='line_1_71' title="bbox 418 4626 1913 4710; baseline 0.001 -20"><span class='ocrx_word' id='word_1_446' title='bbox 418 4635 595 4690; x_wconf 90' lang='lat' dir='ltr'>erant</span> <span class='ocrx_word' id='word_1_447' title='bbox 639 4627 702 4690; x_wconf 89' lang='lat' dir='ltr'>in</span> <span class='ocrx_word' id='word_1_448' title='bbox 745 4627 928 4689; x_wconf 89' lang='lat' dir='ltr'>donis</span> <span class='ocrx_word' id='word_1_449' title='bbox 972 4626 1605 4710; x_wconf 89' lang='lat' dir='ltr'>perfectionibusque</span> <span class='ocrx_word' id='word_1_450' title='bbox 1653 4635 1913 4704; x_wconf 83' lang='lat' dir='ltr'>naturae,</span> 
     </span>
     <span class='ocr_line' id='line_1_72' title="bbox 418 4724 1917 4807; baseline 0 -19"><span class='ocrx_word' id='word_1_451' title='bbox 418 4726 645 4788; x_wconf 90' lang='lat' dir='ltr'>fortius</span> <span class='ocrx_word' id='word_1_452' title='bbox 690 4732 757 4787; x_wconf 91' lang='lat' dir='ltr'>et</span> <span class='ocrx_word' id='word_1_453' title='bbox 805 4724 1149 4807; x_wconf 88' lang='lat' dir='ltr'>perfectius</span> <span class='ocrx_word' id='word_1_454' title='bbox 1207 4745 1275 4788; x_wconf 91' lang='lat' dir='ltr'>se</span> <span class='ocrx_word' id='word_1_455' title='bbox 1334 4733 1783 4789; x_wconf 89' lang='lat' dir='ltr'>converterunt</span> <span class='ocrx_word' id='word_1_456' title='bbox 1838 4726 1917 4788; x_wconf 90' lang='lat' dir='ltr'>ad</span> 
     </span>
     <span class='ocr_line' id='line_1_73' title="bbox 420 4823 1917 4897; baseline -0.001 -10"><span class='ocrx_word' id='word_1_457' title='bbox 420 4823 803 4897; x_wconf 86' lang='lat' dir='ltr'>Creatorem,</span> <span class='ocrx_word' id='word_1_458' title='bbox 852 4830 917 4885; x_wconf 91' lang='lat' dir='ltr'>et</span> <span class='ocrx_word' id='word_1_459' title='bbox 964 4823 1051 4884; x_wconf 86' lang='lat' dir='ltr'>ita</span> <span class='ocrx_word' id='word_1_460' title='bbox 1109 4823 1560 4886; x_wconf 90' lang='lat' dir='ltr'>eminentiores</span> <span class='ocrx_word' id='word_1_461' title='bbox 1619 4824 1683 4886; x_wconf 88' lang='lat' dir='ltr'>in</span> <span class='ocrx_word' id='word_1_462' title='bbox 1734 4824 1917 4887; x_wconf 90' lang='lat' dir='ltr'>donis</span> 
     </span>
     <span class='ocr_line' id='line_1_74' title="bbox 418 4921 1920 5004; baseline 0 -19"><span class='ocrx_word' id='word_1_463' title='bbox 418 4923 639 5004; x_wconf 79' lang='lat' dir='ltr'>gloriae</span> <span class='ocrx_word' id='word_1_464' title='bbox 679 4928 829 4984; x_wconf 89' lang='lat' dir='ltr'>sunt</span> <span class='ocrx_word' id='word_1_465' title='bbox 857 4921 1097 4996; x_wconf 87' lang='lat' dir='ltr'>effecti,</span> <span class='ocrx_word' id='word_1_466' title='bbox 1131 4929 1321 5004; x_wconf 89' lang='lat' dir='ltr'>atque</span> <span class='ocrx_word' id='word_1_467' title='bbox 1362 4923 1427 4984; x_wconf 87' lang='lat' dir='ltr'>in</span> <span class='ocrx_word' id='word_1_468' title='bbox 1469 4922 1781 5004; x_wconf 90' lang='lat' dir='ltr'>superiori</span> <span class='ocrx_word' id='word_1_469' title='bbox 1824 4941 1920 4986; x_wconf 93' lang='lat' dir='ltr'>or-</span> 
     </span>
     <span class='ocr_line' id='line_1_75' title="bbox 420 5020 1918 5103; baseline 0 -19"><span class='ocrx_word' id='word_1_470' title='bbox 420 5022 569 5084; x_wconf 92' lang='lat' dir='ltr'>dine</span> <span class='ocrx_word' id='word_1_471' title='bbox 618 5020 907 5083; x_wconf 87' lang='lat' dir='ltr'>collocati</span> <span class='ocrx_word' id='word_1_472' title='bbox 954 5040 969 5084; x_wconf 88' lang='lat'>:</span> <span class='ocrx_word' id='word_1_473' title='bbox 1013 5021 1101 5083; x_wconf 89' lang='lat' dir='ltr'>ita</span> <span class='ocrx_word' id='word_1_474' title='bbox 1143 5022 1312 5103; x_wconf 93' lang='lat' dir='ltr'>quod</span> <span class='ocrx_word' id='word_1_475' title='bbox 1362 5021 1737 5084; x_wconf 87' lang='lat' dir='ltr'>excellentia</span> <span class='ocrx_word' id='word_1_476' title='bbox 1782 5040 1918 5103; x_wconf 86' lang='lat' dir='ltr'>gra-</span> 
     </span>
     <span class='ocr_line' id='line_1_76' title="bbox 423 5119 1919 5200; baseline 0.001 -18"><span class='ocrx_word' id='word_1_477' title='bbox 423 5121 732 5184; x_wconf 86' lang='lat' dir='ltr'>tuitorum</span> <span class='ocrx_word' id='word_1_478' title='bbox 780 5125 845 5182; x_wconf 91' lang='lat' dir='ltr'>et</span> <span class='ocrx_word' id='word_1_479' title='bbox 885 5119 1305 5200; x_wconf 86' lang='lat' dir='ltr'>gloriosorum</span> <span class='ocrx_word' id='word_1_480' title='bbox 1354 5120 1665 5183; x_wconf 90' lang='lat' dir='ltr'>donorum</span> <span class='ocrx_word' id='word_1_481' title='bbox 1715 5139 1919 5184; x_wconf 88' lang='lat' dir='ltr'>corre-</span> 
     </span>
     <span class='ocr_line' id='line_1_77' title="bbox 421 5217 1921 5301; baseline 0 -19"><span class='ocrx_word' id='word_1_482' title='bbox 421 5221 693 5301; x_wconf 89' lang='lat' dir='ltr'>spondet</span> <span class='ocrx_word' id='word_1_483' title='bbox 726 5217 793 5279; x_wconf 90' lang='lat' dir='ltr'>in</span> <span class='ocrx_word' id='word_1_484' title='bbox 825 5217 999 5300; x_wconf 82' lang='lat' dir='ltr'>ipsiS,</span> <span class='ocrx_word' id='word_1_485' title='bbox 1012 5217 1407 5280; x_wconf 85' lang='lat' dir='ltr'>excellentiis</span> <span class='ocrx_word' id='word_1_486' title='bbox 1435 5237 1509 5281; x_wconf 92' lang='lat' dir='ltr'>ac</span> <span class='ocrx_word' id='word_1_487' title='bbox 1538 5218 1921 5282; x_wconf 86' lang='lat' dir='ltr'>differentiis</span> 
     </span>
     <span class='ocr_line' id='line_1_78' title="bbox 424 5316 1924 5399; baseline 0.001 -20"><span class='ocrx_word' id='word_1_488' title='bbox 424 5316 833 5380; x_wconf 86' lang='lat' dir='ltr'>naturalium.</span> <span class='ocrx_word' id='word_1_489' title='bbox 866 5316 1022 5380; x_wconf 90' lang='lat' dir='ltr'>Nam</span> <span class='ocrx_word' id='word_1_490' title='bbox 1053 5322 1118 5379; x_wconf 89' lang='lat' dir='ltr'>et</span> <span class='ocrx_word' id='word_1_491' title='bbox 1146 5317 1312 5380; x_wconf 90' lang='lat' dir='ltr'>Deus</span> <span class='ocrx_word' id='word_1_492' title='bbox 1342 5316 1747 5399; x_wconf 88' lang='lat' dir='ltr'>omnipotens</span> <span class='ocrx_word' id='word_1_493' title='bbox 1787 5319 1924 5380; x_wconf 87' lang='lat' dir='ltr'>uni-</span> 
     </span>
    </p>
   </div>
   <div class='ocr_carea' id='block_1_20' title="bbox 2020 4327 3520 4905">
    <p class='ocr_par' dir='ltr' id='par_1_22' title="bbox 2020 4327 3520 4905">
     <span class='ocr_line' id='line_1_79' title="bbox 2021 4327 3519 4412; baseline -0.003 -17"><span class='ocrx_word' id='word_1_494' title='bbox 2021 4331 2400 4412; x_wconf 89' lang='lat' dir='ltr'>conscripsit</span> <span class='ocrx_word' id='word_1_495' title='bbox 2449 4348 2464 4393; x_wconf 92' lang='lat'>:</span> <span class='ocrx_word' id='word_1_496' title='bbox 2516 4329 2790 4403; x_wconf 74' lang='lat' dir='ltr'>Quaestio</span> <span class='ocrx_word' id='word_1_497' title='bbox 2834 4329 2954 4392; x_wconf 91' lang='lat' dir='ltr'>ista</span> <span class='ocrx_word' id='word_1_498' title='bbox 3013 4328 3280 4391; x_wconf 85' lang='lat' dir='ltr'>multam</span> <span class='ocrx_word' id='word_1_499' title='bbox 3327 4327 3519 4391; x_wconf 91' lang='lat' dir='ltr'>habet</span> 
     </span>
     <span class='ocr_line' id='line_1_80' title="bbox 2020 4430 3517 4510; baseline -0.003 -18"><span class='ocrx_word' id='word_1_500' title='bbox 2020 4430 2495 4503; x_wconf 85' lang='lat' dir='ltr'>difficultatem,</span> <span class='ocrx_word' id='word_1_501' title='bbox 2546 4436 2684 4490; x_wconf 89' lang='lat' dir='ltr'>tum</span> <span class='ocrx_word' id='word_1_502' title='bbox 2732 4435 2992 4510; x_wconf 90' lang='lat' dir='ltr'>propter</span> <span class='ocrx_word' id='word_1_503' title='bbox 3039 4445 3362 4490; x_wconf 91' lang='lat' dir='ltr'>sermones</span> <span class='ocrx_word' id='word_1_504' title='bbox 3409 4447 3517 4490; x_wconf 92' lang='lat' dir='ltr'>au-</span> 
     </span>
     <span class='ocr_line' id='line_1_81' title="bbox 2022 4525 3516 4609; baseline -0.001 -19"><span class='ocrx_word' id='word_1_505' title='bbox 2022 4528 2339 4590; x_wconf 86' lang='lat' dir='ltr'>thenticos</span> <span class='ocrx_word' id='word_1_506' title='bbox 2399 4534 2461 4590; x_wconf 89' lang='lat' dir='ltr'>et</span> <span class='ocrx_word' id='word_1_507' title='bbox 2517 4527 2834 4609; x_wconf 81' lang='lat' dir='ltr'>antiquoS,</span> <span class='ocrx_word' id='word_1_508' title='bbox 2886 4526 2997 4608; x_wconf 91' lang='lat' dir='ltr'>qui</span> <span class='ocrx_word' id='word_1_509' title='bbox 3056 4525 3178 4588; x_wconf 91' lang='lat' dir='ltr'>sibi</span> <span class='ocrx_word' id='word_1_510' title='bbox 3240 4525 3516 4589; x_wconf 89' lang='lat' dir='ltr'>invicem</span> 
     </span>
     <span class='ocr_line' id='line_1_82' title="bbox 2021 4625 3520 4707; baseline -0.003 -17"><span class='ocrx_word' id='word_1_511' title='bbox 2021 4628 2322 4690; x_wconf 86' lang='lat' dir='ltr'>videntur</span> <span class='ocrx_word' id='word_1_512' title='bbox 2365 4626 2688 4700; x_wconf 86' lang='lat' dir='ltr'>contrarii,</span> <span class='ocrx_word' id='word_1_513' title='bbox 2723 4635 2858 4688; x_wconf 88' lang='lat' dir='ltr'>tum</span> <span class='ocrx_word' id='word_1_514' title='bbox 2903 4634 3162 4707; x_wconf 88' lang='lat' dir='ltr'>propter</span> <span class='ocrx_word' id='word_1_515' title='bbox 3213 4625 3520 4706; x_wconf 85' lang='lat' dir='ltr'>urgentis-</span> 
     </span>
     <span class='ocr_line' id='line_1_83' title="bbox 2023 4723 3512 4806; baseline -0.002 -19"><span class='ocrx_word' id='word_1_516' title='bbox 2023 4725 2215 4787; x_wconf 90' lang='lat' dir='ltr'>simas</span> <span class='ocrx_word' id='word_1_517' title='bbox 2249 4725 2546 4799; x_wconf 83' lang='lat' dir='ltr'>rationeS,</span> <span class='ocrx_word' id='word_1_518' title='bbox 2579 4723 2815 4806; x_wconf 91' lang='lat' dir='ltr'>quibus</span> <span class='ocrx_word' id='word_1_519' title='bbox 2847 4723 3214 4804; x_wconf 89' lang='lat' dir='ltr'>responderi</span> <span class='ocrx_word' id='word_1_520' title='bbox 3245 4731 3512 4804; x_wconf 90' lang='lat' dir='ltr'>oportet.</span> 
     </span>
     <span class='ocr_line' id='line_1_84' title="bbox 2022 4821 3514 4905; baseline -0.001 -19"><span class='ocrx_word' id='word_1_521' title='bbox 2022 4823 2127 4886; x_wconf 84' lang='lat' dir='ltr'>Ait</span> <span class='ocrx_word' id='word_1_522' title='bbox 2158 4824 2398 4905; x_wconf 90' lang='lat' dir='ltr'>quippe</span> <span class='ocrx_word' id='word_1_523' title='bbox 2427 4822 2836 4904; x_wconf 89' lang='lat' dir='ltr'>antiquorum</span> <span class='ocrx_word' id='word_1_524' title='bbox 2877 4821 3262 4903; x_wconf 89' lang='lat' dir='ltr'>sapientium</span> <span class='ocrx_word' id='word_1_525' title='bbox 3296 4841 3464 4884; x_wconf 91' lang='lat' dir='ltr'>unus</span> <span class='ocrx_word' id='word_1_526' title='bbox 3499 4840 3514 4884; x_wconf 90' lang='lat'>:</span> 
     </span>
    </p>
   </div>
   <div class='ocr_carea' id='block_1_21' title="bbox 2023 4920 3811 5006">
    <p class='ocr_par' dir='ltr' id='par_1_23' title="bbox 2023 4920 3811 5006">
     <span class='ocr_line' id='line_1_85' title="bbox 2023 4920 3811 5006; baseline -0.001 -19"><span class='ocrx_word' id='word_1_527' title='bbox 2023 4924 2347 5006; x_wconf 90' lang='lat' dir='ltr'>Numquid</span> <span class='ocrx_word' id='word_1_528' title='bbox 2377 4931 2474 4986; x_wconf 90' lang='lat' dir='ltr'>est</span> <span class='ocrx_word' id='word_1_529' title='bbox 2503 4941 2808 4985; x_wconf 91' lang='lat' dir='ltr'>numerus</span> <span class='ocrx_word' id='word_1_530' title='bbox 2841 4920 3118 4982; x_wconf 90' lang='lat' dir='ltr'>militum</span> <span class='ocrx_word' id='word_1_531' title='bbox 3148 4921 3301 4983; x_wconf 74' lang='lat' dir='ltr'>Dei‘l</span> <span class='ocrx_word' id='word_1_532' title='bbox 3330 4921 3517 4995; x_wconf 86' lang='lat' dir='ltr'>Quasi</span> <span class='ocrx_word' id='word_1_533' title='bbox 3559 4943 3641 4987; x_wconf 59' lang='lat'>105&gt;</span> <span class='ocrx_word' id='word_1_534' title='bbox 3657 4946 3811 4994; x_wconf 65' lang='lat' dir='ltr'>xxm.</span> 
     </span>
    </p>
   </div>
   <div class='ocr_carea' id='block_1_22' title="bbox 2024 5017 3520 5300">
    <p class='ocr_par' dir='ltr' id='par_1_24' title="bbox 2024 5017 3520 5300">
     <span class='ocr_line' id='line_1_86' title="bbox 2024 5017 3517 5101; baseline -0.001 -17"><span class='ocrx_word' id='word_1_535' title='bbox 2024 5023 2214 5096; x_wconf 86' lang='lat' dir='ltr'>dicat,</span> <span class='ocrx_word' id='word_1_536' title='bbox 2249 5021 2404 5084; x_wconf 91' lang='lat' dir='ltr'>Non.</span> <span class='ocrx_word' id='word_1_537' title='bbox 2451 5021 2625 5095; x_wconf 90' lang='lat' dir='ltr'>Quod</span> <span class='ocrx_word' id='word_1_538' title='bbox 2676 5038 2791 5101; x_wconf 92' lang='lat' dir='ltr'>per</span> <span class='ocrx_word' id='word_1_539' title='bbox 2836 5017 3227 5101; x_wconf 83' lang='lat' dir='ltr'>hyperbolen</span> <span class='ocrx_word' id='word_1_540' title='bbox 3274 5019 3517 5082; x_wconf 88' lang='lat' dir='ltr'>dictum</span> 
     </span>
     <span class='ocr_line' id='line_1_87' title="bbox 2024 5117 3518 5200; baseline -0.003 -17"><span class='ocrx_word' id='word_1_541' title='bbox 2024 5139 2164 5183; x_wconf 89' lang='lat' dir='ltr'>esse</span> <span class='ocrx_word' id='word_1_542' title='bbox 2221 5119 2596 5200; x_wconf 86' lang='lat' dir='ltr'>intelligere,</span> <span class='ocrx_word' id='word_1_543' title='bbox 2648 5135 2775 5179; x_wconf 91' lang='lat' dir='ltr'>non</span> <span class='ocrx_word' id='word_1_544' title='bbox 2833 5124 2926 5178; x_wconf 91' lang='lat' dir='ltr'>est</span> <span class='ocrx_word' id='word_1_545' title='bbox 2977 5133 3234 5190; x_wconf 90' lang='lat' dir='ltr'>novum,</span> <span class='ocrx_word' id='word_1_546' title='bbox 3285 5136 3404 5179; x_wconf 90' lang='lat' dir='ltr'>nec</span> <span class='ocrx_word' id='word_1_547' title='bbox 3453 5117 3518 5179; x_wconf 90' lang='lat' dir='ltr'>in</span> 
     </span>
     <span class='ocr_line' id='line_1_88' title="bbox 2026 5213 3520 5300; baseline -0.002 -19"><span class='ocrx_word' id='word_1_548' title='bbox 2026 5218 2372 5300; x_wconf 86' lang='lat' dir='ltr'>Scripturis</span> <span class='ocrx_word' id='word_1_549' title='bbox 2418 5217 2810 5279; x_wconf 87' lang='lat' dir='ltr'>inusitatum.</span> <span class='ocrx_word' id='word_1_550' title='bbox 2854 5213 3032 5276; x_wconf 86' lang='lat' dir='ltr'>Alius</span> <span class='ocrx_word' id='word_1_551' title='bbox 3077 5233 3228 5279; x_wconf 87' lang='lat' dir='ltr'>vero</span> <span class='ocrx_word' id='word_1_552' title='bbox 3268 5215 3520 5298; x_wconf 89' lang='lat' dir='ltr'>sapiens</span> 
     </span>
    </p>
   </div>
   <div class='ocr_carea' id='block_1_23' title="bbox 2026 5314 3818 5395">
    <p class='ocr_par' dir='ltr' id='par_1_25' title="bbox 2026 5314 3818 5395">
     <span class='ocr_line' id='line_1_89' title="bbox 2026 5314 3818 5395; baseline -0.001 -15"><span class='ocrx_word' id='word_1_553' title='bbox 2026 5319 2113 5380; x_wconf 89' lang='lat' dir='ltr'>ait</span> <span class='ocrx_word' id='word_1_554' title='bbox 2147 5337 2160 5381; x_wconf 91' lang='lat'><strong>:</strong></span> <span class='ocrx_word' id='word_1_555' title='bbox 2198 5316 2423 5380; x_wconf 89' lang='lat' dir='ltr'>Omnia</span> <span class='ocrx_word' id='word_1_556' title='bbox 2464 5315 2528 5377; x_wconf 90' lang='lat' dir='ltr'>in</span> <span class='ocrx_word' id='word_1_557' title='bbox 2579 5330 2867 5387; x_wconf 91' lang='lat' dir='ltr'>numer0,</span> <span class='ocrx_word' id='word_1_558' title='bbox 2911 5314 3192 5395; x_wconf 90' lang='lat' dir='ltr'>pondere</span> <span class='ocrx_word' id='word_1_559' title='bbox 3241 5321 3305 5376; x_wconf 88' lang='lat' dir='ltr'>et</span> <span class='ocrx_word' id='word_1_560' title='bbox 3348 5333 3521 5377; x_wconf 88' lang='lat' dir='ltr'>men·</span> <span class='ocrx_word' id='word_1_561' title='bbox 3551 5337 3662 5394; x_wconf 80' lang='lat' dir='ltr'>Sap.</span> <span class='ocrx_word' id='word_1_562' title='bbox 3679 5337 3818 5388; x_wconf 65' lang='lat' dir='ltr'>nm.</span> 
     </span>
    </p>
   </div>
  </div>
 </body>
</html>
