4334 6242
589 2904 657 2962 Cf.
673 2907 773 2961 1³:13
784 2905 833 2956 D.

570 2969 635 3020 A',
656 2973 741 3012 etc.

579 4373 715 4420 Amce
730 4386 786 4427 ιιι,
800 4376 840 4420 6.

864 437 985 510 242
1434 503 1437 508 .
1528 465 1590 514 m
1630 465 1852 514 manum
1893 469 1935 512 11
1978 461 2459 512 SENTENTIARUM.
2504 482 2584 490 —
2626 461 2778 508 msr.
2826 461 2933 525 ιιι;
2977 460 3199 518 Qua-:stu
3248 461 3308 509 ιν

869 638 1153 718 potentia
1198 644 1387 720 atque
1430 639 1723 713 essentia,
1762 639 1943 719 juxta
1986 637 2154 718 quod
2204 634 2360 698 dici·
2389 632 2441 694 A
2473 641 2571 696 cta
2608 633 2968 703 Alexandri,
3001 634 3256 697 Thomae
3296 641 3361 695 et
3399 633 3854 695 Bonaventurae
3894 629 3954 692 in

868 742 993 808 tur,
1027 736 1195 817 quod
1237 736 1303 797 in
1343 736 1669 820 perpetuis
1709 755 1833 798 non
1875 735 2095 797 differt
2122 753 2260 796 esse
2299 741 2362 794 et

868 851 1073 915 posse.
1110 835 1254 897 Ideo
1284 853 1410 897 non
1441 842 1536 897 est
1566 854 1809 908 verum,
1843 835 2012 917 quod
2050 833 2113 895 in
2151 833 2363 914 primo

868 931 1131 994 instanti
1176 934 1561 997 exsistentiae
1604 935 1746 996 coeli
1791 934 1915 995 fuit
1959 940 2167 995 motus
2216 931 2363 1014 ipsi-

870 1047 975 1109 us;
1024 1031 1132 1092 sed
1184 1051 1404 1093 verum
1456 1040 1552 1093 cst
1600 1032 1769 1112 quod
1824 1031 1889 1093 in
1944 1031 2053 1093 illo
2102 1030 2362 1092 instanti

868 1126 1109 1210 incepit
1147 1129 1287 1208 ejus
1332 1137 1560 1191 166165.
1597 1129 1672 1190 Ε1
1711 1129 1831 1190 1166
1870 1129 2161 1201 verbum,
2198 1127 2364 1188 ince-

867 1225 985 1307 pit,
1018 1226 1310 1306 quamvis
1350 1226 1672 1307 significet
1708 1246 1820 1308 per
1861 1226 2119 1289 modum
2159 1233 2360 1299 actuS,

867 1340 993 1385 non
1046 1331 1257 1385 tamen
1307 1324 1463 1386 dicit
1510 1332 1723 1386 actum
1778 1333 1885 1385 aut
1935 1330 2202 1396 motum,
2254 1323 2361 1384 sed

868 1420 1345 1484 inclinationem
1378 1423 1716 1503 quamdam
1745 1423 2097 1504 proximam
2127 1420 2362 1482 actioni

868 1538 981 1581 seu
1013 1521 1212 1583 motui
1243 1538 1257 1582 ε
1286 1541 1427 1603 quae
1459 1521 1787 1583 inclinatio
1816 1529 1913 1582 cst
1941 1521 2121 1602 quasi
2156 1519 2366 1580 media

869 1616 1033 1679 inter
1072 1619 1420 1700 potentiam
1463 1619 1604 1681 coeli
1646 1628 1708 1680 et
1746 1627 1989 1680 motum
2030 1618 2190 1698 ejus.
2226 1618 2367 1679 Por-

868 1733 959 1790 r0,
993 1718 1162 1797 quod
1209 1725 1416 1780 motus
1459 1717 1695 1779 dicitur
1734 1717 1895 1779 coelo
1935 1735 2200 1788 coaevuS‚
2237 1734 2362 1777 non

2471 752 2692 806 unum,
2745 732 3014 795 dicendo
3066 750 3079 794 ε
3128 732 3406 812 Angelus
3465 750 3581 793 nec
3631 731 3698 791 in
3759 729 3956 811 primo

2470 830 2728 892 instanti
2771 830 2976 892 malus
3013 837 3260 892 creatus
3295 837 3412 904 est,
3445 847 3564 892 nec
3595 828 3802 890 bonus
3835 845 3956 888 cre-

2469 935 2631 1001 atus,
2668 927 2732 989 in
2764 928 2986 1011 eodem
3019 928 3278 991 instanti
3310 926 3666 990 voluntarie
3697 924 3956 987 cecidit:

2473 1028 2601 1089 imo
2637 1045 2754 1088 nec
2784 1035 2938 1089 tunc
2979 1027 3201 1088 cadere
3241 1027 3468 1108 potuit,
3502 1024 3742 1106 triplici
3781 1023 3961 1086 ratio-

2473 1145 2570 1187 ne.
2606 1127 2759 1198 Una,
2794 1133 3051 1207 propter
3082 1133 3373 1187 naturam
3412 1123 3772 1186 intellectus
3803 1141 3962 1184 crea-

2473 1224 2542 1298 ti,
2567 1223 2678 1305 qui
2709 1224 2894 1306 plura
2923 1224 3116 1285 simul
3149 1224 3501 1305 intelligere
3534 1222 3774 1304 nequit.
3799 1221 3963 1284 Nihil

2471 1322 2644 1384 enim
2697 1330 2910 1385 movet
2956 1323 3334 1404 appetitum,
3387 1321 3513 1384 nisi
3569 1320 3811 1384 bonum
3861 1327 3964 1382 aut

2473 1440 2694 1483 verum
2725 1427 2834 1482 aut
2862 1439 3194 1503 apparens
3225 1420 3560 1503 Appetitus
3588 1427 3804 1481 autem
3835 1418 3963 1480 veri

2471 1518 2645 1592 boni,
2698 1526 3032 1601 peccatum
3091 1538 3218 1582 non
3267 1526 3380 1580 est.
3435 1518 3772 1601 Appetitus
3820 1535 3964 1579 vero

2472 1619 2834 1701 apparentis
2877 1619 3050 1692 boni,
3083 1619 3323 1700 absque
3357 1619 3498 1699 ejus
3537 1617 3967 1700 praecognitio-

2474 1736 2552 1780 ne
2582 1736 2720 1778 esse
2751 1736 2878 1780 non
2907 1718 3111 1795 valet;
3144 1736 3263 1779 nec
3293 1717 3570 1797 cognitio
3600 1715 3750 1778 honi
3782 1735 3968 1797 appa-

869 1813 1011 1875 ideo
1041 1815 1295 1889 dicitur,
1329 1815 1497 1897 quod
1532 1815 1594 1876 in
1624 1815 1847 1877 eodem
1882 1814 2139 1875 instanti
2170 1813 2362 1874 simul
2401 1815 2446 1876 B
2475 1815 2692 1888 rentiS,
2735 1815 2872 1877 sine
2923 1816 3415 1896 praecognitione
3464 1815 3614 1877 boni
3661 1814 3966 1876 exsisten-

867 1912 992 1974 fuit
1039 1931 1186 1974 cum
1247 1914 1427 1986 coelO,
1482 1913 1590 1976 sed
1651 1913 1953 1995 quoniam
2016 1913 2079 1973 in
2138 1913 2363 1974 eodem

868 2009 1129 2072 instanti
1178 2010 1418 2092 incepit
1464 2031 1477 2074 ε
1524 2011 1635 2072 sed
1686 2010 1867 2084 illud,
1921 2010 2182 2091 incepit,
2235 2027 2362 2073 non

868 2107 1023 2169 dicit
1054 2109 1445 2182 motum‚sed
1479 2108 1956 2171 inclinationem
1986 2108 2063 2170 ad
2098 2115 2356 2171 motum.

866 2239 947 2251 —-
973 2207 1117 2269 Haec
1159 2206 1528 2268 Alexander.

945 2305 1180 2367 Verum
1240 2304 1373 2368 haec
1422 2305 1563 2386 ejus
1622 2304 1872 2386 positi0‚
1924 2313 2234 2385 quantum
2283 2304 2360 2366 ad

866 2401 986 2465 hoc
1027 2403 1195 2484 quod
1235 2403 1345 2477 ait,
1381 2422 1497 2465 nec
1529 2403 1594 2464 in
1633 2404 1877 2484 angelo,
1912 2423 2029 2465 nec
2070 2403 2135 2464 in
2175 2403 2358 2477 coelo,

866 2519 1075 2582 neque
1105 2500 1171 2562 in
1200 2500 1411 2581 aliqua
1445 2506 1732 2562 creatura
1767 2501 1831 2562 in
1862 2501 2085 2562 eodem
2125 2501 2361 2562 instan-

863 2599 911 2660 ti
962 2597 1157 2660 fuisse
1204 2599 1413 2680 primo
1459 2599 1669 2679 ipsum
1716 2617 1853 2660 esse
1898 2618 2009 2660 seu
2056 2617 2262 2680 posse,
2300 2604 2363 2659 et

866 2697 1179 2758 actionem
1224 2696 1447 2778 ipsius,
1484 2696 1818 2757 manifeste
1858 2705 1953 2758 est
1991 2704 2210 2758 contra
2237 2697 2362 2758 Au-

864 2793 1192 2873 gustinum
1248 2794 1313 2855 in
1362 2792 1653 2875 pluribus
1708 2794 1884 2868 lociS,
1930 2801 1993 2856 et
2044 2793 2403 2876 improba--

864 2902 928 2955 ta
970 2901 1065 2954 est
1108 2911 1317 2974 supra.
1355 2893 1589 2954 Eodem
1634 2911 1887 2975 quoque
1931 2893 2191 2954 instanti
2235 2911 2361 2974 quo

2471 1913 2553 1974 tis
2615 1931 2630 1975 ε
2692 1922 2754 1975 61
2812 1923 3156 1995 utrumque
3215 1913 3456 1976 bonum
3518 1912 3782 1994 angelus
3841 1930 3966 1974 non

2470 2011 2676 2092 potuit
2705 2011 3035 2073 actualiter
3076 2029 3586 2094 praecognoscere
3625 2013 3689 2073 in
3733 2011 3967 2073 instan-

2470 2109 2538 2169 ti.
2575 2108 2734 2181 Alia,
2774 2115 3032 2189 propter
3077 2117 3367 2172 naturam
3418 2109 3632 2172 liberae
3681 2109 3966 2172 volunta-

2471 2206 2572 2280 tis,
2609 2226 2748 2287 quae
2788 2226 2987 2287 quum
3028 2208 3230 2288 possit
3267 2226 3450 2288 agere
3491 2216 3553 2270 et
3594 2226 3720 2270 non
3759 2227 3962 2288 agere,

2469 2321 2722 2382 semper
2761 2318 2876 2363 suo
2913 2302 3084 2363 actui
3129 2303 3525 2383 praeexsistit.
3563 2305 3792 2378 Tertia,
3826 2322 3965 2386 pro-

2471 2408 2610 2481 pter
2649 2408 2940 2461 naturam
2983 2399 3240 2463 malitiae
3271 2401 3476 2482 culpae
3505 2402 3794 2476 actualiS,
3828 2421 3968 2483 quae

2469 2507 2564 2560 est
2610 2498 2882 2580 privatio
2923 2498 3198 2579 alicujus
3241 2500 3394 2562 boni
3429 2519 3442 2562 :
3479 2501 3546 2562 in
3588 2503 3811 2564 eodem
3863 2522 3967 2563 au-

2469 2605 2598 2659 tem
2651 2597 2910 2659 instanti
2962 2597 3131 2660 idem
3176 2597 3415 2661 honum
3462 2618 3602 2662 esse
3647 2619 3762 2681 per
3803 2619 3968 2662 crea·

2469 2694 2729 2769 tionem,
2763 2701 2827 2756 et
2865 2713 2991 2757 non
3031 2715 3168 2758 esse
3209 2715 3322 2778 per
3359 2697 3808 2779 privationem,
3843 2717 3967 2762 non

2471 2793 2694 2875 potuit.
2731 2793 2873 2856 Haec
2915 2795 3156 2856 Petrus.

2551 2892 2665 2965 Qui
2697 2892 2890 2954 etiam
2923 2891 3138 2967 refert,
3173 2896 3342 2975 quod
3377 2894 3660 2957 haeretici
3691 2915 3970 2959 asseren-

866 2991 1017 3054 luna
1069 2990 1467 3052 illuminatur
1512 3009 1549 3052 a
1602 2991 1753 3065 sole,
1804 3010 1912 3053 aer
1964 2991 2362 3054 illuminatur
2396 2996 2442 3061 G
2473 2998 2562 3052 tes
2592 2991 2890 3071 angelum
2933 2991 3172 3053 malum
3202 3011 3339 3055 esse
3372 3002 3677 3067 creatum,
3710 2994 3971 3056 fuerunt

862 3109 899 3150 a
941 3089 1109 3151 luna.

938 3187 1233 3269 Amplius
1280 3186 1499 3250 Petrus
1552 3206 1565 3251 ε
1619 3186 1863 3270 Duplex
1906 3188 2047 3268 (ait)
2089 3195 2186 3249 est
2236 3207 2360 3250 ma-

862 3285 1019 3361 lum,
1077 3305 1277 3348 unum
1337 3304 1562 3368 poenae,
1616 3286 1789 3347 aliud
1848 3286 2070 3367 culpae.
2123 3287 2356 3348 Malum

862 3400 1067 3466 poenae
1096 3402 1209 3445 seu
1239 3383 1510 3464 poenale,
1536 3384 1829 3465 quamvis
1860 3384 1942 3444 sit
1975 3384 2212 3446 malum
2245 3404 2358 3466 per

863 3481 1401 3563 comparationem
1432 3482 1509 3542 ad
1542 3481 1984 3555 sustinentem,
2013 3489 2224 3544 tamen
2255 3501 2362 3564 po·

866 3587 986 3642 test
1035 3580 1274 3641 bonum
1331 3598 1469 3641 esse
1522 3598 1636 3660 per
1683 3580 2219 3661 comparationem
2278 3584 2356 3644 ad

863 3684 1156 3758 agentem
1186 3696 1298 3739 seu
1329 3676 2069 3759 infligentem,quoniam
2098 3679 2354 3758 justum.

864 3777 1097 3840 Malum
1128 3777 1333 3858 culpae
1374 3776 1612 3839 malum
1643 3784 1737 3838 est
1770 3785 1895 3839 tam
1927 3779 2134 3859 quoad
2173 3778 2359 3840 susti-

864 3882 1146 3949 nentem,
1180 3883 1334 3957 puta
1363 3883 1675 3948 naturam,
1700 3895 1841 3956 quae
1872 3876 1981 3938 illo
2011 3877 2362 3958 corrumpi-

865 3981 990 4046 tur,
1016 3992 1209 4055 quam
1240 3973 1445 4055 quoad
1476 3981 1790 4054 agentem,
1815 3973 2111 4036 videlicet
2142 3975 2363 4036 volun-

866 4077 1083 4146 tatem,
1108 4091 1251 4153 quae
1288 4090 1404 4152 per
1442 4070 1600 4133 illud
1634 4090 1671 4130 6
1705 4090 1820 4134 566
1860 4071 1992 4134 sine
2032 4073 2357 4135 avertitur.

2468 3088 2812 3151 Manichaei.
2834 3089 2909 3150 Et
2938 3089 3110 3150 addit
3132 3090 3431 3162 :Quidam
3466 3091 3786 3163 dixerunt,
3801 3092 3968 3174 quod

2469 3186 2730 3267 angelus
2782 3186 2844 3247 in
2898 3187 3104 3268 primo
3148 3186 3407 3249 instanti
3459 3207 3589 3252 suae
3631 3189 3967 3252 creationis

2469 3284 2594 3347 fuit
2643 3284 2868 3358 maluS,
2923 3303 3048 3347 non
3101 3293 3312 3346 tamen
3365 3304 3443 3347 ex
3493 3286 3806 3363 Creatore,
3859 3288 3968 3350 sed

2469 3402 2545 3445 ex
2577 3383 2835 3464 propria
2866 3382 3188 3444 voluntate
3223 3401 3238 3444 :
3271 3384 3442 3465 quod
3476 3391 3778 3467 tanquam
3809 3403 3970 3448 erro·

2468 3501 2662 3543 neum
2706 3480 2960 3542 Parisiis
3005 3499 3120 3561 per
3160 3499 3491 3542 assensum
3535 3482 3868 3545 doctorum
3909 3493 3972 3546 et

2468 3579 2910 3642 auctoritatem
2961 3579 3245 3661 episcopi
3291 3579 3661 3642 parisiensis
3711 3581 3971 3644 Guillel-

2469 3677 2559 3740 mi
2601 3677 3009 3758 reprobatum
3042 3685 3158 3751 est,
3192 3677 3344 3759 quia
3378 3677 3432 3739 si
3469 3679 3678 3759 primo
3709 3679 3972 3744 instanti

2471 3783 2814 3858 peccasset,
2849 3785 3184 3856 peccatum
3219 3775 3376 3837 illud
3416 3776 3787 3840 inevitabile
3818 3777 3974 3842 suis-

2470 3882 2584 3936 set.
2618 3908 2698 3918 —
2726 3873 2870 3936 Haec
2910 3874 3145 3936 Petrus.
3181 3874 3298 3947 Qui
3345 3873 3413 3936 in
3453 3874 3574 3937 1166
3613 3875 3972 3940 Alexandro

2472 3973 2808 4047 consentit,
2841 3973 3009 4054 quod
3047 3973 3309 4053 angelus
3341 3972 3408 4034 in
3438 3973 3649 4055 primo
3680 3994 3811 4039 suae
3843 3995 3975 4040 cre-

2471 4072 2700 4134 ationis
2733 4072 2992 4134 instanti
3023 4090 3150 4134 non
3181 4072 3582 4155 operabatur,
3606 4074 3834 4138 saltem
3864 4075 3976 4138 eli-

866 4168 1028 4230 Hinc
1090 4169 1329 4231 malum
1400 4187 1603 4251 poenae
1668 4177 1875 4250 potest
1937 4189 2074 4232 esse
2136 4190 2174 4232 a
2237 4172 2442 4241 DeoD
2474 4170 2682 4233 citive.

869 4275 1148 4341 auctore,
1203 4267 1267 4328 in
1326 4274 1637 4348 quantum
1696 4267 1937 4329 bonum
1986 4276 2047 4330 et
2091 4268 2359 4349 justum.

872 4364 1402 4446 Unde'scriptum
1442 4371 1539 4426 est
1572 4383 1586 4428 :
1622 4365 1684 4427 Si
1726 4366 1846 4428 erit
1886 4366 2125 4428 malum
2172 4367 2236 4428 in
2282 4368 2367 4429 ci-

872 4460 1065 4526 vitate
1112 4463 1283 4544 quod
1341 4462 1647 4524 Dominus
1704 4481 1831 4526 non
1877 4464 2082 4526 fecit?
2131 4465 2364 4528 Malum

872 4577 1023 4623 vero
1070 4561 1275 4642 culpae
1330 4561 1509 4624 nullo
1568 4563 1755 4624 modo
1802 4581 1839 4625 a
1885 4563 2012 4626 Deo
2070 4570 2187 4637 est,
2241 4564 2364 4627 nisi

872 4659 1267 4742 permissive.
1302 4659 1467 4722 Deus
1505 4659 1677 4722 enim
1720 4678 1846 4723 non
1886 4669 2093 4744 potest
2128 4663 2364 4726 directe

870 4775 1009 4820 esse
1058 4775 1247 4840 66656
1294 4757 1645 4820 aversionis
1688 4779 1725 4820 a
1768 4779 1835 4821 se
1884 4760 2023 4841 ipso
2068 4779 2081 4823 ε
2126 4761 2192 4823 in
2241 4781 2368 4845 qua

870 4855 1200 4918 aversione
1231 4855 1521 4918 consistit
1546 4857 1825 4938 perfecta
1855 4858 2013 4920 ratio
2042 4860 2366 4923 mali.Haec

869 4952 1089 5016 Petrus
1137 4955 1213 5016 de
1262 4955 1405 5029 hoc,
1456 4974 1537 5018 an
1583 4955 1845 5036 angelus
1903 4957 2111 5039 potuit
2156 4977 2194 5021 a
2239 4959 2366 5022 Deo

871 5053 1077 5115 malus
1120 5054 1341 5116 creari.

950 5152 1039 5214 De
1068 5152 1189 5215 hoc
1218 5159 1455 5228 autem,
1488 5171 1568 5216 an
1600 5151 1665 5218 in
1696 5152 1905 5238 primo
1936 5153 2197 5219 instanti
2236 5174 2366 5221 suae

874 5250 1209 5318 creationis
1261 5252 1467 5338 potuit
1515 5271 1653 5316 esse
1706 5255 1932 5330 malus,
1986 5255 2226 5337 colligit
2273 5255 2364 5318 di-

2564 4269 2868 4331 Praeterea
2925 4268 3003 4331 de
3063 4269 3185 4332 isto
3243 4269 3524 4332 secundo
3583 4269 3809 4334 scribit
3867 4271 3975 4336 Ri-

2474 4367 2744 4429 chardus
2788 4385 2802 4428 :
2844 4368 3120 4448 Angelus
3167 4368 3232 4429 in
3281 4368 3488 4449 primo
3537 4368 3798 4432 instanti
3843 4390 3976 4435 suae

2474 4466 2810 4528 creationis
2856 4484 2981 4528 non
3027 4466 3234 4547 potuit
3278 4485 3344 4528 56
3387 4486 3424 4528 6
3461 4467 3590 4529 Π66
3633 4477 3918 4532 avertere
3956 4487 3972 4533 ε

2475 4564 2625 4646 quia
2665 4564 2990 4643 objectum
3039 4565 3346 4626 naturalis
3394 4572 3572 4628 actus
3622 4565 3824 4647 ipsius
3867 4586 3978 4632 vo·-

2475 4662 2757 4733 luntatis,
2810 4670 2905 4724 651
2963 4662 3202 4725 bonum
3259 4663 3593 4743 absolute3
3643 4664 3976 4744 objectum

2473 4768 2686 4822 autem
2728 4759 3072 4822 voluntatis
3108 4760 3560 4836 deliberativae,
3595 4769 3692 4824 est
3727 4761 3976 4828 bonum

2475 4859 2540 4921 in
2602 4857 2905 4921 relatione
2954 4859 3087 4921 sive
3136 4858 3213 4921 ad
3267 4858 3489 4934 finem,
3540 4861 3675 4922 sive
3722 4861 3800 4923 ad
3849 4864 3978 4925 cir-

2475 4957 2945 5032 cumstantiam,
2997 4957 3130 5020 sive
3177 4957 3256 5020 ad
3305 4957 3654 5038 objectum,
3707 4960 3840 5024 sive
3889 4963 3978 5026 ad

2473 5057 2715 5138 aliquid
2755 5056 2947 5119 aliud.
2983 5056 3218 5136 Regula
3257 5073 3510 5137 quoque
3545 5064 3753 5119 creata
3789 5065 3980 5124 actus

2473 5156 2778 5219 naturalis
2813 5156 3175 5231 voluntatis,
3209 5163 3304 5218 est
3331 5156 3652 5220 dictamen
3681 5158 3979 5222 naturale

2475 5254 2835 5319 intellectus
2849 5271 2868 5336 ;
2919 5255 3136 5337 regula
3186 5270 3336 5318 vero
3392 5261 3571 5318 actus
3623 5255 3982 5326 voluntatis
