4334 6242
122 2377 255 2416 aar.

659 517 959 576 QUALJTER
1000 520 1277 568 cocmrto
1318 519 1631 566 MATUHNA
1672 518 1747 564 ET
1788 517 2163 564 vBsPBnTINA
2207 515 2690 563 manGUUNTUu
2731 515 2794 562 IN
2836 513 3092 562 ANGELIS

3303 492 3424 558 299

324 699 475 754 sunt
505 691 815 766 distincti,
850 692 913 756 id
943 699 1039 754 est
1068 691 1149 754 ab
1186 691 1427 772 angelis
1468 691 1671 752 maliS.
1706 689 1827 751 An·
1855 687 1905 750 A
1936 687 2403 769 spondendum,
2438 687 2608 769 quod
2650 687 2790 748 duae
2833 685 3228 767 operationes
3265 683 3432 764 ejus-

325 791 452 870 geli
510 809 667 854 vero
725 791 877 854 boni
942 797 1390 872 cognoscentes
1448 797 1824 860 creaturam,

327 907 455 951 non
488 889 780 970 figuntur
812 889 879 951 in
914 907 1009 962 ea,
1044 889 1213 970 quod
1242 895 1408 949 esset
1438 886 1831 948 tenebresce-

326 1006 393 1048 re
438 996 825 1069 noctemque
869 986 1053 1065 fieri3
1094 986 1205 1049 sed
1247 985 1531 1048 referunt
1568 1004 1705 1047 eam
1750 983 1829 1045 ad

325 1086 439 1148 Dei
484 1085 762 1160 laudem,
797 1086 863 1148 in
895 1103 1021 1168 quo
1050 1085 1219 1147 sicut
1249 1085 1313 1146 in
1350 1083 1669 1166 principio
1697 1101 1831 1146 om-

327 1184 436 1245 nia
484 1191 778 1246 noscunt.
832 1184 1077 1247 Idcirco
1126 1191 1269 1265 post
1311 1200 1639 1264 vesperam
1701 1199 1831 1244 non

327 1283 593 1363 ponitur
640 1301 787 1356 nox,
836 1283 946 1344 sed
998 1300 1183 1344 mane
1229 1301 1244 1345 :
1291 1281 1377 1342 ita
1428 1281 1595 1362 quod
1645 1299 1831 1342 mane

326 1380 409 1441 sit
453 1380 609 1442 finis
660 1380 1077 1462 praecedentis
1119 1379 1270 1452 diei,
1315 1379 1831 1461 principiumque

328 1478 681 1560 sequentis,
717 1480 781 1541 in
814 1487 1125 1560 quantum
1165 1478 1371 1559 angeli
1404 1477 1833 1558 cognitionem

328 1575 543 1656 operis
612 1577 1029 1657 praecedentis
1092 1576 1169 1638 ad
1232 1575 1482 1637 laudem
1549 1574 1834 1636 referunt

329 1673 664 1735 Creatoris.
700 1673 991 1736 Meridies
1027 1681 1241 1736 autem
1272 1671 1836 1754 comprehenditur

326 1769 449 1832 sub
496 1771 757 1832 nomine
800 1771 949 1845 diei,
991 1779 1293 1852 tanquam
1341 1771 1621 1832 medium
1670 1769 1834 1831 inter

1936 787 2082 848 dem
2140 785 2439 868 potentiae
2498 790 2762 868 possunt
2811 783 3004 846 simul
3063 783 3430 855 consistere,

1936 885 2087 948 dum
2139 905 2266 947 una
2308 885 2581 947 refertur
2621 885 2699 946 ad
2743 883 2932 946 aliam
2970 902 2984 946 ε
3019 891 3087 944 ut
3131 882 3283 944 dum
3327 899 3436 944 vo-

1940 983 2147 1047 luntas
2195 983 2388 1046 simul
2437 984 2575 1045 vult
2621 983 2820 1045 finem
2869 990 2932 1044 et
2979 1000 3054 1043 ea
3099 999 3242 1062 quae
3289 986 3440 1043 sunt

1938 1082 2015 1144 ad
2058 1081 2295 1160 finem;
2330 1081 2690 1144 intellectus
2730 1098 2984 1162 quoque
3024 1079 3218 1142 simul
3260 1078 3442 1141 intel-

1942 1180 2079 1262 ligit
2137 1179 2456 1262 principia
2512 1187 2576 1242 et
2631 1179 3071 1241 conclusiones
3129 1195 3243 1260 per
3300 1175 3441 1258 ipsa

1943 1279 2279 1361 principia,
2323 1279 2577 1360 quando
2619 1277 2892 1359 acquirit
2933 1275 3286 1339 scientiam.
3330 1275 3442 1338 Co-

1940 1377 2142 1457 gnitio
2182 1395 2332 1439 vero
2377 1377 2440 1438 in
2483 1376 2724 1457 angelis
2764 1375 3127 1457 vespertina
3168 1372 3441 1435 refertur

1940 1475 2017 1538 ad
2078 1476 2477 1548 matutinam,
2528 1475 2878 1537 secundum
2939 1471 3364 1552 Augustinum
3421 1488 3435 1532 :

1943 1574 2085 1637 ideo
2127 1573 2323 1635 simul
2364 1591 2504 1634 esse
2547 1579 2830 1654 possunt.
2865 1571 3008 1633 Haec
3054 1570 3242 1632 idem.
3321 1611 3326 1620 ·

2020 1673 2102 1736 At
2127 1690 2280 1734 vero
2318 1673 2536 1734 Petrus
2576 1671 2674 1733 his
2715 1687 3068 1732 consonans
3103 1686 3117 1731 :
3152 1667 3440 1748 Cognitio

1942 1772 2210 1853 (inquit)
2239 1771 2547 1833 matutina
2578 1771 2643 1832 in
2672 1769 2900 1842 Verbo,
2936 1776 3140 1851 potest
3171 1767 3298 1830 dici
3329 1767 3442 1828 du-

328 1867 456 1929 duo
494 1876 817 1946 extrema3
859 1868 960 1930 vel
1010 1876 1217 1950 potest
1260 1867 1481 1930 referri
1534 1866 1831 1928 meridies
1868 1867 1915 1928 B
1944 1871 2219 1954 pliciter,
2254 1870 2498 1932 scilicet
2535 1888 2548 1932 :
2584 1868 2978 1950 imperfecta,
3015 1886 3127 1949 per
3157 1866 3440 1948 speciem

327 1967 404 2028 ad
447 1967 559 2028 Dei
606 1967 1058 2048 cognitionem,
1090 1987 1233 2049 quae
1274 1985 1400 2029 non
1442 1965 1631 2028 habet
1664 1964 1833 2047 prin-

332 2065 578 2146 cipium
622 2084 831 2148 neque
875 2066 1095 2128 finem.
1136 2067 1277 2128 Haec
1319 2065 1607 2127 Thomas.

413 2164 701 2245 Denique
730 2164 808 2225 ad
843 2163 1256 2246 quaestionem
1294 2163 1475 2236 hanc,
1505 2170 1718 2224 utrum
1752 2160 1835 2222 sit.

332 2280 459 2323 una
506 2261 787 2342 cognitio
836 2263 1146 2324 matutina
1193 2269 1257 2323 et
1304 2259 1685 2342 vespertina,
1738 2277 1833 2320 re-

331 2361 605 2442 spondet
638 2377 653 2422 :
684 2361 870 2422 Juxta
899 2359 1267 2443 praehabita,
1292 2359 1571 2440 cognitio
1598 2357 1835 2421 dicitur

334 2459 697 2540 vespertina
738 2458 1091 2521 secundum
1124 2458 1293 2540 quod
1333 2456 1595 2537 angelus
1630 2455 1835 2518 noscit

331 2575 470 2618 esse
514 2575 725 2618 rerum
770 2556 833 2617 in
880 2557 1139 2638 propria
1174 2574 1397 2618 eorum
1442 2563 1685 2627 natura,
1721 2571 1833 2615 seu

332 2663 522 2736 prout
564 2653 630 2715 in
672 2673 739 2716 se
782 2654 935 2736 ipsis
976 2653 1311 2716 exsistunt.
1346 2653 1521 2726 Quod
1564 2671 1677 2734 per
1708 2670 1835 2713 me-

330 2753 511 2814 dium
558 2751 795 2833 duplex
839 2752 1183 2832 cognoscit,
1218 2758 1391 2834 puta,
1433 2769 1547 2832 per
1588 2750 1833 2831 speeies

332 2851 603 2924 innataS,
636 2858 825 2932 atque
869 2869 983 2931 per
1022 2851 1297 2912 rationes
1341 2867 1555 2910 rerum
1601 2848 1833 2910 ideales

332 2951 709 3012 exsistentes
750 2949 815 3011 in
846 2948 1069 3011 Verbo.
1104 2948 1345 3029 Nempe
1380 2947 1656 3010 videndo
1689 2947 1836 3008 Ver-

1944 1975 2219 2031 creatam
2270 1975 2595 2049 acceptam
2642 1987 2678 2028 a
2726 1965 2973 2044 Verbo;
3024 1973 3086 2027 et
3138 1963 3439 2046 perfecta,

1945 2087 2059 2150 per
2100 2067 2379 2148 speciem
2422 2065 2610 2127 Verbi
2661 2065 2880 2146 ipsius,
2917 2064 3189 2127 Primam
3234 2061 3442 2142 angeli

1943 2185 1981 2228 a
2020 2165 2338 2248 principio
2382 2163 2777 2242 habuerunt3
2819 2163 3162 2225 secundam
3211 2160 3273 2222 in
3317 2161 3446 2242 glo-

1946 2264 2302 2327 rificatione
2333 2270 2734 2345 acceperunt.
2753 2263 2872 2325 Sed
2906 2261 3200 2343 quoniam
3237 2261 3446 2342 prima

1946 2364 2056 2426 illa
2094 2363 2374 2444 cognitio
2413 2379 2537 2423 non
2572 2361 2825 2424 videtur
2863 2359 3124 2423 differre
3158 2379 3195 2422 a
3233 2357 3444 2440 cogni-

1944 2462 2115 2525 tione
2148 2480 2360 2524 rerum
2401 2461 2462 2523 in
2503 2460 2762 2543 proprio
2790 2477 3020 2540 genere
3051 2477 3166 2540 per
3195 2457 3442 2540 species

1946 2559 2212 2633 innatas,
2255 2559 2406 2622 hinc
2453 2559 2664 2621 verius
2704 2557 2977 2630 videtur,
3021 2557 3186 2638 quod
3232 2555 3440 2636 angeli

1946 2658 2096 2720 mali
2140 2657 2362 2731 futuri,
2397 2674 2726 2738 nunquam
2767 2655 3066 2718 viderunt
3109 2654 3173 2716 in
3212 2653 3436 2716 Verbo.

1944 2756 2086 2818 llaec
2128 2755 2366 2817 Petrus.

2024 2853 2375 2916 Richardus
2414 2870 2564 2915 vero
2599 2871 2612 2916 ε
2647 2851 2935 2933 Cognitio
2962 2850 3106 2932 (ait)
3137 2850 3447 2912 matutina

1945 2951 2284 3034 tripliciter
2335 2951 2587 3012 dicitur.
2631 2950 2862 3022 Primo,
2907 2948 3184 3029 cognitio
3229 2967 3444 3010 rerum

331 3046 513 3120 bum,
556 3065 683 3108 non
734 3046 941 3108 solum
993 3052 1381 3126 cognoscunt
1430 3063 1569 3107 esse
1620 3063 1833 3106 rerum
1873 3047 2011 3112 Cin
2044 3049 2262 3110 divina
2290 3048 2586 3122 essentia,
2621 3067 2809 3129 quam
2853 3047 3060 3127 angeli
3102 3046 3442 3120 intuenteS,

333 3146 500 3227 quod
550 3145 788 3206 habent
837 3143 901 3205 in
947 3144 1174 3216 Verbo,
1219 3144 1330 3206 sed
1378 3151 1441 3205 et
1489 3142 1647 3205 illud
1695 3161 1835 3204 esse

333 3243 500 3325 quod
544 3242 611 3303 in
653 3241 909 3324 propria
950 3241 1185 3303 habent
1225 3248 1449 3304 natura
1483 3257 1497 3302 ε
1532 3241 1835 3322 quemad-

333 3341 594 3404 modum
644 3341 809 3402 Deus
859 3339 1133 3402 videndo
1184 3358 1274 3412 se,
1327 3339 1649 3420 cognoscit
1695 3355 1834 3402 esse

334 3457 546 3500 rerum
584 3437 753 3518 quod
795 3436 1030 3500 habent
1070 3437 1133 3498 in
1178 3437 1337 3520 ipso,
1370 3445 1434 3499 et
1462 3437 1654 3500 etiam
1696 3455 1833 3498 esse

332 3537 500 3618 quod
535 3537 598 3597 in
639 3545 861 3598 natura
891 3537 1150 3618 propria
1178 3536 1433 3598 habent.
1470 3537 1533 3599 Si
1567 3554 1715 3616 ergo
1745 3536 1837 3596 di-

334 3642 510 3696 catur
548 3632 830 3712 cognitio
869 3634 1231 3715 vespertina
1269 3635 1619 3696 secundum
1665 3634 1833 3715 quod

334 3731 595 3812 angelus
642 3731 848 3794 noscit
892 3750 991 3793 res
1038 3732 1103 3793 in
1154 3733 1411 3814 propria
1454 3741 1698 3803 natura,
1742 3731 1833 3793 vi-

334 3831 537 3893 dendo
569 3830 637 3891 in
670 3829 810 3911 ipso
842 3829 1081 3908 Verb03
1124 3830 1215 3891 sic
1246 3831 1597 3892 secundum
1632 3849 1835 3892 essen-

332 3929 484 3990 tiam
532 3947 661 3990 una
703 3935 767 3990 et
804 3928 1023 3990 eadem
1068 3936 1163 3990 est
1208 3928 1483 4008 cognitio
1527 3929 1835 3991 matutina

335 4035 390 4088 et
437 4027 824 4109 vespertina,
869 4025 1175 4088 differens
1224 4026 1430 4088 solum
1481 4028 1833 4089 secundum

334 4126 605 4206 cognita.
641 4125 705 4187 Si
751 4133 965 4187 autem
1014 4124 1293 4205 cognitio
1337 4125 1699 4206 vespertina
1742 4125 1834 4186 di-

1946 3147 2137 3210 simul
2194 3148 2258 3208 in
2302 3165 2376 3208 ea
2421 3145 2750 3208 intuentur
2793 3152 2856 3206 et
2899 3144 3040 3207 alia.
3086 3143 3316 3225 Sicque
3365 3142 3446 3205 ab

1946 3244 2300 3326 Augustino
2362 3243 2677 3325 accipitur
2733 3242 3082 3324 quaestione
3141 3241 3448 3303 vicesima

1945 3352 2121 3406 sexta
2162 3343 2239 3405 ad
2281 3342 2595 3414 Orosium‚
2631 3340 2739 3403 ubi
2783 3348 3048 3403 testatur
3082 3357 3096 3400 ε
3132 3339 3446 3402 Creaturae

1946 3441 2224 3522 cognitio
2258 3441 2322 3502 in
2364 3439 2707 3521 semetipsa
2736 3457 3020 3520 vespera,
3057 3436 3120 3498 in
3154 3437 3282 3499 Deo
3311 3445 3444 3498 erat

1947 3558 2155 3614 mane,
2191 3538 2492 3621 quoniam
2536 3538 2679 3620 plus
2720 3545 2777 3599 et
2821 3537 3052 3598 clarius
3088 3536 3339 3599 videtur
3380 3535 3444 3597 in

1946 3640 2074 3701 Deo
2124 3656 2315 3719 quam
2370 3636 2434 3697 in
2481 3655 2549 3698 se
2595 3635 2751 3717 ipsa.
2795 3634 2968 3698 Unde
3019 3643 3277 3716 propter
3325 3635 3448 3696 cla-

1946 3736 2198 3798 ritatem
2247 3734 2627 3815 cognitionis
2671 3733 2856 3795 istius
2901 3740 3162 3795 vocatur
3203 3732 3284 3794 ab
3323 3733 3448 3795 Au-

1944 3835 2201 3915 gustino
2230 3833 2571 3914 aliquando
2605 3831 2973 3904 meridiana,
3006 3837 3074 3891 ut
3105 3850 3303 3912 quum
3345 3850 3447 3892 su-

1947 3951 2060 4014 per
2092 3930 2388 3994 Genesim
2430 3929 2549 3991 hoc
2589 3928 2867 3990 affirmat
2905 3947 2919 3991 :
2953 3928 3157 4001 Quum
3201 3927 3284 3989 sit
3325 3947 3449 3990 una

1946 4031 2103 4103 dies,
2138 4047 2212 4091 ea
2253 4047 2393 4109 quae
2444 4026 2610 4089 facta
2659 4033 2828 4099 sunt,
2873 4026 2937 4087 in
2980 4025 3269 4088 Creatore
3320 4027 3447 4108 pri-

1948 4128 2163 4200 mituS,
2215 4134 2278 4189 et
2328 4126 2392 4187 in
2453 4124 2610 4206 ipsis
2667 4123 2928 4204 angelus
2987 4131 3449 4204 consequenter

338 4231 513 4284 catur
560 4223 915 4285 secundum
966 4223 1135 4303 quod
1189 4222 1395 4302 angeli
1448 4230 1835 4302 cognoscunt
1870 4224 1919 4285 D
1946 4242 2316 4305 agnoscenS,
2351 4241 2469 4284 nec
2507 4222 2571 4284 in
2613 4222 2769 4304 ipsis
2811 4240 3167 4294 remanenS‚
3201 4221 3310 4282 sed
3346 4238 3448 4282 eo-

337 4339 469 4382 esse
502 4339 719 4382 rerum
752 4320 815 4382 in
852 4319 1107 4401 propria
1148 4319 1429 4401 ipsarum
1472 4327 1695 4382 natura
1724 4339 1837 4401 per

338 4417 571 4480 formas
628 4418 895 4490 innataS,
948 4418 1041 4479 sic
1091 4418 1215 4479 alia
1262 4426 1357 4478 est
1406 4417 1683 4498 cognitio
1731 4437 1836 4479 ve-

338 4517 617 4598 spertina
665 4524 729 4577 et
778 4516 1107 4578 matutina.
1162 4516 1392 4597 Sicque
1442 4517 1693 4578 videtur
1744 4516 1835 4578 in-

338 4614 621 4696 telligere
679 4613 1093 4694 AugustinuS,
1155 4614 1424 4676 dicendo
1483 4634 1673 4676 unam
1736 4634 1834 4677 re-

336 4720 553 4794 spectu
602 4711 862 4773 alterius
909 4711 1373 4793 imperfectam.
1408 4747 1483 4757 —
1517 4713 1577 4774 Si
1623 4722 1835 4775 autem

336 4810 699 4891 objiciatur,
732 4810 900 4891 quod
943 4809 1339 4892 impossibile
1369 4819 1467 4872 est
1499 4830 1687 4872 unam
1731 4829 1839 4892 po-

337 4909 597 4971 tentiam
630 4907 824 4970 simul
855 4907 1011 4970 duas
1040 4909 1439 4990 operationes
1471 4908 1703 4970 habere
1733 4927 1747 4970 ε
1782 4909 1835 4971 si

336 5025 481 5088 ergo
528 5005 809 5086 cognitio
854 5007 1215 5088 vespertina
1254 5015 1417 5068 esset
1462 5007 1585 5068 alia
1626 5027 1660 5068 a
1708 5026 1835 5068 ma-

338 5105 559 5178 tutina,
611 5124 813 5186 quum
863 5105 1085 5184 angeli·
1133 5104 1563 5166 indesinenter
1610 5123 1835 5186 cogno·

337 5212 509 5264 scant
538 5203 875 5265 actualiter
906 5211 1133 5265 cuncta
1168 5203 1231 5264 in
1260 5201 1488 5276 Verbo,
1507 5223 1833 5285 nunquam

337 5308 784 5383 cognoscerent
844 5319 918 5363 ea
976 5302 1041 5362 in
1099 5300 1359 5383 proprio
1416 5319 1664 5382 genere.
1720 5303 1832 5366 Re·

1948 4340 2089 4383 rum
2122 4321 2548 4402 cognitionem
2591 4318 3006 4400 posteriorem
3037 4318 3114 4378 ad
3148 4318 3257 4379 Dei
3291 4317 3447 4380 refe-

1949 4439 2091 4482 rens
2124 4418 2557 4490 dilectionem,
2581 4435 2912 4498 vesperam
2945 4425 3008 4478 et
3041 4435 3222 4478 mane
3252 4424 3442 4497 atquc

1948 4517 2281 4579 meridiem
2335 4516 2397 4577 in
2451 4514 2749 4578 omnibus
2809 4514 3100 4595 praebuit,
3154 4532 3279 4577 non
3331 4533 3445 4596 per

1947 4635 2153 4678 moras
2218 4624 2601 4696 temporum,
2665 4613 2774 4675 sed
2838 4621 3096 4695 propter
3152 4613 3440 4676 ordinem

1947 4714 2368 4776 conditorum.
2403 4713 2576 4774 Hanc
2605 4711 3030 4792 cognitionem
3067 4711 3444 4773 matutinam

1946 4811 2152 4892 angeli
2189 4811 2337 4873 mali
2370 4828 2697 4891 nunquam
2731 4809 3110 4882 habuerunt,
3131 4809 3295 4871 sicut
3327 4827 3446 4872 nec

1948 4911 2145 4972 Deum
2183 4929 2296 4990 per
2325 4909 2606 4991 speciem
2641 4915 3128 4990 conspexerunt..
3155 4908 3447 4970 Secundo

1947 5009 2182 5070 (licitur
2226 5007 2504 5088 cognitio
2549 5007 2880 5079 matutina,
2922 5025 3046 5088 qua
3094 5006 3300 5087 angeli
3349 5024 3448 5067 co-

1946 5114 2303 5188 gnoverunt
2345 5125 2444 5167 res
2492 5105 2556 5166 in
2602 5123 2670 5166 se
2716 5104 2869 5186 ipsis
2913 5123 3026 5186 per
3068 5104 3445 5186 sapientiam

1948 5205 2041 5266 eis
2073 5211 2492 5275 concreatam‚
2527 5203 2646 5265 hoc
2677 5211 2772 5263 est
2803 5221 2916 5284 per
2945 5203 3189 5283 species
3229 5221 3445 5263 rerum

1949 5303 2069 5366 sibi
2115 5303 2383 5374 innataS,
2419 5300 2752 5363 referendo
2787 5299 3132 5364 deliberata
3163 5301 3446 5366 volunta-
