4334 6242
666 538 868 585 {mimi
910 537 1166 585 ANGEus
1208 536 1456 584 SANCTIS
1499 535 1842 584 coanNtAT
1883 534 2134 583 mvlcssu
2175 536 2477 594 PURGARE,
2521 535 2911 592 ILLUHINARE,
2954 531 3283 580 Pmmcnnss

3403 512 3519 578 501

426 708 600 772 enim
640 709 953 791 corporali
981 710 1124 772 visu
1163 709 1325 772 nihil
1351 709 1606 772 videtur
1643 708 1767 770 nisi
1799 707 1919 770 sub
1947 705 2000 770 A
2032 716 2101 768 ut
2139 707 2465 788 objectum
2511 706 2925 770 beatitudinis
2962 713 3026 768 et
3064 723 3179 788 per
3216 703 3519 786 speciem,

423 806 667 870 lumine
707 806 1168 881 manifestetur,
1203 808 1294 870 sic
1326 807 1466 870 visu
1504 806 1919 869 intellectuali

419 904 579 967 nihil
630 905 1010 987 intelligitur
1051 906 1172 968 nisi
1220 904 1340 968 sub
1384 905 1627 967 lumine
1677 903 1918 966 intelle-

419 1003 633 1065 ctuali.
655 1003 862 1086 Atque
891 1005 968 1067 ad
999 1005 1118 1066 hoc
1150 1005 1213 1065 in
1245 1003 1641 1067 naturalibus
1672 1000 1919 1065 sufficit

419 1102 638 1164 lumen
680 1103 1040 1166 intellectus
1069 1103 1334 1185 agentis.
1370 1103 1438 1165 In
1473 1111 1917 1184 supernatura-

417 1200 588 1262 libus
618 1218 772 1263 vero
801 1201 1146 1283 requiritur
1177 1201 1654 1284 superadditum
1686 1200 1915 1275 lumen,

416 1297 589 1380 quod
618 1298 1175 1380 superinfunditur
1204 1299 1433 1361 lumini
1463 1299 1920 1381 naturali,qua-

416 1403 604 1458 tenus
635 1396 997 1460 intellectus
1025 1397 1350 1480 possibilis
1381 1405 1642 1479 utroque
1676 1396 1917 1460 lumine

417 1494 822 1570 informatus,
855 1494 1067 1557 videat
1114 1515 1256 1578 quae
1302 1502 1448 1558 ante
1497 1495 1784 1558 nescivit.
1827 1495 1916 1558 Ex

417 1594 605 1656 tertio
647 1601 860 1656 autem
906 1591 1161 1675 perficit
1194 1611 1208 1655 ε
1241 1592 1394 1675 quia
1431 1611 1546 1675 per
1580 1593 1791 1674 ipsum
1827 1593 1917 1656 in-

315 1763 324 1776 ,
417 1691 708 1754 tellectus
756 1691 1084 1754 reducitur
1131 1693 1210 1754 ad
1253 1699 1465 1754 actum
1509 1691 1912 1772 cognit-ioniS,

416 1808 544 1853 non
603 1790 809 1853 solum
863 1789 1038 1852 illius
1096 1791 1188 1853 rei
1237 1790 1422 1871 cujus
1481 1790 1640 1852 illud
1697 1783 1914 1853 lumen

2029 807 2138 868 sed
2190 806 2255 868 in
2305 814 2615 888 quantum
2666 804 3028 888 resplendet
3070 804 3136 866 in
3184 801 3524 885 superiori-

2028 903 2169 978 bus,
2204 922 2331 968 non
2370 904 2659 968 obstante
2688 905 2858 987 quod
2888 905 2966 967 de
3006 901 3249 966 infimis
3282 900 3522 983 angelis

2025 1002 2113 1064 ait
2155 1003 2439 1065 Salvator
2472 1021 2486 1065 :
2520 1003 2742 1084 Angeli
2780 1021 3001 1066 eorum
3040 1003 3106 1064 in
3146 1001 3324 1064 coelis
3361 1018 3522 1063 sem·
3599 1026 3776 1072 uam,

2026 1120 2140 1182 per
2168 1101 2389 1164 vident
2422 1102 2646 1164 faciem
2686 1102 2884 1164 Patris
2915 1102 3060 1164 mei.
3095 1101 3173 1162 Et
3208 1101 3285 1162 de
3314 1099 3522 1162 homi-
3544 1103 3660 1142 xvm.
3684 1093 3749 1136 ¹⁰·

2026 1199 2218 1263 nibus
2276 1201 2436 1264 dixit
2490 1201 2828 1284 Apostolus
2882 1219 2896 1262 ε
2944 1199 3316 1262 Videbimus
3371 1217 3519 1261 eum
3548 1221 3812 1278 mmmm,

2027 1299 2215 1362 sicuti
2246 1306 2361 1362 est.
2386 1300 2533 1374 Alii,
2557 1307 2628 1362 ut
2652 1299 2832 1381 Hugo
2863 1299 2939 1360 de
2970 1298 3029 1360 S.
3054 1297 3324 1372 Victore,
3350 1314 3519 1360 com·
3546 1288 3589 1330 ²·

2030 1405 2343 1460 mentator
2367 1398 2421 1461 S.
2446 1397 2729 1482 Dionysii
2756 1415 2947 1480 super
2969 1394 3334 1477 Angelicam
3363 1394 3523 1457 hier-

2043 1496 2354 1571 archiam,
2390 1497 2593 1559 etalii
2635 1496 2849 1579 plures
2886 1495 3217 1576 Hugonem
3258 1510 3524 1575 sequen-

2028 1602 2144 1669 teS,
2206 1613 2333 1658 non
2405 1594 2830 1675 intelligentes
2895 1593 3173 1674 aliquam
3240 1591 3523 1654 divinam

2029 1692 2561 1756 illuminationem
2618 1693 2743 1754 nisi
2800 1691 2975 1754 illam
3036 1710 3176 1773 quae
3228 1697 3324 1753 est
3381 1688 3529 1752 sub-

2027 1791 2257 1853 stantia
2289 1789 2719 1864 beatitudiniS,
2739 1789 2951 1872 potius
2982 1795 3529 1872 praesumpserunt

415 1895 618 1950 exstat
665 1887 826 1961 idea,
862 1889 925 1951 id
972 1897 1070 1951 est
1117 1888 1342 1963 forma,
1377 1889 1487 1952 sed
1535 1889 1728 1951 etiam
1777 1888 1912 1962 Dei,
1949 1887 1996 1949 B
2027 1888 2459 1953 contradicere
2506 1887 2907 1952 sermonibus
2952 1888 3186 1963 Sancti,
3224 1895 3525 1969 negantes

414 1985 600 2066 cujus
641 1987 996 2051 similitudo
1025 1995 1120 2050 est
1159 1986 1378 2050 lumen
1419 1986 1599 2060 illud,
1633 1994 1704 2048 ut
1731 1986 1916 2049 aliter

414 2093 832 2165 cognoscatur
877 2105 1068 2169 quam
1109 2087 1310 2169 priuS,
1344 2085 1643 2149 videlicet
1689 2093 1761 2147 ut
1809 2104 1914 2147 ex-

413 2183 662 2265 emplar
689 2192 753 2246 et
784 2203 974 2248 causa
1003 2184 1176 2247 illius
1207 2182 1501 2258 effectus,
1529 2183 1639 2265 qui
1676 2184 1740 2245 in
1774 2183 1914 2264 ipso

413 2283 832 2363 cognoscitur.
859 2283 962 2345 Sic
993 2283 1232 2365 quippe
1265 2282 1628 2364 philosophi
1658 2300 1913 2364 quoque

413 2387 764 2462 posuerunt
804 2380 1094 2443 ultimam
1137 2381 1337 2443 nostri
1378 2379 1736 2442 intellectus
1777 2399 1915 2462 per-

411 2477 755 2541 fectionem
789 2478 854 2540 in
886 2479 1005 2541 hoc
1033 2479 1202 2560 quod
1236 2497 1349 2559 per
1381 2477 1596 2540 lumen
1627 2478 1914 2540 divinum

413 2577 698 2639 ascendit
746 2596 862 2660 per
909 2577 1513 2658 contemplationem
1566 2576 1631 2638 in
1685 2576 1907 2638 Deum.

411 2711 490 2722 —
512 2675 898 2738 Ordinantur
926 2693 1076 2738 vero
1106 2676 1240 2738 haec
1274 2675 1394 2737 tria
1425 2675 1589 2737 inter
1620 2693 1686 2737 se
1717 2675 1910 2737 variis

411 2774 658 2837 modis:
685 2774 837 2856 quia
866 2773 920 2836 si
950 2775 1105 2837 ordo
1135 2781 1424 2836 sumatur
1451 2793 1526 2836 ex
1560 2780 1736 2856 parte
1767 2773 1912 2836 sub-

405 2873 562 2954 Jecti
594 2872 764 2935 circa
791 2873 959 2954 quod
990 2881 1159 2948 sunt,
1194 2872 1285 2934 sic
1317 2872 1600 2954 primum
1640 2880 1736 2935 est
1766 2891 1913 2954 pur-

406 2970 600 3053 gatio,
633 2989 748 3053 per
797 2989 988 3052 quam
1036 2970 1324 3033 aufertur
1371 2970 1643 3052 privatio
1689 2969 1910 3034 formae

2024 1985 2304 2069 aliquam
2338 1987 2872 2050 illuminationem
2902 1986 3285 2049 descendere
3313 1985 3394 2048 ab
3424 2005 3527 2048 an-

2023 2086 2165 2166 gelo
2197 2104 2323 2149 uno
2356 2087 2419 2149 in
2449 2087 2668 2160 alium,
2696 2106 2883 2169 quam
2916 2104 3097 2148 suam
3132 2085 3519 2168 imperitiam

2025 2184 2355 2246 humiliter
2394 2183 2780 2264 faterentur3
2812 2204 3011 2266 quum
3045 2192 3258 2246 tamen
3296 2201 3521 2246 secun-

2025 2283 2179 2344 dum
2228 2283 2689 2363 expositionem
2741 2281 3129 2364 Hieronymi,
3180 2281 3519 2363 Apostolus

2023 2381 2193 2443 dicat
2223 2399 2289 2443 se
2321 2380 2684 2443 illuminare
2721 2380 3045 2462 Principes
3075 2387 3139 2442 et
3175 2380 3518 2443 Potestates
3566 2403 3811 2462 Ephesau,

2025 2479 2091 2541 in
2122 2477 2489 2542 coelestibus
2520 2479 2597 2540 de
2629 2477 3010 2541 multiformi
3042 2478 3353 2561 sapientia
3380 2477 3513 2541 Dei.
3546 2470 3589 2521 ⁹·
3612 2470 3677 2512 ¹⁰·

2098 2579 2405 2642 Praeterea
2434 2579 2487 2641 si
2519 2586 2857 2661 quaeratur,
2890 2578 3165 2660 qualiter
3194 2579 3412 2642 lumen
3450 2579 3517 2642 in

2021 2696 2150 2740 uno
2179 2678 2403 2758 angelo
2442 2676 2910 2739 individuatum
2945 2677 3012 2739 in
3050 2677 3247 2739 alium
3278 2677 3519 2740 derive-

2019 2782 2158 2853 tur;
2191 2775 2557 2848 dicendum,
2591 2775 2762 2857 quod
2801 2793 2929 2838 non
2967 2782 3064 2837 est
3094 2775 3263 2849 idem
3296 2793 3519 2837 nume-

2019 2890 2091 2935 ro
2135 2873 2373 2948 lumen,
2406 2873 2517 2937 sed
2559 2881 2656 2936 est
2701 2872 2973 2937 effectus
3015 2872 3245 2936 similis
3286 2873 3517 2936 lumini

2021 2971 2462 3034 illuminantis.
2495 2971 2739 3054 Nempe
2779 2991 2977 3054 quum
3018 2971 3235 3034 lumen
3264 2971 3387 3034 1100
3427 2971 3518 3034 di-

407 3069 784 3133 inducendae
835 3069 1183 3148 contraria3
1216 3068 1570 3132 secundum
1620 3074 1717 3130 est
1765 3068 1910 3129 illu·
1945 3066 1989 3129 C
2019 3069 2243 3132 vinum
2276 3068 2606 3132 formalius
2638 3068 2721 3132 sit
2759 3070 3036 3133 activum
3070 3087 3263 3150 quam
3294 3068 3515 3131 lumen

408 3166 696 3241 minatio,
748 3184 890 3248 quae
937 3173 1034 3228 est
1084 3184 1199 3247 per
1245 3165 1518 3228 formam
1571 3183 1684 3227 seu
1735 3165 1910 3227 habi-

404 3273 582 3344 tum3
633 3265 894 3327 tertium
939 3271 1036 3326 est
1083 3263 1411 3346 perfectio,
1462 3282 1604 3345 quae
1649 3271 1748 3325 est
1793 3283 1909 3346 per

403 3362 863 3447 operationem,
897 3361 1227 3443 potissime
1267 3360 1442 3423 illam
1485 3381 1626 3443 quae
1661 3361 1908 3423 reducit

405 3463 472 3524 in
517 3461 820 3524 ultimum
865 3459 1085 3522 finem.
1119 3459 1324 3541 Atque
1367 3466 1437 3521 ut
1480 3459 1670 3521 tertio
1708 3459 1904 3522 Coele-

403 3561 520 3622 stis
552 3559 924 3622 hierarchiae
953 3557 1233 3641 capitulo
1263 3575 1530 3638 magnus
1565 3557 1902 3641 Dionysius

403 3657 581 3720 addit
614 3674 628 3718 ε
661 3657 1029 3736 Purgatores
1059 3663 1306 3738 oportet
1336 3653 1660 3716 abundare
1695 3655 1758 3716 in
1791 3674 1904 3736 pu-

401 3756 609 3828 ritate,
662 3753 1123 3816 illuminatores
1173 3753 1238 3815 in
1288 3752 1644 3835 sapientiali
1695 3753 1902 3835 splen-

401 3855 575 3926 dore,
595 3851 980 3935 perfectores
1012 3851 1077 3913 in
1106 3851 1288 3913 finali
1319 3850 1731 3934 perfectione,
1753 3871 1901 3932 qua-

399 3960 586 4014 tenus
635 3969 714 4012 ex
761 3949 1160 4031 plenitudine
1208 3957 1272 4011 et
1319 3949 1733 4012 exuberantia
1785 3969 1898 4010 sua

400 4049 677 4113 influant
713 4048 873 4111 aliis,
909 4048 1036 4110 Deo
1075 4064 1328 4129 quoque
1365 4046 1896 4109 excellentissime

401 4155 794 4230 competunt,
830 4145 1140 4229 purgatiO,
1175 4145 1559 4208 illuminatio
1597 4151 1658 4207 et
1692 4144 1896 4227 perfe-

401 4247 526 4309 ctio
569 4252 840 4327 sumptae
881 4244 1106 4306 active.

481 4343 765 4424 Denique
805 4340 1198 4412 illuminatio,
1231 4342 1351 4403 ista
1391 4359 1518 4404 non
1563 4348 1656 4404 est
1697 4341 1895 4404 mani-

398 4441 654 4505 festatio
681 4459 808 4523 qua
837 4439 1003 4502 Deus
1035 4447 1107 4501 ut
1143 4439 1362 4501 lumen
1402 4439 1592 4502 offert
1621 4460 1687 4503 se
1718 4460 1894 4503 men-

400 4539 572 4603 tibus
600 4539 934 4602 Beatorum
965 4538 1312 4600 videndum
1345 4557 1459 4619 per
1487 4538 1788 4620 speciem,
1817 4557 1894 4601 ex

398 4659 526 4722 qua
578 4637 1045 4700 illuminatione
1093 4643 1186 4699 est
1235 4636 1398 4699 visio
1442 4656 1582 4718 quae
1630 4646 1756 4701 tota
1799 4646 1895 4700 est

399 4754 680 4814 merces3
713 4737 823 4798 sed
854 4755 979 4817 qua
1017 4735 1183 4798 Deus
1214 4734 1402 4798 offert
1445 4755 1512 4798 se
1543 4736 1894 4799 intellectui

397 4843 606 4900 creato
640 4842 708 4897 ut
735 4832 1062 4916 exemplar
1093 4833 1548 4915 pertinentium
1581 4835 1658 4897 ad
1689 4835 1896 4916 dispo-

397 4934 694 4999 sitionem
727 4932 1009 4995 universi
1041 4938 1103 4994 et
1131 4932 1206 4994 ad
1241 4933 1539 5015 mysteria
1574 4932 1892 5006 Ecclesiae,

397 5033 500 5096 vel
533 5031 804 5094 mediate
835 5030 937 5092 vel
978 5029 1363 5092 immediate.
1399 5031 1475 5093 Et
1505 5049 1580 5092 ex
1621 5031 1740 5092 hoc
1771 5031 1897 5092 duo

399 5132 726 5195 eliduntur
779 5147 1023 5192 errores
1071 5129 1492 5210 quorumdam
1547 5128 1900 5210 intelligen-

403 5230 566 5292 tium
599 5229 732 5291 haec
765 5245 1078 5310 perverse.
1115 5227 1310 5301 Unus,
1343 5227 1691 5288 dicentium
1728 5227 1896 5306 quod

403 5329 570 5392 Deus
617 5345 746 5392 non
789 5327 1040 5389 videtur
1081 5325 1161 5389 ab
1203 5325 1614 5389 inferioribus
1657 5325 1898 5406 angelis

2019 3166 2367 3249 corporale,
2400 3174 2463 3230 et
2510 3186 2703 3249 quam
2749 3166 2964 3228 lumen
3006 3166 3294 3228 naturale
3335 3166 3518 3230 intel-

2018 3264 2221 3327 lectus
2272 3265 2539 3346 agentiS,
2592 3271 2835 3327 constat
2881 3264 3052 3346 quod
3108 3262 3317 3345 angeli
3376 3264 3516 3346 ipso

2016 3362 2267 3444 repleti,
2286 3361 2495 3444 ipsum
2527 3381 2725 3444 agere,
2742 3362 3027 3424 derivare
3057 3367 3121 3424 et
3148 3360 3514 3425 diffundere

2017 3468 2285 3543 possunt
2329 3461 2396 3522 in
2435 3458 2560 3522 sibi
2600 3459 2942 3540 subjectOS‚
2982 3459 3185 3522 multo
3234 3459 3511 3542 comple-

2013 3558 2140 3620 tius
2186 3577 2376 3640 quam
2422 3557 2773 3636 secundum
2821 3557 3233 3639 philosophos
3278 3558 3510 3620 intelli-

2011 3656 2241 3737 gentiae
2271 3657 2629 3738 superiores
2661 3655 2876 3717 lumen
2916 3674 3104 3717 suum
3136 3653 3511 3718 diffundunt

2013 3754 2077 3815 in
2131 3753 2581 3835 intelligentias
2630 3753 2983 3828 inferioreS,
3035 3761 3099 3816 et
3146 3753 3507 3817 intellectus

2009 3870 2203 3932 agens
2272 3850 2338 3914 in
2408 3851 2803 3913 intellectum
2876 3851 3247 3933 possibilem
3315 3858 3505 3933 atque

2009 3949 2471 4032 phantasmata,
2522 3957 2585 4010 et
2643 3949 2795 4011 item
2845 3968 3037 4031 quam
3098 3949 3191 4012 sol
3240 3957 3303 4012 et
3354 3950 3507 4012 luna

2009 4055 2278 4130 possunt
2305 4047 2430 4109 alia
2458 4045 2839 4108 illuminare.
2867 4046 3041 4120 Quod
3072 4048 3243 4110 enim
3277 4049 3341 4110 in
3373 4065 3507 4111 cor-

2008 4144 2333 4227 poralibus
2374 4143 2527 4207 facit
2569 4144 2935 4225 conjunctio
2977 4152 3181 4207 tactus
3223 4146 3301 4208 ad
3346 4146 3503 4209 reci-

1926 4245 1978 4308 D
2008 4244 2314 4325 piendum
2345 4243 2659 4306 actionem
2700 4243 2964 4324 agentiS,
2997 4243 3118 4307 hoc
3154 4244 3219 4306 in
3251 4245 3504 4326 spiritu-

2006 4341 2217 4404 alibus
2265 4341 2420 4403 facit
2462 4341 2830 4421 conjunctio
2870 4341 3110 4405 ordinis
3144 4360 3159 4404 :
3193 4343 3346 4425 quia
3388 4361 3503 4425 per

2005 4440 2126 4503 hoc
2165 4439 2431 4501 inferius
2478 4439 2553 4500 fit
2591 4439 3087 4503 instrumentum
3128 4441 3496 4523 superioris,

2006 4539 2110 4600 cui
2157 4537 2451 4618 superius
2501 4537 2815 4619 imprimit
2861 4537 3131 4601 formam
3176 4559 3301 4620 qua
3346 4541 3493 4621 agit.

2084 4636 2399 4718 AmpliuS,
2434 4635 2929 4698 illuminationes
2974 4637 3343 4718 hujusmodi
3393 4656 3498 4702 vo-

2005 4742 2229 4798 cantur
2275 4735 2693 4817 theophaniae,
2728 4734 2790 4796 id
2834 4743 2930 4797 est
2972 4737 3421 4818 apparitioneS,
3458 4757 3495 4800 a

2005 4838 2170 4908 Θεός,
2205 4833 2374 4915 quod
2407 4840 2502 4894 est
2530 4832 2719 4906 DeuS‚
2753 4841 2812 4894 et
2844 4840 3033 4919 φανός,
3066 4835 3235 4916 quod
3266 4843 3363 4898 est
3390 4855 3495 4918 ap-

2004 4932 2234 5014 paritio
2269 4949 2282 4992 :
2316 4950 2458 5013 quae
2507 4931 2572 4993 in
2621 4931 2724 4993 via
2764 4931 2883 4993 hac
2924 4939 3020 4994 est
3060 4951 3176 5015 per
3215 4934 3493 4998 velatum

2006 5030 2220 5091 lumen
2256 5030 2632 5111 Scripturae3
2666 5029 2727 5091 in
2772 5030 2974 5112 patria
3002 5050 3151 5095 vero
3180 5040 3276 5095 est
3304 5033 3371 5095 in
3402 5034 3495 5096 lu-

2005 5128 2179 5190 mine
2228 5146 2355 5189 non
2405 5129 2611 5190 velato
2655 5147 2668 5189 :
2705 5136 2767 5189 et
2818 5128 2935 5190 1100
2986 5129 3337 5210 tripliciter.
3372 5132 3497 5194 Pri-

2007 5244 2132 5297 1110,
2194 5226 2346 5287 (111111
2406 5227 2572 5288 Deus
2630 5235 2889 5308 apparet
2948 5227 3009 5287 in
3075 5226 3337 5292 luminis
3394 5232 3495 5293 sui

2005 5324 2266 5398 effectu,
2303 5325 2592 5388 facientis
2636 5326 2799 5389 scire
2842 5345 2915 5389 ea
2958 5327 3125 5390 circa
3166 5347 3308 5410 quae
3358 5329 3497 5394 illu—
