4334 6242
1445 503 1690 560 Quonim
1731 502 2014 549 nonnum
2056 501 2148 548 SIT
2190 500 2505 548 cusTomm

3404 479 3525 543 547

410 673 652 736 militer
681 673 1042 737 confirmati
1075 673 1138 736 in
1169 673 1370 754 gratia
1399 673 1684 754 indigent
1715 680 1915 734 custo-
1945 670 1996 733 A
2030 671 2408 746 mend0,sed
2440 689 2554 752 per
2586 669 2842 732 modum
2872 667 3306 741 ministerii,in
3339 685 3531 749 quan-

411 772 515 834 dia
545 772 936 853 angelorum.
957 773 1256 846 Quamvis
1287 770 1459 833 enim
1493 789 1754 852 peccare
1785 788 1911 832 non

411 870 678 952 possint,
713 879 979 952 possunt
1009 878 1221 933 tamen
1262 869 1576 953 proficere
1616 877 1678 932 et
1708 889 1744 930 a
1776 886 1915 950 pro-

410 967 582 1031 fectu
633 969 956 1050 impediri,
999 968 1458 1049 venialiterque
1506 986 1789 1049 peccare.
1834 1003 1914 1012 —

409 1067 593 1130 Pueri
650 1067 912 1130 demum
957 1067 1022 1129 in
1071 1067 1216 1130 alvo
1274 1073 1566 1129 materno
1619 1067 1913 1149 quamvis

410 1183 536 1228 non
581 1165 710 1227 sint
753 1165 1329 1228 ecclesiasticorum
1373 1172 1914 1228 sacramentorum

411 1274 697 1345 emaceS,
731 1263 1033 1346 quoniam
1083 1282 1208 1327 non
1255 1263 1619 1325 subduntur
1666 1261 1915 1324 actibus

409 1361 851 1424 ministrorum
897 1362 1218 1435 Ecclesiae,
1258 1361 1463 1423 nihilo
1511 1361 1722 1424 minus
1773 1359 1917 1422 sub-

410 1459 649 1521 duntur
687 1459 1164 1541 operationibus
1205 1459 1314 1522 Dei
1354 1478 1427 1520 ac
1475 1459 1913 1520 ministrorum

411 1558 616 1640 ipsius
651 1575 664 1619 :
700 1557 842 1620 ideo
870 1558 952 1620 ab
990 1559 1249 1620 instanti
1297 1556 1636 1620 infusionis
1675 1557 1915 1619 anima-

412 1675 553 1718 rum
599 1674 820 1719 eorum
865 1657 1267 1738 assignantur
1311 1655 1403 1718 eis
1453 1656 1660 1737 angeli
1711 1655 1914 1718 sancti

410 1754 727 1828 custodeS,
763 1773 876 1836 per
910 1773 1069 1836 quos
1110 1754 1430 1817 daemones
1469 1753 1848 1815 cohibentur
1877 1771 1914 1813 a

412 1853 632 1915 multis
664 1853 1066 1915 nocumentis
1096 1873 1238 1936 quae
1267 1859 1527 1934 possent
1562 1851 1689 1913 illis
1719 1851 1912 1913 infer·
1950 1857 1997 1919 B
2030 1854 2335 1936 pericula,
2375 1853 2556 1933 juxta
2597 1852 2755 1915 illud
2790 1869 2804 1913 ε
2838 1853 2907 1914 ln
2947 1852 3051 1913 via
3090 1851 3207 1914 hac
3247 1871 3372 1933 qua
3398 1871 3533 1914 am·
3556 1865 3822 1918 meust.

409 1970 500 2025 re,
530 1951 972 2015 deteriorando
1012 1951 1484 2033 complexiones
1522 1969 1766 2024 eorum,
1800 1969 1914 2032 per

411 2050 581 2130 quod
621 2048 854 2111 fierent
890 2050 968 2111 ad
998 2050 1156 2111 vitia
1193 2050 1544 2132 pronioreS,
1577 2057 1640 2110 et
1679 2049 1913 2111 exstin-

409 2148 662 2228 guendo
705 2148 903 2210 vitam
962 2149 1292 2230 ipsorum;
1345 2156 1409 2211 et
1458 2147 1525 2208 in
1574 2148 1672 2208 his
1721 2147 1912 2208 etiam

410 2253 677 2326 prosunt
728 2246 1011 2328 parvulis
1061 2246 1243 2308 natis.
1278 2281 1360 2292 —-
1397 2246 1702 2308 Praeterea
1742 2245 1918 2306 Anti-

411 2343 688 2406 christus
731 2345 1028 2426 angelum
1073 2343 1334 2406 habebit
1377 2344 1728 2416 custodem,
1761 2361 1914 2424 quo-

409 2441 582 2504 niam
616 2442 715 2504 lex
747 2443 1108 2505 communis
1139 2461 1263 2505 non
1295 2449 1390 2504 est
1421 2450 1681 2524 propter
1711 2461 1912 2503 unum

315 2557 328 2572 ·
411 2541 716 2603 mutanda
750 2558 764 2602 ε
798 2548 860 2602 et
893 2541 960 2602 in
998 2541 1118 2604 hoc
1157 2540 1297 2621 ejus
1333 2541 1656 2602 damnatio
1683 2540 1914 2621 justior

155 4619 258 4664 Luc.
281 4632 386 4670 xxn,

125 4686 186 4726 ta.

409 2638 766 2721 apparebit,
799 2639 949 2720 quia
993 2637 1309 2700 beneficia
1351 2638 1466 2700 toti
1517 2646 1756 2700 naturae
1797 2639 1913 2701 hu-

415 2756 618 2799 manae
666 2736 920 2818 provisa
961 2745 1023 2799 et
1067 2736 1555 2810 communicata,
1589 2753 1716 2798 non
1767 2742 1916 2797 sunt

413 2835 472 2896 ei
514 2834 854 2896 subtracta.
888 2835 1016 2897 Nec
1055 2843 1266 2896 tamen
1306 2835 1365 2896 ei
1397 2833 1634 2896 frustra
1661 2833 1916 2896 adhibe-

413 2931 590 2994 bitur
629 2932 917 2995 custodia
956 2932 1081 2994 illa.
1117 2932 1272 2994 Nam
1311 2931 1429 2994 etsi
1475 2932 1552 2993 ad
1595 2931 1760 2992 bona
1802 2949 1918 3013 per

2026 778 2160 832 tum
2194 768 2741 850 congratulabatur
2771 766 3124 830 fortitudini
3156 765 3531 847 ejuS,quem·

2023 868 2369 930 admodum
2400 868 2591 930 homo
2623 867 2690 928 in
2720 864 3127 927 tribulatione
3159 863 3531 925 naturaliter

2027 964 2420 1028 confortatur
2448 965 2526 1026 ad
2558 963 2959 1046 praesentiam
2995 963 3347 1024 amicorum
3374 979 3389 1024 ε
3412 962 3531 1024 sic-

2026 1083 2150 1146 que
2210 1062 2333 1126 fuit
2383 1082 2534 1126 vera
2591 1061 2988 1135 confortatio,
3042 1059 3207 1122 sicut
3264 1068 3327 1122 et
3380 1077 3529 1122 vera

2024 1162 2305 1235 tristitia,
2338 1181 2465 1224 non
2497 1161 2704 1224 solum
2734 1177 3071 1243 apparenS,
3105 1166 3173 1221 ut
3203 1158 3405 1241 aliqui
3436 1159 3527 1223 di-

2027 1269 2199 1324 cunt.
2244 1298 2325 1307 —
2366 1261 2509 1324 Haec
2555 1260 2823 1323 Thomas
2869 1258 2935 1319 in
2980 1258 3245 1341 Scripto.

2100 1361 2290 1423 Porro
2320 1360 2385 1422 in
2418 1360 2624 1442 prima
2655 1365 2833 1441 parte
2864 1356 3529 1439 Summae‚quaestione

2027 1460 2377 1522 centesima
2416 1459 2871 1531 tertiadecima,
2903 1457 3293 1538 respondens
3332 1456 3410 1518 ad
3452 1457 3533 1518 is-
3618 1474 3701 1516 art.
3726 1472 3768 1516 4.

2027 1558 2161 1632 tud,
2194 1578 2275 1620 an
2324 1557 2595 1639 quilibet
2637 1557 2828 1618 homo
2872 1555 3263 1617 custodiatur
3303 1554 3384 1617 ab
3426 1574 3531 1618 an-

2025 1657 2189 1738 gelo,
2237 1655 2505 1718 scribit:
2540 1655 2852 1729 Quamdiu
2903 1654 3093 1716 homo
3142 1661 3237 1715 est
3288 1654 3353 1715 in
3401 1653 3525 1728 via,

2028 1756 2367 1818 imminent
2416 1754 2473 1816 ei
2524 1753 2604 1816 ab
2653 1755 2818 1815 intra
2865 1761 2929 1814 et
2975 1753 3055 1815 ab
3104 1761 3279 1814 extra
3331 1754 3530 1815 multa

2029 1952 2349 2026 bulabam,
2364 1952 2834 2014 absconderunt
2864 1951 3160 2032 laqueum
3195 1951 3372 2012 mihi.
3390 1950 3534 2014 ldeo

2027 2052 2194 2112 sicut
2234 2049 2603 2113 hominibus
2644 2050 2815 2112 viam
2858 2067 2981 2111 non
3025 2056 3226 2111 tutam
3264 2067 3529 2131 pergen-

2026 2149 2200 2211 tibus
2234 2150 2465 2212 dantur
2494 2149 2810 2223 custodeS,
2844 2147 2937 2210 sic
2978 2147 3244 2210 cuilibet
3283 2148 3530 2211 homini

2027 2248 2334 2328 quamdiu
2391 2247 2595 2309 viator
2653 2254 2769 2321 est,
2832 2254 3043 2308 custos
3102 2245 3364 2326 angelus
3424 2247 3530 2308 de-

2027 2352 2305 2426 putatur.

2105 2443 2373 2525 Insuper
2416 2444 2641 2525 quaerit
2692 2443 2953 2516 ibidem,
2988 2463 3066 2505 an
3111 2443 3379 2524 singulis
3422 2443 3530 2505 ho·
3618 2463 3700 2503 art.
3728 2462 3768 2503 2.

2029 2541 2312 2605 minibus
2356 2542 2590 2623 singuli
2632 2541 2839 2622 angeli
2880 2541 3157 2623 praesint.

2105 2642 2370 2705 Videtur
2398 2642 2565 2724 quod
2609 2659 2755 2703 uon.
2792 2640 3067 2721 Angelus
3109 2659 3383 2722 namque
3420 2640 3528 2702 ho-

2030 2741 2202 2802 mine
2234 2747 2437 2802 exstat
2466 2740 2812 2821 sapientior
2840 2747 3031 2821 atque
3060 2738 3391 2820 potentior.
3407 2736 3526 2800 Sed

2027 2837 2396 2920 frequenter
2434 2857 2600 2900 unus
2643 2838 2835 2898 homo
2877 2835 3125 2898 sufficit
3165 2835 3381 2918 plures
3422 2836 3531 2898 ho-

2030 2935 2233 2997 mines
2282 2936 2623 3010 custodire,
2669 2935 2963 3015 dirigere,
3010 2934 3273 2996 edocere
3321 2951 3335 2995 :
3378 2951 3528 3015 ergo

413 3049 554 3092 eam
589 3049 714 3093 non
754 3038 1179 3102 convertetur,
1211 3049 1249 3091 a
1280 3028 1498 3092 multis
1537 3038 1750 3091 tamen
1791 3049 1918 3092 ma·
1953 3037 1996 3100 C
2029 3035 2173 3115 plus
2204 3034 2465 3114 angelus
2496 3052 2680 3095 unuS.
2716 3068 2797 3076 —
2823 3033 3084 3105 RursuS,
3118 3050 3319 3112 quum
3346 3031 3529 3111 juxta

416 3127 494 3190 lis
535 3129 829 3202 cessabit,
863 3129 943 3190 ab
985 3129 1209 3210 angelo
1251 3128 1512 3190 custode
1554 3135 1863 3209 retractus
1898 3145 1911 3188 :

415 3227 588 3289 hunc
635 3227 874 3308 quippe
922 3226 1229 3288 effectum
1278 3227 1690 3306 consequitur
1734 3243 1918 3306 ange-

418 3324 516 3385 lus
563 3342 676 3406 per
719 3342 900 3385 suam
941 3322 1293 3385 custodiam
1336 3323 1402 3384 in
1446 3321 1918 3404 quantumlibet

415 3420 754 3484 obstinato.

497 3518 791 3601 Amplius
836 3519 1122 3582 Christus
1173 3537 1300 3581 non
1348 3518 1572 3580 habuit
1619 3517 1915 3598 angelum

417 3617 882 3680 custodientem
919 3634 933 3678 z
971 3624 1106 3678 tum
1145 3617 1296 3699 quia
1329 3617 1618 3698 superior
1657 3615 1778 3678 fuit
1808 3634 1917 3678 an-

414 3714 576 3797 gelis
619 3715 936 3779 universis
984 3715 1197 3777 anima
1243 3714 1382 3795 ejus
1433 3722 1690 3797 propter
1740 3714 1918 3778 unio-

417 3833 566 3877 nem
626 3833 774 3876 cum
821 3813 1048 3887 Verbo,
1099 3833 1137 3875 a
1185 3831 1312 3895 quo
1365 3813 1729 3875 immediate
1781 3813 1921 3876 illu-

419 3911 822 3991 minabatur3
876 3919 1010 3974 tum
1070 3911 1371 3994 quoniam
1430 3931 1618 3975 verus
1677 3912 1919 3975 exstitit

418 4011 935 4093 comprehensor,
980 4017 1239 4091 propter
1281 4010 1449 4091 quod
1495 4010 1734 4072 bonum
1779 4010 1919 4091 ejus

415 4126 536 4172 nec
581 4109 880 4191 impediri
930 4109 1136 4191 potuit
1181 4127 1300 4170 nec
1345 4107 1574 4189 juvari.
1618 4143 1699 4154 --
1739 4109 1815 4170 Et
1864 4108 1918 4170 si

2028 3129 2396 3211 praehabita‚
2432 3130 2498 3191 in
2527 3129 2769 3208 angelis
2800 3135 2891 3189 tot
2920 3128 3049 3188 sint
3086 3127 3332 3210 species
3372 3134 3527 3210 quot
3552 3141 3818 3198 anonas.

2028 3226 2379 3300 individua,
2432 3227 2603 3290 solus
2661 3245 2829 3288 unus
2886 3225 3148 3306 angelus
3208 3233 3303 3287 est
3362 3225 3526 3288 inter

2031 3345 2223 3408 quem
2273 3333 2335 3387 et
2385 3326 2675 3387 homines
2724 3342 2852 3385 non
2898 3332 2993 3385 est
3040 3323 3272 3404 aliquis
3325 3324 3525 3385 medi-

2029 3444 2123 3486 us,
2159 3424 2391 3504 Sicque
2434 3423 2687 3484 videtur
2729 3422 2897 3504 quod
2946 3440 3113 3483 unus
3156 3428 3402 3483 tantum
3445 3421 3530 3483 sit

2028 3521 2290 3602 angelus
2338 3521 2449 3602 qui
2494 3519 2860 3582 immediate
2899 3519 3175 3581 custodit
3212 3519 3525 3593 homineS,

2030 3639 2229 3702 quum
2278 3618 2577 3681 inferiora
2629 3636 2743 3700 per
2786 3617 2995 3679 media
3034 3616 3418 3679 reducantur
3462 3617 3529 3680 in

2029 3717 2253 3781 Deum.

2111 3815 2487 3888 Dicendum,
2536 3814 2704 3897 quod
2755 3813 3153 3896 providentia
3201 3812 3314 3875 Dei
3363 3831 3531 3875 com·-

2032 3923 2289 3998 paratur
2316 3915 2392 3976 ad
2426 3914 2710 3995 singulos
2750 3913 3063 3985 homines,
3098 3912 3265 3974 sicut
3293 3913 3370 3974 ad
3402 3913 3529 3974 sin-

2029 4014 2178 4094 gula
2217 4031 2448 4094 genera
2484 4030 2557 4074 ac
2598 4011 2844 4093 species
2886 4009 3401 4092 corruptibilium
3439 4029 3529 4072 re-

2033 4131 2173 4174 rum
2220 4129 2235 4173 :
2291 4111 2433 4173 ideo
2483 4109 2671 4184 sicut,
2719 4117 2877 4172 teste
2927 4109 3247 4190 Gregorio,
3293 4107 3528 4172 diversi

419 4205 784 4287 objiciatur,
835 4207 1004 4288 quod
1064 4213 1288 4288 quarto
1335 4206 1622 4269 Coelestis
1681 4206 1916 4269 hierar·
1950 4215 2000 4279 D
2030 4210 2399 4292 angelorum
2433 4208 2685 4271 ordines
2725 4208 3111 4291 deputantur
3139 4207 3405 4270 diversis
3437 4225 3529 4270 re-

419 4305 581 4368 chiae
619 4304 900 4386 capitulo
938 4304 1195 4367 divinus
1235 4304 1574 4387 Dionysius
1613 4305 1916 4386 loquitur,

421 4404 591 4486 quod
663 4403 1055 4466 subdebatur
1119 4405 1402 4486 paternis
1471 4403 1918 4467 traditionibus

421 4501 852 4566 mediantibus
911 4502 1202 4582 angelis3
1255 4503 1429 4577 item,
1490 4503 1660 4584 quod
1722 4503 1918 4584 passi-

418 4619 540 4666 one
601 4601 875 4664 instante
931 4602 1227 4683 apparuit
1272 4601 1330 4663 ei
1385 4601 1645 4682 angelus
1706 4602 1919 4683 ipsum

420 4699 802 4764 confortans.
838 4699 1213 4773 Dicendum,
1247 4701 1415 4782 quod
1461 4699 1754 4763 subditus
1798 4698 1922 4762 l'uit

420 4798 700 4881 paternis
731 4796 1174 4860 traditionibus
1205 4817 1318 4878 per
1346 4798 1602 4879 angelos
1633 4798 1923 4880 quodam-

420 4898 610 4961 modo
672 4897 1000 4969 indirecte,
1062 4896 1129 4957 in
1187 4904 1496 4977 quantum
1554 4896 1762 4978 angeli
1821 4897 1921 4959 in-

417 4994 748 5058 struebant
793 4994 1229 5056 beatissimam
1277 4994 1601 5075 Virginem
1652 5003 1919 5058 matrem

419 5093 560 5175 ejus
601 5111 676 5155 ac
719 5101 1010 5156 sanctum
1056 5093 1286 5175 Joseph
1327 5093 1406 5154 de
1443 5093 1703 5173 agendis
1752 5094 1922 5156 circa

422 5208 696 5275 puerum
747 5192 981 5273 ipsum.
1024 5191 1345 5254 Postremo
1394 5191 1655 5271 angelus
1707 5191 1920 5273 ipsum

418 5290 652 5355 dicitur
695 5289 1105 5364 confortasse,
1137 5307 1264 5352 non
1309 5290 1366 5351 ei
1409 5289 1653 5373 aliquid
1697 5290 1920 5374 impri—

2030 4328 2174 4372 rum
2222 4307 2585 4389 generibuS,
2621 4315 2859 4388 utpote,
2901 4307 3241 4370 Potestates
3283 4306 3361 4368 ad
3404 4306 3527 4369 dae-

2032 4425 2251 4469 mones
2305 4406 2708 4479 coercendoS,
2758 4405 3035 4467 Virtutes
3082 4404 3160 4466 ad
3210 4403 3529 4467 mirabilia

2031 4506 2321 4568 facienda
2352 4506 2417 4567 in
2455 4504 2645 4566 rebus
2678 4503 3019 4585 corporeiS,
3052 4509 3275 4585 estque
3305 4503 3527 4584 proba-

2033 4605 2158 4667 bile
2186 4605 2350 4686 quod
2384 4603 2651 4666 diversis
2683 4621 2894 4664 rerum
2928 4600 3259 4683 speciebus
3291 4599 3525 4665 diversi

2030 4703 2237 4785 angeli
2270 4703 2558 4784 ejusdem
2589 4700 2831 4764 ordinis
2872 4699 3341 4782 praeficiantur3
3371 4699 3525 4762 hinc

2031 4801 2406 4864 rationabile
2459 4808 2553 4862 est
2606 4799 2777 4882 quod
2830 4798 3097 4860 diversis
3155 4797 3527 4861 hominibus

2030 4901 2267 4962 diversi
2324 4899 2531 4981 angeli
2580 4899 2658 4960 ad
2707 4897 3060 4959 custodiam
3117 4896 3523 4978 deputentur,

2033 4997 2329 5060 videlicet
2372 4997 2604 5078 singuli
2651 4995 2938 5076 singulis.

2112 5095 2207 5156 Ad
2250 5095 2532 5177 primum
2576 5094 2939 5166 dicendum,
2972 5092 3141 5174 quod
3182 5093 3373 5155 alicui
3414 5093 3525 5155 ho—

2033 5191 2190 5254 mini
2243 5191 2581 5253 adhibetur
2630 5197 2841 5252 custos
2890 5189 3249 5272 dupliciter.
3291 5191 3521 5265 Primo,

2031 5291 2102 5353 in
2132 5298 2443 5373 quantum
2473 5297 2570 5352 est
2600 5288 2937 5370 singularis
2970 5306 3277 5370 persona:
3306 5289 3525 5373 sicque
