4334 6242
871 455 952 522 60
1549 477 1614 523 IN
1655 477 1878 524 Lunum
1920 475 1965 522 11
2005 476 2488 524 SENTENTIARUR.
2535 493 2614 504 —
2655 475 2808 522 DIST.
2856 473 2917 538 13
2960 475 3184 532 QUAEST.
3230 475 3299 522 111

871 647 1244 712 econtrario.
1300 648 1364 711 Si
1413 656 1627 710 autem
1685 649 1852 710 Deus
1901 655 1994 711 est
2045 667 2234 710 causa
2280 647 2371 710 di·
2400 647 2720 710 Aditione
2772 655 2922 710 sunt
2974 647 3335 712 immediate
3383 668 3420 711 a
3467 650 3596 712 Deo
3644 650 3965 732 producta.

873 747 1190 810 versitatis
1233 766 1306 809 ac
1351 747 1592 810 ordinis
1642 766 1877 820 rerum,
1920 755 1980 809 et
2026 747 2209 830 plura
2252 747 2369 808 im-

875 845 1147 908 mediate
1201 847 1578 929 produeenS‚
1633 863 1758 908 non
1809 846 2070 908 haberet
2121 865 2189 908 se
2241 864 2369 909 uno

875 944 1063 1006 modo
1091 943 1168 1006 ad
1200 943 1566 1018 omnia,nec
1597 953 1764 1006 esset
1793 944 2146 1006 secundum
2180 963 2367 1006 unam

872 1041 1356 1122 dispositionem
1405 1042 1470 1102 in
1516 1042 1832 1104 omnibus.
1868 1077 1949 1086 —
1979 1042 2188 1114 Sexto,
2222 1041 2367 1104 Avi-

872 1159 1094 1212 cenna,
1137 1147 1199 1202 et
1241 1139 1488 1220 Algazel
1538 1140 1602 1201 in
1653 1140 2077 1221 Metaphysica
2125 1160 2261 1214 sua,
2304 1149 2367 1202 et

872 1246 1092 1301 auctor
1129 1238 1276 1300 libri
1315 1239 1394 1301 de
1436 1239 1677 1312 CausiS,
1716 1257 1792 1300 ex
1837 1238 2187 1301 intentione
2230 1257 2367 1319 pro-

872 1337 1025 1399 bant
1065 1345 1129 1398 et
1174 1345 1388 1399 tenent
1432 1337 1620 1398 istud.

951 1437 1020 1496 In
1078 1435 1466 1498 contrarium
1525 1443 1620 1497 est
1677 1436 2001 1516 Scriptura
2059 1443 2118 1496 et
2180 1436 2361 1510 ratio,

870 1534 1337 1616 auctoritasque·
1379 1536 1776 1607 Sanctorum,
1810 1534 1975 1597 sicut
2017 1535 2277 1616 patebit.

947 1734 1039 1795 Ad
1081 1733 1200 1795 hoc
1237 1733 1677 1795 Bonaventura
1719 1733 2057 1815 respondet
2090 1751 2104 1796 ε
2141 1733 2362 1795 Dicere

2479 747 2623 809 Haec
2664 747 3121 810 Bonaventura.

2557 846 2843 928 Denique
2875 846 3024 908 huic
3056 846 3408 908 recitationi
3441 854 3505 908 et
3535 848 3835 929 positioni
3866 849 3973 912 Bo-

2478 953 2843 1007 naventurae
2878 946 3029 1007 satis
3067 947 3405 1007 concordat
3436 948 3763 1028 responsio
3792 949 3971 1010 Alex-

2476 1043 2655 1106 andri
2693 1061 2707 1104 :
2742 1043 2853 1126 qui
2886 1052 3098 1106 tamen
3140 1061 3265 1106 non
3296 1044 3383 1106 ait
3412 1046 3583 1126 quod
3616 1047 3967 1108 secundum

2476 1142 2890 1224 philosophos
2934 1144 3020 1204 ita
3064 1151 3393 1224 ponenteS,
3434 1145 3757 1207 materiale
3803 1147 3971 1226 prin-

2476 1239 2718 1320 cipium
2763 1238 2957 1300 suerit
3000 1257 3125 1301 non
3176 1240 3555 1322 productum
3606 1259 3716 1302 seu
3770 1241 3969 1304 incre·

2473 1345 2670 1398 atum.
2732 1338 2859 1400 Nec
2918 1339 3090 1400 enim
3149 1339 3402 1400 videtur
3459 1339 3578 1401 hoc
3636 1339 3835 1402 fuisse
3892 1342 3969 1404 de

2478 1435 2826 1498 intentione
2867 1436 3207 1499 Avicennae
3246 1444 3305 1497 et
3344 1435 3673 1518 Algazelis.
3708 1438 3843 1500 Imo
3882 1439 3971 1500 di-

2477 1541 2706 1595 xerunt
2748 1541 2947 1596 totum
2987 1533 3207 1596 orbem
3250 1534 3330 1596 ab
3371 1534 3791 1617 intelligentia
3830 1555 3967 1598 esse

2478 1631 2857 1714 productum
2901 1649 2915 1694 :
2956 1639 3020 1694 et
3058 1632 3111 1694 si
3156 1633 3454 1695 dixerunt
3496 1653 3687 1695 unam
3738 1634 3968 1696 intelli-

2474 1730 2755 1810 gentiam
2796 1731 3079 1812 potuisse
3120 1731 3319 1793 creari
3358 1730 3440 1793 ab
3477 1731 3624 1805 alia,
3656 1733 3812 1814 quid
3852 1734 3967 1795 mi·

869 1833 1037 1914 quod
1071 1833 1234 1894 Deus
1266 1831 1634 1913 produxerit
1667 1851 1766 1893 res
1799 1851 1911 1914 per
1940 1832 2112 1894 aliud
2143 1851 2358 1914 agenS,
2399 1832 2447 1894 B
2478 1849 2618 1891 rum
2672 1830 2724 1891 si
2776 1850 2975 1892 unum
3027 1830 3248 1893 orbem
3307 1830 3605 1892 dixerunt
3652 1831 3733 1893 ab
3788 1831 3965 1895 intel-

868 1938 964 1992 est
1011 1937 1228 1992 contra
1286 1930 1594 1992 rationem
1642 1938 1706 1991 et
1755 1929 1990 2008 sidem3
2043 1949 2160 1992 nec
2221 1930 2361 2012 capi

870 2037 1097 2111 potest,
1131 2029 1300 2110 quod
1331 2048 1522 2110 agens
1553 2029 1755 2091 finitae
1790 2029 2088 2111 potentiae
2117 2029 2360 2111 aliquid

868 2147 946 2190 ex
976 2127 1177 2190 nihilo
1206 2128 1524 2208 producat.
1543 2127 1670 2189 Nec
1702 2127 1890 2189 credo
1919 2128 2198 2209 aliquem
2232 2128 2365 2209 phi-

869 2226 1279 2306 losophorum
1330 2225 1450 2288 hoc
1499 2225 1806 2306 posuisse.
1859 2225 1977 2288 Sed
2031 2226 2361 2307 supposito

869 2324 1199 2406 potentiali
1243 2342 1355 2386 seu
1400 2323 1708 2385 materiali
1756 2323 2096 2405 principio,
2145 2323 2361 2406 plures

867 2423 1122 2484 fuerunt
1155 2423 1516 2504 philosophi
1548 2423 1658 2504 qui
1693 2431 2040 2503 posuerunt
2070 2422 2359 2484 ordinem

866 2521 932 2583 in
965 2521 1392 2603 producendo,
1416 2522 1724 2602 gradatim
1755 2521 2219 2596 descendendO,
2242 2522 2361 2583 hoc

867 2620 1056 2683 modo
1098 2639 1112 2684 ε
1156 2620 1322 2682 Deus
1371 2639 1572 2701 quum
1621 2620 1702 2680 sit
1751 2619 2012 2681 omnino
2062 2620 2357 2701 simplex,

865 2737 992 2781 11011
1039 2718 1338 2799 produxit
1379 2718 1503 2780 nisi
1550 2717 2036 2798 intelligentiam
2087 2718 2359 2800 primam

865 2825 928 2879 et
960 2817 1233 2879 unicam.
1271 2816 1382 2878 llla
1411 2835 1561 2880 vero
1598 2823 1856 2898 propter
1887 2817 2120 2879 distare
2157 2817 2358 2898 ipsius

864 2935 901 2978 a
943 2915 1150 2997 prima
1192 2933 1402 2988 causa,
1447 2915 1759 2977 intellexit
1802 2933 1868 2976 se
1917 2923 1980 2976 et
2022 2915 2304 2996 primum
2342 2933 2355 2976 :

2477 1927 2736 2007 ligentia
2796 1946 2921 1989 una
2958 1931 3298 1990 creatum?
3342 1928 3663 1990 Materiam
3714 1948 3964 2012 quoque

2474 2025 2851 2088 inferiorum
2912 2033 3262 2107 posuerunt
3312 2025 3394 2087 ab
3456 2025 3681 2089 infima
3740 2027 3965 2090 intelli·

2473 2125 2686 2204 gentia
2727 2143 2865 2186 esse
2914 2124 3310 2206 productam,
3354 2125 3484 2187 imo
3526 2133 3589 2186 et
3630 2127 3959 2188 elementa.

2472 2223 2805 2304 —Itaque
2854 2223 3205 2284 secundum
3254 2223 3705 2298 Alexandrum,
3754 2225 3963 2287 multi-

2476 2321 2645 2389 tudo,
2706 2321 3035 2383 distinctio
3088 2328 3277 2403 atque
3337 2321 3669 2384 diversitas
3728 2342 3959 2397 rerum,

2471 2419 2795 2481 fontaliter
2840 2419 3214 2500 prodierunt
3254 2439 3291 2481 a
3334 2420 3544 2500 primo
3592 2421 3963 2501 productivo

2472 2518 2811 2599 principie,
2858 2519 3039 2598 juxta
3096 2519 3577 2599 dispositionem
3638 2521 3963 2602 sapientise

2470 2615 2611 2696 ejus
2652 2623 2715 2677 et
2755 2615 3217 2697 exemplarium
3272 2617 3587 2679 rationum
3627 2637 3701 2679 ac
3744 2620 3960 2680 mundi

2469 2714 2816 2796 archetypi.
2864 2715 3105 2795 Nempe
3154 2733 3353 2796 quum
3406 2716 3571 2778 Deus
3620 2715 3703 2778 sit
3751 2736 3961 2780 rerum

2470 2831 2658 2874 causa
2708 2832 2821 2894 per
2872 2813 3290 2888 intellectum,
3336 2813 3472 2894 ipse
3509 2815 3621 2895 qui
3670 2815 3965 2878 universa

2470 2918 2532 2972 et
2567 2911 2818 2992 singula
2859 2911 3051 2974 simul
3097 2912 3377 2993 perfecte
3418 2911 3737 2993 intelligit,
3772 2914 3961 2977 simul

865 3017 1084 3098 sicque
1124 3015 1337 3096 aliquo
1379 3015 1567 3076 modo
1607 3014 1729 3076 suit
1768 3015 2138 3096 composita,
2174 3023 2236 3076 et
2273 3015 2359 3076 ita
2396 3016 2439 3080 C
2471 3010 2821 3090 producere
2865 3011 3073 3091 potuit
3112 3010 3316 3091 plura,
3348 3018 3413 3071 et
3450 3018 3542 3073 tot
3577 3029 3652 3072 ac
3694 3019 3865 3074 tanta
3903 3021 3965 3075 et

866 3113 1164 3197 produxit
1222 3113 1442 3176 orbem
1505 3133 1692 3175 suum
1749 3120 1812 3174 et
1871 3113 2357 3194 intelligentiam

864 3212 1040 3276 orbis
1089 3211 1391 3291 secundi3
1444 3219 1506 3274 et
1549 3212 1635 3273 ita
1676 3211 1978 3293 deinceps
2028 3231 2231 3293 usque
2280 3213 2356 3274 ad

863 3311 1085 3375 orbem
1146 3311 1312 3373 lunae
1363 3318 1425 3372 et
1477 3310 1959 3390 intelligentiam
2016 3311 2354 3382 decimam,

864 3430 1006 3493 quae
1064 3409 1323 3471 irradiat
1380 3427 1573 3490 super
1629 3409 1873 3470 animas
1931 3416 2177 3471 nostras
2230 3430 2243 3473 ε
2296 3418 2359 3471 et

863 3510 1031 3571 sicut
1058 3514 1153 3569 est
1196 3507 1348 3570 ordo
1395 3507 1460 3569 111
1502 3507 1932 3588 producendo,
1967 3507 2052 3568 ita
2097 3508 2161 3569 in
2212 3508 2361 3569 irra-

863 3607 1114 3669 diando.
1151 3641 1226 3651 —
1257 3607 1490 3667 Verum
1534 3606 1638 3667 hic
1679 3623 1854 3667 error
1891 3605 2123 3668 falsum
2169 3606 2359 3668 habet

866 3705 1376 3788 fundamentum,
1435 3703 1734 3766 videlicet
1794 3705 1963 3786 quod
2036 3704 2358 3766 materiale

865 3803 1255 3886 principium
1316 3821 1441 3865 non
1504 3802 1586 3864 sit
1647 3803 2046 3883 productum.
2111 3803 2355 3864 Falsam

862 3920 1116 3984 quoque
1147 3902 1336 3964 habet
1369 3901 1976 3974 rationem,dicendo
2007 3901 2175 3983 quod
2208 3901 2358 3982 quia

861 4001 1380 4083 simplicissimus
1411 4008 1506 4062 est
1535 4001 1722 4072 DeuS,
1748 4019 1874 4062 non
1908 3999 2202 4080 producit
2232 3999 2355 4061 nisi

861 4113 1083 4162 unum.
1120 4101 1254 4161 Imo
1291 4098 1448 4160 ratio
1490 4098 1599 4159 illa
1641 4098 1839 4178 magis
1883 4098 2209 4159 concludit
2247 4115 2358 4178 op-

2473 3107 2639 3182 talia,
2693 3108 2859 3169 sicut
2906 3109 2970 3170 in
3021 3108 3329 3190 sapientia
3380 3127 3494 3170 sua
3543 3110 3857 3191 concepit,
3902 3119 3962 3173 et

2470 3213 2657 3287 prout
2696 3207 2937 3288 placuit
2966 3206 3023 3268 ei
3060 3224 3074 3268 ε
3107 3206 3291 3286 cujus
3336 3215 3459 3268 tam
3501 3207 3964 3289 omnipotentia

2468 3324 2659 3386 quam
2709 3304 3021 3386 sapientia
3062 3323 3135 3367 ac
3182 3304 3459 3380 libertaS,
3505 3324 3765 3388 prorsus
3814 3315 3962 3369 sunt

2469 3403 2761 3476 infinum,
2804 3403 3306 3478 incoarctabileS,
3349 3404 3815 3469 efficacissimae
3858 3425 3963 3488 pe·

2468 3502 2767 3584 nitusque
2818 3502 3185 3580 immensae3
3235 3503 3336 3564 cui
3389 3502 3550 3565 nihil
3596 3504 3763 3566 valet
3813 3505 3962 3567 resi·
4000 3514 4215 3558 upana.
4276 3487 4278 3528 ³

2468 3609 2654 3671 storo,
2690 3600 2819 3662 imo
2858 3600 2963 3662 cui
3005 3619 3130 3662 non
3175 3601 3569 3682 impossibile
3602 3621 3809 3684 neque
3840 3604 3963 3665 dif-
3988 3581 4210 3688 ἵκω,

2468 3699 2642 3760 sicile
2700 3715 2888 3760 omne
2947 3698 3235 3762 verbum.
3300 3701 3443 3763 Haec
3499 3701 3962 3764 sententialiter

2468 3797 2839 3860 Alexander.

2550 3896 2737 3957 Porro
2782 3895 3051 3957 Thomas
3105 3913 3119 3957 ε
3168 3896 3348 3958 Circa
3394 3897 3535 3971 hoc,
3590 3897 3821 3979 inquit,
3868 3908 3965 3962 est

2468 3993 2699 4074 triplex
2728 3993 2965 4075 opinio.
2993 3994 3258 4066 Quidam
3290 4013 3565 4077 namque
3597 3996 3963 4079 philosophi

2468 4100 2838 4174 posuerunt,
2872 4093 3042 4174 quod
3080 4111 3117 4154 a
3151 4093 3355 4174 prima
3398 4113 3587 4155 causa
3625 4102 3721 4156 est
3762 4115 3961 4158 unum

863 4198 1140 4280 positum
1178 4215 1192 4261 :
1225 4196 1527 4278 quoniam
1575 4203 1812 4276 quanto
1859 4195 2014 4276 quid
2061 4203 2159 4257 est
2208 4195 2357 4256 sim·
2389 4197 2437 4259 D
2469 4192 2753 4274 primum
2784 4199 3190 4264 causatum‚a
3220 4210 3348 4274 quo
3378 4202 3632 4255 causata
3660 4193 3789 4256 sint
3818 4195 3959 4257 alia.

863 4295 1095 4377 plicius
1145 4295 1208 4356 in
1255 4301 1500 4366 natura,
1536 4301 1710 4355 tanto
1753 4293 2074 4375 potentius
2118 4300 2251 4371 est3
2296 4301 2360 4354 et

862 4399 1100 4475 quanto
1149 4390 1493 4473 potentiuS,
1546 4398 1716 4452 tanto
1766 4390 1831 4451 in
1884 4389 2067 4471 plura
2127 4397 2352 4472 potest.

861 4491 1069 4564 Quum
1108 4507 1258 4570 ergo
1288 4475 1460 4550 Deus
1495 4487 2012 4570 simplicissimus
2054 4489 2359 4570 potentis-

861 4589 1190 4670 simusque
1237 4586 1560 4661 consistat,
1605 4594 1808 4667 potest
1851 4586 1915 4647 in
1957 4575 2174 4649 omnia
2222 4587 2357 4648 sine

863 4687 1091 4750 medio.
1129 4689 1387 4759 RursuS,
1423 4686 1556 4748 haec
1598 4686 1755 4747 ratio
1796 4685 1887 4748 eis
1929 4694 2257 4768 repugnat.
2294 4687 2358 4748 Si

860 4787 1032 4849 enim
1063 4785 1146 4849 ob
1177 4804 1357 4847 suam
1393 4784 1871 4866 simplicitatem
1903 4802 2027 4846 non
2067 4784 2361 4865 producit

861 4884 985 4948 nisi
1018 4903 1241 4956 unum,
1274 4902 1475 4964 quum
1509 4882 1926 4962 intelligentia
1957 4883 2235 4943 secunda
2267 4881 2361 4943 in·

862 4980 1203 5045 ferioribus
1255 4987 1458 5042 exstet
1505 4980 1882 5062 simplicior,
1926 4999 2039 5042 cur
2090 4980 2153 5041 in
2206 4979 2359 5042 orbe

861 5081 1002 5161 ejus
1047 5079 1248 5159 maj0r
1279 5085 1376 5140 est
1415 5078 1855 5159 multiplicitas
1897 5079 2361 5159 diversitasque

863 5179 1190 5242 stellarum
1237 5197 1428 5259 quam
1471 5178 1534 5239 in
1576 5177 1792 5260 aliquo
1831 5177 1984 5240 orbe
2028 5176 2361 5240 inferiori?

864 5278 1215 5340 Dicendum
1247 5293 1416 5357 erge,
1437 5276 1606 5358 quod
1637 5275 1853 5339 omnia
1883 5276 1947 5339 111
1982 5277 2189 5358 prima
2218 5293 2363 5337 con-

2468 4291 2945 4371 Posueruntque
2987 4308 3178 4351 unam
3231 4290 3718 4371 intelligentiam
3761 4294 3963 4356 creari

2468 4389 2592 4451 alia
2634 4389 2970 4459 mediante,
3004 4397 3067 4450 et
3104 4389 3384 4451 animam
3426 4390 3745 4452 mediante
3784 4392 3967 4454 intel-

2471 4487 2751 4568 ligentia,
2812 4495 2875 4550 et
2938 4487 3331 4569 corporalem
3404 4488 3605 4550 creari
3671 4497 3965 4553 naturam

2470 4586 2787 4647 mediante
2828 4585 3165 4666 spirituali.
3200 4585 3372 4658 Quod
3414 4604 3530 4668 pro
3565 4587 3788 4650 haeresi
3820 4607 3967 4652 con-

2468 4685 2825 4758 demnatur,
2860 4683 3011 4766 quia
3040 4685 3343 4747 honorem
3379 4686 3507 4749 Deo
3535 4685 3823 4749 debitum
3858 4688 3967 4748 tri-

2470 4783 2610 4845 buit
2666 4789 2969 4845 crcaturae
3022 4799 3036 4844 :
3089 4783 3256 4845 unde
3316 4783 3675 4865 propinqua
3732 4793 3830 4846 est
3884 4786 3963 4847 ad

2470 4882 2848 4943 trahendum
2900 4881 2965 4942 in
3011 4881 3450 4944 idololatriam.
3502 4917 3583 4927 —
3630 4882 3755 4944 Alii
3814 4902 3967 4965 ergo

2469 4979 2789 5052 dixerunt,
2822 4980 2992 5061 quod
3030 4980 3265 5042 creatio
3300 4980 3460 5042 nulli
3502 4981 3800 5043 convenit
3836 4999 3967 5044 cre-

2469 5087 2687 5151 aturae,
2742 5097 2951 5160 neque
3009 5078 3573 5141 communicabilis
3630 5087 3748 5153 est,
3798 5080 3967 5142 sicut

2470 5194 2589 5237 nec
2620 5175 2875 5237 infinita
2906 5176 3411 5258 potentia‚quam
3440 5177 3778 5240 creationis
3808 5195 3965 5260 opus

2472 5273 2761 5355 requirit.
2798 5310 2877 5319 —-
2920 5274 3123 5336 Ceteri
3169 5283 3541 5356 posuerunt,
3578 5275 3966 5338 creationem
