4334 6242
833 482 951 550 ΗΟ

1512 502 1576 549 IN
1619 503 1840 549 LIBRUM
1882 502 1927 547 11
1970 496 2452 546 SENTENUARUM.
2499 514 2582 524 -·-
2621 496 2773 543 DtS'r.
2822 495 2881 559 13
2925 496 3150 552 QUAEST.
3200 496 3262 543 tx

832 693 962 736 um.
996 710 1076 718 —
1104 675 1390 755 Insuper,
1426 681 1712 736 creatura
1759 672 1927 735 facta
1968 679 2065 733 est
2106 671 2185 733 ad
2234 688 2328 731 re·
2360 669 2410 730 A
2443 669 2508 730 in
2542 669 2956 750 productione
2985 687 3200 731 rerum
3232 669 3504 730 multum
3538 666 3942 737 distantium,

833 772 1343 854 praesentandum
1402 772 1693 833 divinum
1755 768 2101 851 exemplar,
2158 767 2328 849 quod

829 871 1047 932 omnia
1097 872 1397 933 continet.
1434 870 1725 952 Oportuit
1773 887 1924 949 ergo
1971 868 2115 930 fieri
2164 885 2332 928 crea-

832 976 1038 1030 turam
1080 988 1221 1050 quae
1262 976 1450 1050 prout
1494 968 1670 1030 effici
1712 968 1938 1049 quivit,
1974 974 2175 1028 totum
2218 984 2332 1025 seu

832 1075 1061 1130 cuncta
1114 1075 1593 1150 repraesentaret
1645 1085 1659 1128 ε
1713 1067 1882 1148 quod
1937 1065 2146 1127 facere
2203 1081 2331 1125 non

829 1165 1081 1227 valebat
1129 1172 1414 1227 creatura
1464 1165 1741 1227 totaliter
1790 1163 2160 1247 corporaliS,
2215 1181 2330 1224 nec

832 1283 989 1346 pure
1031 1263 1403 1345 spiritualiS,
1440 1264 1551 1326 sed
1591 1282 1669 1325 ex
1710 1271 1979 1345 utroque
2020 1262 2218 1324 unita.
2251 1296 2334 1307 --

831 1363 1154 1437 Praeterea,
1205 1362 1497 1444 quamvis
1547 1362 1760 1423 anima
1810 1361 2085 1443 simplex
2134 1360 2218 1422 sit
2267 1361 2331 1421 in

832 1480 947 1523 sua
983 1461 1279 1535 essentia,
1314 1468 1409 1523 est
1459 1469 1667 1523 tamen
1710 1460 2049 1542 multiplex
2090 1460 2155 1520 in
2199 1459 2332 1521 suis

834 1560 1153 1643 potentiis.
1217 1560 1552 1641 Quumque
1620 1560 1972 1622 secundum
2041 1558 2330 1622 ordinem

834 1659 1301 1741 perfectionum
1345 1665 1633 1739 oporteat
1677 1677 1815 1720 esse
1860 1658 2149 1721 ordinem
2197 1676 2334 1738 per-

833 1756 1528 1839 fectibilium,oportuit
1552 1774 1783 1839 corpus
1814 1756 2176 1837 hujusmodi
2207 1755 2337 1817 ani-

2441 776 2504 829 et
2536 768 2601 829 in
2632 787 2851 829 earum
2895 768 3346 849 conjunctione
3385 767 3462 829 ad
3504 767 3800 829 invicem.
3835 767 3950 830 Po·

2445 868 2638 930 tentia
2697 887 2971 949 namque
3033 876 3204 931 tanto
3253 868 3598 931 virtuosior
3655 884 3948 949 compro-

2443 965 2651 1040 batur,
2694 974 2933 1047 quanto
2976 966 3121 1048 plus
3173 974 3378 1047 potest
3427 984 3619 1047 super
3664 966 3946 1027 multum

2443 1065 2758 1127 distantia.
2795 1066 3000 1127 Prima
3045 1082 3196 1127 vero
3243 1073 3306 1126 et
3349 1084 3600 1126 summa
3649 1064 3948 1127 substan—

2441 1164 2676 1225 tiarum
2734 1164 3056 1237 distantia,
3116 1171 3213 1225 est
3270 1164 3436 1225 inter
3493 1164 3944 1245 incorporeum

2441 1270 2629 1344 atque
2661 1280 3036 1344 corporeum
3073 1279 3087 1323 ε
3123 1262 3220 1324 hae
3254 1262 3495 1343 quippe
3537 1270 3684 1323 sunt
3716 1262 3946 1343 primae

2441 1360 2822 1423 differentiae
2851 1361 3121 1441 generis,
3160 1361 3322 1441 Ergo
3350 1361 3428 1422 ad
3459 1361 3579 1422 hoc
3609 1360 3778 1441 quod
3811 1361 3948 1442 ple—

2444 1478 2523 1522 ne
2572 1459 2789 1522 divina
2838 1459 3280 1522 manifestetur
3325 1460 3948 1541 potentia‚,necesse

2443 1557 2566 1619 fuit
2614 1558 3034 1620 substantiam
3085 1558 3478 1638 corporalem
3527 1576 3600 1619 ac
3650 1558 3950 1639 spiritua-

2446 1656 2569 1718 lem
2604 1657 2974 1739 producere,
3006 1675 3079 1718 ac
3112 1656 3449 1738 productas
3481 1656 3683 1718 unire.
3719 1656 3948 1718 Decuit

2443 1773 2697 1837 quoque
2737 1754 2937 1816 Deum
2980 1772 3078 1817 res
3122 1755 3205 1815 ita
3245 1755 3593 1836 producere
3635 1762 3704 1816 ut
3743 1755 3810 1816 in
3848 1756 3948 1816 eis

836 1876 955 1919 mae
1004 1874 1141 1917 esse
1186 1856 1656 1937 quodaminodo
1699 1856 1972 1937 simplex
2021 1862 2330 1937 quantum
2366 1854 2412 1916 B
2443 1852 2869 1914 declararetur
2909 1852 3051 1934 ejus
3093 1852 3424 1935 sapientia.
3467 1853 3790 1934 Sapientia
3831 1871 3945 1914 au-

834 1956 912 2016 ad
962 1974 1122 2027 esse,
1169 1964 1233 2016 et
1280 1953 1617 2035 multiplex
1663 1954 2076 2035 operatione:
2113 1954 2332 2035 sicque

834 2054 1115 2137 oportuit
1149 2054 1357 2136 ipsum
1389 2072 1528 2115 esse
1562 2054 1835 2115 mixtum
1868 2052 2335 2134 complexiona-

836 2162 971 2215 tum
1022 2152 1415 2234 organicum,
1469 2161 1538 2214 ut
1586 2171 1701 2234 per
1747 2152 1997 2214 diversa
2048 2150 2333 2213 membra

836 2271 947 2313 seu
997 2269 1230 2332 organa
1276 2250 1418 2332 ejus
1466 2250 1732 2313 diversae
1776 2250 2057 2312 actiones
2106 2248 2336 2311 animae

835 2357 1299 2413 exercerentur.
1337 2350 1411 2410 Et
1442 2349 1592 2431 quia
1633 2349 1697 2411 in
1728 2348 2169 2412 contrarietate
2207 2356 2336 2410 tan-

836 2456 902 2511 to
951 2448 1152 2530 major
1198 2466 1492 2509 accessus
1550 2456 1643 2509 est
1698 2448 1775 2509 ad
1831 2446 2332 2530 simplicitatem,

837 2556 1075 2632 quanto
1137 2547 1335 2627 magis
1395 2547 1719 2609 acceditur
1777 2548 1855 2610 ad
1920 2547 2203 2608 medium
2262 2564 2335 2607 ac

837 2646 1265 2729 {equalitatem
1292 2646 1414 2725 (sic
1448 2646 1619 2707 enim
1656 2646 1720 2706 in
1763 2663 1889 2707 uno
1921 2645 2332 2719 conveniunt,

838 2746 1141 2827 quoniam
1200 2744 1503 2817 medium,
1554 2752 1851 2805 neutrum
1904 2752 2336 2805 extremorum

838 2852 936 2905 est
976 2843 1171 2923 actu),
1200 2842 1351 2904 hinc
1390 2842 1671 2923 oportuit
1711 2860 1941 2923 corpus
1981 2842 2334 2905 humanum

841 2942 905 3003 in
938 2940 1377 3023 complexione
1410 2939 2014 3022 temperatissimum
2047 2958 2205 3002 esse.
2223 2941 2336 3003 Un-

2445 1959 2572 2013 tem
2629 1951 2898 2013 artificis
2956 1951 3306 2032 praesertirn
3367 1960 3534 2033 patet
3585 1952 3649 2013 in
3698 1952 3946 2015 ordinis

2446 2050 2853 2131 perfectione.
2898 2049 3062 2113 Ordo
3106 2067 3257 2112 vero
3296 2051 3374 2112 de
3419 2050 3794 2112 necessitate
3839 2051 3949 2114 ha-

2445 2148 2551 2209 bet
2609 2168 2981 2230 supremum
3030 2156 3092 2209 et
3143 2149 3427 2211 medium
3485 2167 3558 2211 ac
3613 2149 3940 2211 infimum.

2445 2248 2778 2328 Quumque
2810 2246 3110 2309 infimum
3151 2248 3235 2309 sit
3274 2255 3496 2310 natura
3536 2268 3693 2330 pure
3725 2265 3946 2329 corpo-

2445 2345 2617 2418 raliS,
2660 2365 2984 2408 summum
3029 2354 3244 2408 autem
3292 2354 3517 2409 natura
3564 2346 3942 2429 spiritualis,

2449 2444 2729 2506 medium
2766 2463 2916 2507 vero
2955 2445 3306 2528 composita
3344 2466 3421 2507 ex
3464 2452 3769 2527 utraque3
3814 2445 3942 2507 nisi

2445 2543 2611 2603 Deus
2639 2542 2855 2604 omnia
2885 2542 3018 2605 haee
3051 2542 3326 2617 fecisset,
3345 2561 3473 2605 non
3503 2544 3948 2605 ostenderetur

2448 2639 2513 2701 in
2557 2639 2747 2702 rebus
2793 2640 3070 2722 perfecte
3115 2641 3428 2723 sapientia
3469 2641 3630 2723 ejus,
3675 2642 3949 2723 Insuper

2445 2738 2660 2801 decuit
2706 2738 2906 2801 Deum
2957 2747 3274 2803 creaturas
3335 2740 3420 2802 ita
3470 2741 3821 2822 producere
3873 2748 3948 2801 ut

2445 2838 2886 2899 ostenderetur
2914 2837 3164 2900 bonitas
3194 2838 3334 2920 ejus
3369 2858 3383 2902 :
3416 2859 3558 2920 quae
3587 2839 3949 2901 declaratur

2449 2937 2514 2997 in
2563 2934 2910 2999 diffusione
2957 2946 3020 2997 et.
3069 2937 3646 3000 communicatione
3705 2938 3803 3000 sui
3861 2938 3946 3001 ad

838 3040 917 3101 de
948 3046 1009 3102 et
1043 3040 1108 3102 in
1141 3058 1404 3121 corpore
1436 3039 1717 3101 humano
1746 3057 2005 3101 necesse
2039 3039 2161 3100 fuit
2193 3039 2337 3120 plus
2371 3042 2412 3105 C
2445 3035 2738 3107 alterum,
2771 3042 2834 3095 et
2877 3036 3198 3118 praecipue
3249 3036 3314 3097 in
3363 3036 3946 3098 communicatione

839 3159 977 3202 esse
1016 3140 1093 3201 de
1140 3147 1324 3200 terra.
1358 3138 1515 3200 Nam
1556 3137 1870 3200 elementa
1910 3145 2147 3219 quanto
2192 3137 2338 3219 plus

838 3239 1077 3300 habent
1124 3238 1201 3299 de
1261 3236 1486 3310 forma,
1537 3244 1711 3298 tanto
1770 3236 1915 3317 plus
1968 3236 2204 3299 habent
2260 3236 2337 3297 de

839 3338 1076 3401 virt-ute
1120 3336 1346 3399 activa.
1382 3336 1623 3398 Idcirco
1664 3353 1789 3397 non
1831 3345 2045 3416 posset
2084 3335 2339 3417 aequali-

840 3446 934 3499 tas
977 3437 1144 3509 fieri,
1180 3435 1305 3498 nisi
1348 3435 1425 3497 de
1470 3434 1569 3496 his
1612 3454 1753 3517 quae
1798 3435 1941 3516 plus
1984 3433 2221 3496 habent
2259 3435 2336 3496 de

842 3536 1105 3598 materia
1156 3542 1216 3596 et
1280 3534 1491 3596 minus
1551 3534 1629 3596 de
1683 3533 1887 3596 forma
1934 3552 2045 3596 seu
2098 3535 2334 3616 specie,

841 3635 985 3717 plus
1020 3632 1112 3695 ibi
1142 3640 1310 3695 esset-
1340 3633 1690 3694 secundum
1727 3632 2161 3714 quantitatem.
2195 3633 2337 3695 Haec

840 3734 1076 3796 Petrus.

921 3829 1207 3912 Denique
1238 3829 1406 3891 circa
1435 3829 1569 3891 haec
1601 3828 1824 3890 scribit
1854 3828 2294 3890 Bonaventura
2320 3848 2333 3892 ε

840 3930 1061 3993 Decuit
1104 3929 1303 3990 Deum
1346 3927 1517 3989 hunc
1562 3926 1769 3989 facere
1808 3926 2095 3989 ordinem
2141 3927 2205 3988 in
2249 3946 2341 3989 re-

841 4030 961 4091 bus
1001 4027 1250 4101 creatiS,
1286 4033 1355 4088 ut
1394 4026 1684 4107 quaedam
1724 4034 1935 4087 essent
1970 4024 2340 4090 substantiae

840 4128 1097 4210 penitus
1141 4124 1521 4208 corporaleS,
1565 4124 1854 4205 quaedam
1904 4124 2167 4185 omnino
2217 4124 2342 4205 spi-

2446 3133 2992 3195 nobilissimorum
3040 3142 3324 3209 actuum,
3369 3135 3480 3216 qui
3527 3144 3676 3197 sunt
3727 3136 3946 3197 vivere

2447 3240 2511 3294 et
2551 3232 2944 3313 intelligere3
2988 3233 3262 3295 maxime
3303 3252 3453 3296 vero
3493 3233 3559 3295 in
3597 3234 3740 3308 hoc,
3776 3242 3846 3295 ut
3880 3242 3947 3295 et

2448 3338 2735 3393 creatura
2769 3330 2968 3413 possit
2999 3331 3114 3393 hos
3153 3340 3332 3395 actus
3370 3332 3477 3394 alii
3511 3332 3944 3396 communica-

2449 3449 2534 3492 re.
2571 3430 2690 3492 Sed
2736 3430 2956 3492 vivens
3003 3439 3192 3513 atque
3239 3431 3621 3513 intelligenS,
3654 3440 3750 3495 est
3795 3432 3946 3493 sub-

2448 3529 2679 3590 stantia
2734 3528 3122 3611 spiritualis3
3170 3537 3233 3590 et
3280 3530 3450 3612 quod
3500 3549 3613 3612 per
3659 3549 3803 3593 eam
3853 3531 3948 3592 vi-

2449 3627 2746 3689 vificatur
2786 3634 2850 3689 et
2892 3626 3246 3709 perficitur,
3289 3645 3520 3711 corpus
3561 3637 3674 3691 est.
3712 3629 3948 3711 Sicque

2448 3727 2526 3789 ad
2567 3725 2913 3809 perfectam
2957 3726 3189 3789 divinae
3232 3726 3532 3789 bonitatis
3583 3726 3950 3791 manifesta-

2449 3826 2687 3888 tionem
2728 3844 2986 3887 necesse
3019 3824 3144 3887 fuit
3171 3825 3318 3888 fieri
3355 3826 3778 3889 substantiam
3817 3828 3948 3909 spi-

2451 3924 2741 3985 ritualem
2791 3932 2854 3985 et
2902 3923 3313 4006 corporalem.
3366 3925 3514 3998 Quae
3572 3942 3698 3987 non
3749 3926 3952 3988 mani-

2452 4022 2754 4085 festarent
2795 4022 2914 4084 hoc
2957 4022 3166 4104 plene,
3200 4022 3325 4084 nisi
3371 4030 3436 4085 et
3479 4042 3604 4085 una
3650 4042 3718 4086 se
3760 4024 3948 4086 alteri

2451 4120 2952 4183 communicaret
2999 4138 3012 4181 ε
3066 4121 3235 4201 quod
3285 4120 3429 4182 fieri
3479 4122 3773 4204 nequivit
3819 4122 3947 4185 nisi

840 4227 1121 4299 ritualeS,
1166 4224 1455 4305 quaedam
1505 4222 1751 4296 mediae,
1807 4230 1870 4283 ut
1923 4221 2214 4284 homines
2264 4242 2339 4284 ex
2370 4224 2419 4286 D
2452 4237 2564 4300 per
2624 4218 2924 4280 unionem
2981 4216 3335 4280 ambarum.
3398 4218 3628 4301 Sicque
3687 4238 3948 4282 necesse

840 4323 1153 4407 corporali
1183 4330 1245 4384 et
1276 4320 1592 4403 spirituali
1624 4328 1847 4382 natura
1878 4321 2230 4401 compositi.
2248 4322 2340 4383 Ad

842 4421 1299 4507 perfectionem
1340 4419 1577 4481 etenim
1625 4418 1904 4481 universi
1950 4419 2069 4481 hoc
2111 4419 2342 4500 triplex

841 4541 1041 4603 genus
1089 4519 1365 4601 exigitur
1414 4524 1673 4599 propter
1721 4517 2041 4598 triplicem
2093 4517 2345 4578 univer-

843 4620 897 4682 si
954 4618 1438 4701 perfectionem,
1491 4633 1632 4696 quae
1689 4614 2037 4676 attenditur
2090 4615 2154 4676 in
2214 4634 2344 4676 am-

843 4718 1147 4801 pliatione
1192 4714 1493 4783 ambitus,
1528 4720 1591 4774 et
1634 4710 2026 4775 sufficientia
2073 4713 2338 4787 ordiniS,

842 4826 1032 4900 atque
1082 4815 1147 4877 in
1200 4812 1538 4875 influentia
1585 4810 1886 4872 bonitatis
1929 4828 1942 4872 ε
1989 4811 2053 4872 in
2105 4810 2342 4893 quibus

845 4916 1050 4978 tribus
1089 4913 1461 4975 universum
1497 4908 1800 4990 exprimit
1828 4915 1891 4969 et
1920 4908 2196 4970 ostendit
2231 4909 2340 4970 tri-

845 5013 1081 5096 plicem
1112 5008 1569 5094 perfectionem
1602 5006 1667 5068 in
1700 5007 1846 5079 Deo,
1882 5006 2199 5080 videlicet,
2235 5025 2343 5089 po-

844 5112 1079 5185 tentiae,
1112 5108 1459 5191 sapientiae,
1501 5104 1821 5168 bonitatis.
1860 5104 2083 5166 Decuit
2127 5104 2340 5187 itaque

845 5213 1047 5275 Deum
1095 5208 1188 5270 sic
1236 5207 1445 5268 facere
1494 5212 1723 5266 cuncta
1771 5211 1841 5265 ut
1887 5211 2099 5265 essent
2146 5204 2344 5265 mani·

846 5308 1139 5375 festativa
1182 5324 1311 5369 suae
1351 5304 1672 5388 potentiae,
1714 5322 1855 5384 quae
1900 5302 2344 5365 manifestatur

2450 4317 2571 4379 fuit
2601 4316 2745 4379 fieri
2777 4318 3193 4400 compositam
3225 4336 3302 4379 ex
3335 4325 3620 4400 utraque.
3653 4354 3735 4364 —
3762 4319 3943 4393 Item,

2449 4417 2503 4478 si
2557 4416 2816 4497 ponitur
2863 4416 3229 4478 differentia
3286 4435 3411 4477 una
3457 4417 3943 4491 contrarietatiS,

2451 4533 2600 4595 ergo
2652 4522 2714 4576 et
2761 4514 2957 4576 altera
3009 4532 3023 4575 ε
3075 4514 3128 4576 si
3181 4514 3374 4595 igitur
3423 4516 3792 4598 corporaliS‚
3841 4534 3945 4577 er-

2449 4630 2529 4693 go
2557 4621 2619 4674 et
2648 4612 3019 4693 spiritualis.
3056 4612 3132 4673 Et
3161 4613 3213 4674 si
3255 4631 3490 4694 ponere
3530 4620 3626 4675 est
3663 4622 3949 4677 extrema

2451 4711 2927 4793 componibilia,
2974 4730 3122 4793 ergo
3171 4719 3231 4773 et
3283 4712 3586 4775 medium.
3639 4713 3783 4777 Haec
3830 4714 3946 4777 Bo-

2452 4818 2818 4872 naventura.

2547 5006 2634 5067 De
2693 5004 2810 5067 hac
2870 5006 3133 5068 materia
3191 5006 3375 5069 multi
3433 5008 3720 5071 doctores
3782 5009 3946 5071 nihil

2449 5104 2738 5165 scribunt
2768 5104 2834 5166 in
2863 5104 3270 5167 distinctione
3301 5107 3620 5186 praesenti,
3642 5107 3944 5189 quoniam

2450 5203 2618 5264 infra
2673 5200 2976 5265 diffusius
3034 5202 3246 5265 locum
3305 5204 3567 5267 sortitur
3627 5226 3642 5269 :
3705 5206 3946 5270 idcirco

2451 5308 2837 5384 pertranseo,
2875 5302 2950 5363 Et
2989 5321 3130 5386 quae
3170 5301 3464 5365 Albertus
3509 5303 3673 5366 libro
3712 5305 3792 5367 de
3827 5306 3945 5370 Ho-
