4334 6242
593 978 677 1019 art.
702 977 743 1021 2.

833 486 954 550 446

1201 547 1230 568 Q

1499 507 1564 554 IN
1606 507 1826 553 LIBRUM
1869 507 1910 552 11
1955 502 2439 552 snumNrtAnuu.
2486 520 2566 530 —
2607 503 2759 548 msT.
2799 501 2948 565 vm3
2993 503 3217 558 QUAEST.
3266 503 3287 548 1

833 676 900 738 B.
936 676 1238 738 Ber-nardi
1284 684 1491 759 potest
1530 677 1823 756 intelligi,
1858 675 2026 757 quod
2072 672 2339 756 spiritus
2369 671 2420 736 A
2450 679 2694 754 quarto,
2737 671 2825 734 ait
2858 689 2872 733 :
2908 670 2969 734 Si
3013 671 3158 753 quis
3202 672 3392 746 dicat,
3426 672 3593 754 quod
3641 689 3951 753 apparen-

836 775 1029 837 creati
1065 775 1387 856 indigeant
1420 793 1724 857 corporeo
1755 775 2181 836 instrumento
2211 789 2338 833 non

835 873 1209 935 naturaliter
1238 873 1440 948 unite,
1464 874 1572 937 sed
1605 874 1682 935 ad
1713 872 1955 954 aliquid
1986 877 2333 950 assumpto.

915 973 1183 1053 Insuper
1228 972 1307 1034 de
1361 971 1799 1053 assumptione
1859 987 2200 1052 corporum
2258 967 2339 1029 ab

835 1071 1080 1152 angele,
1115 1071 1339 1133 scribit
1381 1071 1652 1133 Thomas
1695 1089 1769 1132 ea
1809 1089 1950 1152 quae
1993 1087 2070 1130 ex
2105 1065 2340 1128 Hanni-

835 1169 977 1232 bale
1005 1169 1138 1250 jam
1179 1170 1346 1231 dicta
1385 1177 1555 1242 sunt,
1589 1176 1652 1231 et
1692 1168 1864 1230 addit
1901 1184 1915 1229 :
1948 1164 2172 1246 Angeli
2212 1182 2339 1226 non

836 1268 1124 1348 indigent
1156 1286 1418 1350 corpore
1451 1276 1710 1350 propter
1740 1285 1807 1328 se
1840 1265 2032 1348 ipsoS‚
2057 1264 2166 1326 sed
2200 1279 2342 1344 pro-

835 1374 978 1448 pte-r
1025 1384 1162 1440 nOS,
1202 1373 1273 1428 ut
1320 1385 1468 1427 cum
1517 1363 1887 1428 hominibus
1938 1361 2341 1424 familiariter

835 1465 1289 1540 conversando,
1322 1466 1658 1528 ostendant
1701 1461 2100 1546 spiritualem
2146 1460 2342 1522 socie-

836 1572 1028 1626 tatem
1081 1583 1274 1646 quam
1318 1563 1611 1626 homines
1655 1581 1801 1624 cum
1849 1561 2004 1642 ipsis
2052 1559 2114 1622 in
2160 1557 2340 1621 coelis

834 1671 984 1725 sunt
1023 1662 1323 1725 habituri.
1359 1662 1472 1724 Illa
1512 1679 1767 1744 quoque
1811 1659 2166 1739 assumptio
2206 1674 2340 1718 cor-

835 1780 1060 1844 porum
1099 1762 1163 1823 in
1195 1761 1392 1823 veteri
1429 1761 1829 1823 Testamento
1859 1757 1983 1819 fuit
2012 1756 2221 1837 figura
2254 1755 2342 1816 in-

2449 771 2552 834 tiae
2585 771 2649 832 in
2680 770 2983 851 operibus
3017 789 3344 852 magorum
3387 789 3513 832 non
3553 778 3697 832 sunt
3732 788 3955 832 secun·

2450 871 2601 931 dum
2654 885 2913 931 sensum
2962 869 3366 942 exteriorem,
3400 870 3509 932 scd
3561 877 3807 932 tantum
3856 887 3953 931 se-

2451 969 2732 1030 cundum
2781 967 3320 1049 imaginationem,
3368 987 3493 1030 non
3537 967 3790 1031 videtur
3831 968 3953 1030 hoc

2450 1085 2695 1129 verum.
2730 1067 2867 1129 Non
2915 1068 3089 1129 enim
3137 1067 3329 1130 alicui
3378 1075 3687 1150 apparent
3732 1066 3955 1130 formae

2451 1165 2812 1246 imaginatae
2859 1167 3040 1248 quasi
3090 1184 3190 1229 res
3239 1185 3426 1239 verae,
3470 1166 3597 1228 nisi
3642 1165 3755 1228 fiat
3805 1165 3957 1228 alie-

2451 1264 2624 1326 natio
2662 1263 2743 1326 ab
2787 1263 3211 1327 exterioribus
3251 1263 3545 1327 sensibus
3583 1281 3599 1325 ι
3635 1263 3786 1345 quia
3824 1280 3953 1325 non

2453 1369 2661 1443 potest:
2697 1381 2835 1424 esse
2878 1363 3047 1444 quod
3097 1361 3631 1424 similitudinibus
3672 1362 3956 1424 attenda-

2452 1468 2556 1522 tur
2583 1469 2886 1543 tanquam
2922 1461 3135 1536 rebuS,
3168 1462 3293 1524 nisi
3326 1461 3518 1542 ligato
3552 1461 3825 1524 naturali
3853 1461 3954 1542 ju-

2452 1560 2621 1622 dicio
2650 1579 2895 1622 sensuS.
2929 1560 3307 1641 Hujusmodi
3337 1569 3551 1623 autem
3588 1559 3955 1622 collocutio-

2452 1677 2564 1720 nes
2604 1667 2668 1721 et
2709 1659 3139 1741 apparitiones
3184 1659 3349 1721 fiunt
3394 1660 3471 1722 ad
3510 1659 3805 1722 homines
3845 1658 3956 1740 qui

2452 1757 2872 1820 exterioribus
2918 1757 3211 1820 sensibus
3256 1757 3455 1820 libere
3496 1757 3958 1839 actualiterque

835 1859 1218 1923 carnationis
1251 1859 1439 1921 Verbi
1481 1858 1722 1922 aeterni.
1757 1893 1836 1902 —
1861 1856 2088 1920 Unitur
2121 1861 2335 1917 autem
2376 1855 2422 1918 B
2455 1864 2739 1919 utuntur.
2774 1853 2911 1920 Non
2950 1865 3047 1919 est
3084 1875 3233 1938 ergo
3280 1856 3587 1939 possibile
3632 1858 3801 1939 quod
3844 1857 3959 1919 hu-

837 1976 1068 2040 corpus
1117 1957 1342 2039 angelo
1390 1976 1516 2019 non
1567 1956 1772 2019 solum
1819 1962 1888 2015 ut
1935 1954 2185 2026 motori,
2227 1953 2335 2014 sed

836 2065 906 2118 ut
939 2057 1166 2120 motori
1209 2062 1659 2138 repraesentato
1690 2073 1803 2136 per
1833 2071 2064 2133 corpus
2102 2049 2337 2113 mobile

834 2162 1258 2236 assumptum.
1294 2152 1838 2225 Quemadmodum
1870 2150 2043 2212 enim
2077 2150 2140 2210 in
2174 2147 2337 2211 Scri-

836 2253 1042 2335 pturis
1097 2252 1516 2335 proprietates
1568 2249 2072 2331 intelligibilium
2122 2265 2335 2308 rerum

835 2351 955 2413 sub
987 2349 1517 2413 similitudinibus
1549 2348 1947 2412 sensibilium
1980 2345 2341 2409 describun-

835 2457 960 2524 tur,
1010 2450 1102 2512 sic
1152 2448 1483 2511 sensibilia
1531 2464 1792 2528 corpora
1849 2445 1933 2507 ita
1981 2444 2340 2507 formantur

835 2548 1070 2610 virtute
1110 2547 1327 2609 divina
1360 2546 1439 2608 ab
1473 2545 1738 2626 angeliS,
1773 2552 1841 2605 ut
1876 2551 2227 2624 congruant
2260 2541 2337 2603 ad

837 2643 1418 2726 repraesentandum
1460 2641 1668 2722 angeli
1714 2638 2152 2720 intelligibiles
2197 2656 2338 2720 pro-

837 2743 1156 2825 prietates
1200 2776 1280 2786 —
1319 2741 1461 2803 Haec
1505 2739 1776 2804 Thomas
1823 2739 1887 2800 in
1932 2738 2213 2800 Summa.

915 2841 1008 2902 Ad
1061 2840 1228 2902 idem
1273 2837 1674 2921 probandum
1721 2838 1936 2898 valent
1976 2836 2192 2898 omnia
2242 2854 2341 2896 su-

836 2938 1055 3021 perius
1085 2938 1444 3001 introducta
1472 2937 1550 2998 de
1582 2935 1993 3018 simplicitate
2025 2942 2086 2996 et·
2118 2933 2341 2995 imma-

2448 1955 2729 2035 jusmodi
2790 1955 2925 2018 visa
2985 1955 3085 2017 vel
3143 1955 3360 2018 audita
3416 1957 3544 2018 sint
3600 1955 3957 2017 secundum

2452 2054 2971 2135 imaginationem
3026 2055 3372 2117 dumtaxat.
3424 2089 3505 2100 -—
3552 2054 3785 2116 Verum
3837 2054 3957 2116 hoc

2449 2151 2716 2214 verbum
2750 2152 2809 2214 S.
2829 2152 3083 2216 Thomae
3108 2151 3363 2214 videtur
3391 2150 3773 2234 quibusdam
3808 2173 3961 2234 prae-

2449 2249 2684 2312 habitis
2716 2249 3335 2332 repugnare,quibus
3367 2250 3608 2312 dictum
3639 2259 3753 2324 est,
3767 2251 3957 2314 etiam

2450 2368 2708 2411 sensum
2743 2349 3121 2411 exteriorem
3164 2366 3349 2430 posse
3389 2349 3481 2410 sic
3514 2349 3840 2411 immutari
3874 2349 3955 2411 ab

2450 2447 2759 2520 interiori,
2794 2447 2962 2528 quod
3007 2465 3106 2508 res
3149 2447 3363 2528 aliqua
3400 2447 3735 2530 apparebit
3771 2447 3954 2530 quasi

2450 2544 2528 2605 ad
2570 2551 2747 2606 extra
2789 2563 2938 2607 vere
2981 2543 3249 2625 objecta.

2535 2643 2839 2706 Praeterea
2878 2643 2943 2704 in
2984 2643 3191 2724 prima
3229 2651 3405 2724 parte
3450 2643 3749 2715 Summae,
3784 2662 3953 2725 quae-

2451 2741 2655 2804 stione
2704 2741 3052 2804 centesima
3100 2741 3438 2804 undecima
3488 2759 3503 2803 ε
3552 2741 3789 2804 Natura
3832 2742 3954 2822 (in-

2452 2841 2619 2924 quit)
2651 2840 2997 2921 corporalis
3026 2839 3243 2902 obedit
3279 2841 3505 2921 angelo
3533 2849 3845 2922 quantum
3876 2842 3953 2903 ad

2454 2947 2697 3002 motum
2740 2938 3025 3001 localem.
3058 2939 3205 3001 Ideo
3244 2957 3386 3020 quae
3428 2957 3505 3001 ex
3547 2947 3724 3002 motu
3770 2940 3958 3003 locali

837 3037 1174 3099 terialitate
1225 3035 1790 3116 intelligentiarum
1839 3041 1901 3094 et
1943 3031 2335 3114 angelorum.
2379 3033 2423 3097 C
2453 3037 2811 3119 aliquorum
2856 3054 3194 3119 corporum
3229 3044 3473 3119 queunt
3510 3037 3779 3111 causari,
3815 3038 3961 3100 sub·

917 3137 1184 3218 Insuper
1214 3135 1278 3197 in
1310 3136 1572 3198 Summa
1603 3141 1822 3195 contra
1851 3131 2142 3213 gentileS,
2179 3130 2341 3193 libro

836 3235 1138 3308 secund0,
1202 3233 1482 3315 capitulo
1540 3231 1973 3312 nonagesim0‚
2039 3229 2344 3311 multipli-

838 3335 996 3396 citer
1046 3331 1271 3415 probat
1319 3330 1612 3404 Thomas,
1655 3329 1826 3411 quod
1877 3328 2038 3390 nulli
2090 3326 2341 3409 corpori

839 3431 962 3494 nisi
1030 3431 1312 3493 humano
1375 3430 1632 3490 uniatur
1685 3426 2135 3488 intellectualis
2196 3426 2344 3487 sub-

839 3528 1072 3592 stantia
1120 3537 1188 3591 ut
1233 3527 1437 3590 forma
1486 3525 1923 3588 substantialis
1975 3523 2338 3586 intrinseca.

841 3628 963 3690 Aut
1013 3627 1188 3689 enim
1240 3627 1531 3688 uniretur
1578 3623 1827 3705 corpori
1883 3622 2187 3705 simplici,
2236 3629 2346 3684 aut

843 3727 1061 3788 mixt0.
1115 3725 1250 3788 Non
1312 3723 1615 3805 simplici,
1669 3721 1972 3804 quoniam
2031 3721 2345 3782 elementa

843 3825 1316 3909 imperfectiora
1346 3832 1493 3886 sunt
1525 3823 1762 3897 mixtiS,
1797 3831 1858 3884 et
1891 3821 2347 3904 propinquiora

844 3927 1067 4009 primae
1098 3923 1372 3987 materiae
1392 3940 1406 3984 :
1426 3922 1664 3984 idcirco
1694 3919 2199 4002 imperfectiores
2230 3917 2351 3982 for-

844 4045 963 4088 mae
992 4030 1362 4106 competunt
1394 4021 1502 4083 eis,
1519 4022 1776 4095 Rursus,
1791 4037 2053 4102 corpora
2083 4018 2351 4080 elemen-

843 4123 1004 4187 taria
1050 4129 1312 4205 propter
1354 4138 1612 4182 suarum
1657 4117 2101 4181 excellentiam
2148 4117 2349 4199 quali-

2456 3145 2601 3198 sunt
2653 3135 2925 3198 naturali
2984 3135 3354 3215 angelorum
3402 3135 3645 3197 virtuti.
3698 3135 3961 3218 Appari-

2456 3234 2661 3296 tiones
2710 3251 2860 3296 vero
2920 3232 3309 3314 imaginariae
3359 3233 3741 3315 quandoque
3792 3233 3961 3295 fiunt

2456 3333 2523 3394 in
2582 3330 2767 3394 nobis
2825 3350 2903 3394 ex
2962 3330 3145 3392 locali
3206 3331 3556 3393 mutatione
3614 3331 3961 3413 spirituum

2456 3430 2883 3512 corporalium
2928 3437 2991 3490 et
3030 3429 3372 3491 humorum
3410 3447 3425 3490 ε
3462 3438 3530 3490 ut
3570 3429 3633 3491 in
3678 3429 3842 3491 libro
3882 3430 3959 3492 de

2458 3529 2692 3592 Somno
2721 3535 2785 3588 et
2813 3527 3032 3607 vigilia
3061 3526 3286 3589 scribit
3318 3526 3758 3609 PhilosophuS,
3789 3528 3958 3609 quod

2457 3629 2609 3689 dum
2650 3625 2885 3687 animal
2931 3625 3185 3700 dormit,
3220 3625 3643 3687 descendente
3681 3626 3961 3707 plurimo

2458 3725 2765 3805 sanguine
2795 3725 2872 3786 ad
2905 3724 3294 3806 principium
3330 3723 3731 3798 sensitivum,
3766 3724 3960 3787 simul

2457 3824 2851 3885 descendunt
2884 3832 3115 3897 motuS,
3148 3823 3212 3885 id
3251 3830 3348 3885 est
3388 3823 3841 3904 impressiones
3872 3841 3963 3885 re-

2460 3922 2625 3985 lictae
2674 3941 2750 3984 ex
2797 3922 3199 3984 sensibilium
3252 3921 3664 3995 motionibus,
3705 3941 3849 4004 quae
3896 3921 3961 3984 in

2460 4020 2793 4104 spiritibus
2837 4020 3158 4082 sensitivis
3203 4027 3680 4095 conservantur,
3722 4039 3796 4083 ac
3838 4039 3967 4082 mo-

2460 4128 2610 4183 vent
2651 4119 3042 4201 principium
3086 4119 3503 4199 sensitivum3
3544 4118 3631 4181 ita
3674 4120 3845 4201 quod
3886 4118 3965 4182 fit

842 4229 1042 4284 tatum
1116 4228 1180 4282 et
1248 4217 1790 4292 contrarietatum,
1854 4223 2002 4278 sunt
2069 4215 2347 4278 invicem
2380 4214 2431 4278 D
2463 4217 2751 4301 quaedam
2795 4216 3131 4299 apparitio,
3164 4235 3238 4279 ac
3281 4216 3334 4279 si
3375 4225 3529 4280 tunc
3569 4218 3965 4301 principium

843 4319 1053 4383 activa
1094 4325 1284 4400 atque
1335 4315 1634 4398 passiva:
1669 4333 1794 4378 non
1840 4332 1989 4395 ergo
2033 4313 2353 4376 immorta-

845 4418 1015 4481 libus
1048 4417 1173 4479 illis
1205 4413 1612 4479 conveniunt.
1647 4412 1866 4494 Neque
1907 4413 2156 4495 corpori
2190 4412 2350 4474 mix-

846 4525 911 4579 to
943 4522 1150 4598 potest
1189 4514 1358 4576 uniri
1399 4513 1754 4574 substantia
1793 4510 2242 4573 intellectualis
2284 4517 2353 4572 ut

847 4616 1071 4678 forma.
1124 4614 1331 4686 Quum
1379 4611 1553 4672 enim
1611 4610 1777 4672 inter
1831 4627 2096 4692 corpora
2153 4609 2355 4670 mixta

849 4710 1458 4794 temperatissimum
1490 4708 1572 4769 sit
1613 4725 1843 4789 corpus
1885 4708 2261 4780 humanum,
2296 4707 2350 4768 si

847 4809 1202 4876 substantia
1232 4806 1680 4871 intellectualis
1711 4805 1969 4868 uniatur
1996 4806 2190 4867 alicui
2222 4825 2355 4868 cor·

849 4910 986 4995 pori
1021 4908 1242 4980 mixto,
1275 4911 1522 4988 oportet
1552 4904 1724 4986 quod
1757 4904 1912 4966 illud
1947 4904 2026 4966 sit
2061 4904 2353 4985 ejusdem

847 5019 1088 5072 naturae
1129 5025 1276 5068 cum
1319 5021 1582 5086 corpore
1624 5003 1950 5065 humano:
1986 5010 2046 5064 et
2088 5003 2181 5064 sic
2226 5021 2353 5065 non

848 5117 1014 5171 esset
1053 5103 1420 5168 differentia
1463 5102 1817 5165 secundum
1860 5101 2140 5183 speciem
2190 5102 2356 5164 inter

850 5207 1008 5271 illud
1049 5203 1288 5267 animal
1331 5208 1394 5264 et
1436 5200 1782 5263 hominem.

931 5307 1199 5386 Insuper
1238 5300 1424 5364 tertio
1463 5298 1648 5372 libro,
1683 5298 1964 5381 capitulo
2005 5299 2355 5363 centesimo

2461 4317 2839 4379 sensitivum
2871 4335 2908 4378 a
2937 4314 3128 4377 rebus
3162 4315 3316 4397 ipsis
3349 4316 3816 4380 immutaretur.
3832 4318 3965 4381 Imo

2461 4423 2635 4478 tanta
2684 4422 2891 4497 potest.
2934 4433 3074 4477 csse
3118 4415 3463 4478 commotio
3506 4415 3853 4497 spirituum
3901 4423 3965 4479 et

2463 4514 2829 4588 humorum,
2862 4515 3032 4596 quod
3085 4514 3241 4577 tales
3288 4515 3719 4597 apparitiones
3768 4516 3961 4578 etiam

2462 4611 2875 4693 vigilantibus
2920 4612 3100 4686 fiant,
3144 4619 3213 4674 ut
3255 4612 3320 4673 in
3366 4613 3754 4694 phreneticis
3798 4614 3965 4677 aliis-

2462 4729 2587 4792 que
2619 4709 2987 4790 hujusmodi
3020 4718 3208 4792 patet.
3237 4711 3783 4784 Quemadmodum
3816 4731 3965 4793 ergo

2464 4807 2584 4870 hoc
2632 4807 2709 4869 fit
2758 4827 2870 4890 per
2913 4808 3265 4870 naturalem
3312 4809 3809 4872 commotionem
3854 4810 3967 4872 hu-

2466 4925 2740 4982 morum,
2774 4914 2837 4968 et
2865 4907 3245 4989 quandoque
3287 4927 3401 4989 per
3434 4907 3714 4970 hominis
3744 4909 3969 4972 volun·

2465 5013 2683 5078 tatem,
2746 5004 2855 5087 qui
2922 5005 3277 5068 voluntarie
3349 5007 3733 5088 imaginatur
3797 5009 3966 5090 quod

2466 5103 2645 5186 prius
2676 5102 2909 5182 sensit3
2943 5105 3030 5166 ita
3068 5103 3188 5166 hoc
3229 5112 3436 5186 potest
3474 5105 3620 5167 fieri
3658 5114 3967 5187 potestate

2465 5201 2674 5282 angeli
2724 5200 2876 5263 boni
2924 5220 3038 5263 seu
3087 5200 3238 5263 mali
3278 5218 3292 5263 :
3330 5202 3649 5265 interdum
3702 5205 3965 5286 quidem

2468 5317 2617 5361 cum
2658 5299 3037 5362 alienatione
3074 5298 3154 5361 ab
3190 5301 3612 5364 exterioribus
3644 5303 3963 5380 sensibuS,

4036 2765 4113 2804 ul..
