4334 6242
909 510 994 557 AN
1034 509 1267 558 cumen
1309 509 1568 569 cami-A,
1609 509 1745 558 sim·
1786 510 1829 557 A
1869 510 1987 559 nno
2029 511 2368 558 miramur.
2410 511 2668 570 caum,
2710 512 2839 560 arc.
3344 494 3419 558 61

334 680 487 742 nulli
538 688 845 744 creaturae
893 682 1450 757 communicatam,
1493 682 1602 744 sed
1651 699 1820 744 com·
1848 680 1901 743 A
1930 683 2233 745 nifestum
2264 691 2359 746 est
2383 685 2551 766 quod
2583 685 2818 746 creatio
2847 691 2943 746 est
2972 684 3227 767 propria
3256 684 3421 747 actio

337 779 786 842 municabilem
817 799 956 842 esse
981 798 994 842 ε
1018 782 1187 863 quod
1219 788 1281 842 et
1311 781 1606 862 Magister
1640 799 1824 862 quar-

337 886 396 938 to
439 878 602 940 libro
643 878 948 940 defendit.

409 977 641 1038 Harum
690 986 906 1040 autem
959 987 1222 1061 utraque
1273 981 1642 1042 ultimarum
1685 980 1821 1062 opi-

335 1076 592 1138 nionum
623 1077 864 1158 aliquid
906 1078 1097 1141 habet
1125 1080 1228 1140 cui
1267 1081 1578 1142 innititur.
1614 1080 1819 1153 Quum

335 1173 500 1234 enim
550 1175 630 1236 de
678 1176 920 1238 ratione
969 1177 1052 1238 sit
1103 1177 1441 1239 creationis
1497 1186 1567 1238 ut
1614 1178 1707 1239 nil
1761 1178 1819 1240 ei

335 1273 740 1352 praeexsistat,
775 1275 997 1337 saltem
1041 1277 1392 1337 secundum
1439 1284 1678 1338 naturae
1720 1294 1817 1338 or-

335 1370 566 1444 dinem,
630 1380 834 1454 potest
899 1374 1018 1436 hoc
1078 1374 1282 1455 accipi
1345 1375 1442 1436 vel
1504 1393 1580 1436 ex
1642 1383 1818 1456 parte

335 1470 624 1544 creanti5‚
657 1471 759 1532 vel
803 1491 879 1533 ex
930 1479 1106 1554 parte
1157 1473 1370 1535 creati.
1408 1472 1470 1534 Si
1515 1491 1591 1534 ex
1643 1481 1819 1554 parte

337 1569 623 1644 creantiS,
666 1569 758 1632 sic
803 1571 911 1632 illa
951 1571 1117 1634 actio
1157 1571 1518 1653 appellatur
1559 1573 1814 1646 creatio,

337 1685 468 1747 quae
507 1687 636 1730 non
685 1668 988 1732 fundatur
1035 1689 1243 1752 neque
1282 1671 1578 1733 firmatur
1627 1690 1821 1753 super

335 1765 644 1828 actionem
686 1767 960 1849 alicujus
1008 1788 1213 1831 causae
1256 1770 1487 1851 prioris
1522 1777 1630 1833 :et
1677 1769 1818 1831 talis

1928 781 2058 842 Dei.
2093 818 2173 826 —
2204 782 2522 864 Contingit
2552 790 2763 844 autem
2799 783 2967 864 quod
3008 783 3251 865 aliquid
3292 801 3425 865 par-

1929 879 2148 960 ticipat
2208 880 2529 963 propriam
2589 881 2905 943 actionem
2964 880 3247 952 alteriuS,
3299 897 3425 942 non

1928 978 2162 1039 virtute
2222 979 2497 1061 propria,
2560 980 2671 1042 sed
2736 979 3304 1042 instrumentaliter
3364 978 3431 1040 in

1928 1085 2237 1158 quantum
2288 1077 2415 1158 agit
2464 1078 2527 1140 in
2572 1078 2806 1140 virtute
2856 1078 3117 1140 alterius
3155 1096 3170 1140 :
3214 1096 3433 1159 quem-

1927 1175 2269 1237 admodum
2315 1195 2423 1238 aer
2465 1178 2699 1239 virtute
2745 1176 2909 1258 ignis
2954 1177 3260 1238 calefacit.
3301 1177 3430 1239 Sic-

1928 1293 2052 1355 que
2111 1274 2352 1356 opinati
2418 1285 2567 1336 sunt
2626 1275 2847 1358 aliqui,
2909 1277 3077 1357 quod
3136 1275 3431 1358 quamvis

1929 1372 2164 1434 creatio
2200 1372 2281 1434 sit
2318 1373 2574 1454 propria
2610 1374 2776 1435 actio
2806 1373 2940 1447 Dei,
2977 1381 3186 1436 tamen
3217 1374 3431 1456 aliqua

1927 1469 2303 1532 inferiorum
2346 1489 2703 1544 causarum,
2740 1471 2805 1533 in
2844 1480 3154 1553 quantum
3194 1473 3321 1553 agit
3361 1472 3427 1534 in

1926 1568 2162 1630 virtute
2201 1570 2423 1651 primae
2464 1589 2691 1644 causeo,
2724 1570 2924 1651 possit
2958 1589 3189 1632 creare.
3226 1571 3302 1632 Et
3342 1570 3428 1631 ita

1929 1669 2140 1749 posuit
2188 1668 2531 1743 Avicenna,
2584 1669 2754 1750 quod
2813 1669 3019 1751 prima
3075 1668 3428 1731 substantia

1928 1773 2216 1847 separata
2254 1786 2291 1828 a
2331 1768 2459 1829 Deo
2498 1775 2727 1842 creata,
2764 1775 2934 1830 creat
2976 1767 3166 1829 aliam
3208 1767 3428 1829 imme·

335 1872 570 1926 tantum
602 1873 698 1927 est
727 1867 893 1929 actio
923 1887 1128 1930 causae
1156 1867 1396 1949 prima»,
1412 1886 1606 1950 super
1632 1886 1820 1949 quam
1854 1862 1900 1924 B
1929 1864 2096 1926 diate
2141 1884 2208 1926 se
2254 1872 2649 1946 sequentem,
2684 1873 2747 1927 et
2792 1865 3211 1928 substantiam
3254 1865 3427 1928 orbis

335 1963 615 2025 omnium
675 1965 1082 2046 sequentium
1143 1965 1422 2027 actiones
1485 1984 1819 2028 causarum

335 2059 692 2123 fundantur.
729 2062 886 2124 Hinc
917 2064 1083 2124 sicut
1123 2063 1281 2125 nulli
1319 2073 1620 2126 creaturae
1652 2081 1821 2124 com-

340 2159 718 2221 municabile
765 2169 860 2223 est
902 2163 1071 2243 quod
1111 2161 1193 2222 sit
1231 2180 1420 2223 causa
1469 2162 1696 2243 prima,
1737 2162 1821 2223 ita

337 2275 442 2318 nec
488 2257 586 2318 vis
635 2265 743 2319 aut
789 2260 956 2321 act-io
1005 2259 1297 2321 creativa.
1342 2259 1405 2321 Si
1455 2267 1669 2322 autem
1721 2279 1820 2321 su-

339 2361 663 2430 maturssx
714 2363 890 2437 parte
940 2356 1156 2430 creati,
1209 2356 1302 2418 sic
1353 2357 1589 2419 creatio
1647 2358 1818 2420 illius

269 2441 274 2446 ⁸
333 2460 420 2513 est
477 2454 582 2515 cui
643 2471 769 2516 non
830 2456 1210 2536 praeexsistit
1264 2455 1505 2537 aliquid
1561 2455 1626 2518 in
1679 2475 1746 2519 re
1799 2473 1814 2517 :

333 2559 388 2611 et
431 2551 552 2613 hoc
598 2559 692 2614 est
743 2571 882 2614 esse
929 2553 1126 2635 (quod
1184 2561 1281 2616 est
1339 2555 1546 2636 prima
1602 2573 1816 2616 rerum

333 2657 702 2724 creatarum,
757 2651 928 2732 quod
984 2651 1199 2725 etiam,
1262 2660 1332 2713 ut
1391 2652 1455 2714 in
1519 2652 1682 2715 libro
1738 2653 1816 2715 de

333 2745 540 2808 Causis
579 2749 905 2822 asseritur,
938 2757 1035 2811 est
1070 2768 1184 2831 per
1220 2750 1625 2822 creationem,
1658 2760 1818 2813 cete-

335 2863 412 2906 rae
440 2864 592 2909 vero
631 2847 1056 2928 perfectiones
1096 2867 1210 2929 per
1247 2848 1813 2930 informationem),

334 2951 514 3026 atque
565 2947 632 3006 in
681 2946 1052 3028 compositis
1101 2948 1422 3029 pra-cipue
1471 2947 1631 3009 illud
1678 2967 1816 3010 esse

1927 1982 2000 2024 ac
2039 1964 2320 2026 animam
2360 1964 2524 2044 ejuS,
2558 1972 2622 2026 et
2652 1965 2823 2047 quod
2863 1964 3217 2026 substantia
3255 1963 3429 2026 orbis

1928 2069 2099 2123 creat
2131 2062 2461 2124 materiam
2495 2079 2834 2145 corporum
2876 2061 3269 2124 inferiorum.
3308 2063 3429 2124 Sed

1926 2159 2047 2220 hoc
2097 2179 2235 2222 esse
2287 2179 2413 2223 non
2466 2167 2693 2242 potest,
2746 2161 3049 2243 quoniam
3099 2180 3289 2222 causa
3337 2180 3430 2223 se-

1927 2259 2132 2320 cunda
2179 2259 2685 2322 instrumentalis
2726 2277 2853 2322 non
2898 2260 3236 2342 participat
3274 2260 3426 2322 acti-

1925 2374 2113 2418 onem
2164 2377 2370 2421 causae
2418 2359 2787 2441 superioriS,
2830 2359 2956 2421 nisi
3002 2359 3066 2420 in
3117 2367 3425 2439 quantum

1928 2472 2042 2536 per
2077 2455 2321 2537 aliquid
2362 2457 2693 2538 proprium
2724 2457 3098 2539 dispositive
3128 2465 3426 2536 operatur

1925 2550 2003 2612 ad
2051 2551 2357 2613 effectum
2411 2553 2781 2634 principalis
2829 2553 3092 2635 agentiS.
3136 2553 3198 2615 Si
3248 2552 3422 2614 enim

1928 2649 2088 2711 nihil
2144 2649 2238 2711 ibi
2296 2659 2507 2731 ageret
2554 2652 2905 2714 secundum
2955 2651 3018 2713 id
3069 2651 3237 2733 quod
3298 2650 3424 2713 sibi

1925 2755 2021 2808 est
2062 2749 2417 2830 proprium,
2452 2748 2686 2811 frustra
2722 2748 3131 2812 adhiberetur
3167 2749 3245 2811 ad
3280 2767 3427 2831 ope-

1928 2846 2235 2924 randum3
2289 2867 2405 2909 nec
2456 2855 2774 2928 oporteret
2820 2866 2958 2910 esse
3006 2847 3426 2910 determinata

1929 2942 2351 3006 instrumenta
2379 2944 2939 3007 determinatarum
2964 2944 3425 3007 actionum.Sic

337 3043 494 3122 quod
552 3050 651 3104 est
708 3043 930 3125 primae
992 3043 1186 3126 partis
1244 3044 1604 3126 compositi,
1667 3054 1820 3126 puta
1851 3041 1894 3105 C
1927 3058 2203 3123 namque
2238 3041 2551 3116 videmus,
2585 3043 2754 3124 quod
2796 3042 3037 3104 securis
3077 3042 3425 3104 scindendo

337 3141 625 3204 materiae.
663 3141 894 3223 Sicque
934 3141 1171 3204 creatio
1209 3143 1668 3205 communicari
1715 3161 1820 3225 po-

335 3239 448 3298 tuit
486 3246 816 3313 creaturae,
854 3247 922 3300 ut
963 3239 1026 3302 in
1070 3241 1304 3302 virtute
1348 3240 1570 3322 primae
1614 3259 1818 3304 causae

334 3336 644 3416 operantis
687 3337 752 3398 in
797 3355 890 3412 ea,
925 3337 1182 3420 aliquod
1223 3357 1360 3400 esse
1403 3338 1676 3420 simplex
1716 3338 1818 3400 vel

339 3435 588 3496 materia
629 3436 1086 3517 produceretur
1123 3435 1203 3498 ab
1245 3436 1398 3518 ipsa.
1437 3436 1666 3518 Sicque
1711 3455 1818 3518 po-

334 3541 587 3595 suerunt
639 3533 1001 3614 philosophi
1053 3533 1503 3615 intelligentias
1547 3553 1815 3605 creasse,

333 3631 614 3711 quamvis
664 3631 1034 3693 haereticum
1084 3632 1183 3694 sit.
1231 3667 1312 3677 -
1360 3632 1502 3694 Haec
1550 3631 1820 3694 Thomas

335 3727 394 3788 in
434 3729 701 3812 Scripto.

406 3827 470 3889 In
509 3827 748 3909 quibus
789 3826 1002 3890 verbis
1042 3827 1275 3890 fatetur
1314 3827 1656 3891 creativam
1689 3828 1818 3890 vim

335 3943 436 3986 seu
476 3927 792 3988 actionem
839 3925 1277 4006 intelligentiis
1320 3947 1431 3989 seu
1474 3927 1682 3988 causis
1725 3946 1820 3988 se-

335 4024 547 4085 cundis
575 4042 716 4086 esse
749 4023 1375 4097 communicabilem,
1395 4024 1687 4106 quamvis
1717 4025 1824 4086 ali-

335 4126 420 4182 ter
457 4122 610 4184 alibi
645 4122 904 4184 sentiat.

1928 3137 2196 3218 lignum,
2248 3140 2417 3221 quod
2477 3139 2665 3202 habet
2718 3159 2795 3201 ex
2854 3140 3237 3221 proprietate
3294 3159 3426 3204 suae

1926 3235 2167 3310 formae,
2204 3238 2497 3318 producit
2537 3237 2805 3300 formam
2850 3238 3115 3312 scamni,
3147 3257 3289 3320 quae
3328 3246 3427 3300 est

1925 3333 2197 3396 effectus
2256 3336 2551 3418 proprius
2611 3336 2983 3418 principalis
3041 3337 3303 3417 agentis.
3356 3336 3425 3397 Id

1924 3441 2138 3495 autem
2180 3434 2348 3514 quod
2390 3441 2485 3496 est
2518 3434 2812 3516 proprius
2850 3434 3122 3496 effectus
3153 3434 3265 3496 Dei
3296 3452 3427 3495 cre-

1927 3530 2112 3603 antis,
2175 3539 2271 3592 est
2327 3531 2495 3613 quod
2557 3532 3069 3614 praesupponitur
3124 3530 3425 3593 omnibus

1925 3627 2068 3689 aliis
2101 3627 2331 3702 causiS,
2355 3628 2652 3690 videlicet
2682 3647 2820 3690 csse
2850 3628 3157 3691 absolute.
3183 3628 3426 3690 Idcirco

1928 3744 2054 3788 non
2105 3734 2315 3808 potest
2362 3726 2603 3808 aliquid
2654 3727 3025 3809 dispositive
3076 3745 3149 3788 ac
3194 3726 3427 3789 instru-

1929 3823 2285 3884 mentaliter
2312 3824 2389 3885 ad
2419 3823 2591 3885 hunc
2621 3825 2868 3905 operari
2898 3823 3218 3898 effectum,
3232 3842 3428 3906 quum

1929 3921 2162 3983 creatio
2228 3939 2355 3984 non
2416 3922 2499 3983 sit
2556 3940 2633 3983 ex
2692 3921 2907 4003 aliquo
2964 3922 3429 4004 praesupposito

1930 4020 2097 4101 quod
2145 4020 2345 4102 possit
2383 4019 2635 4101 disponi
2683 4037 2797 4101 per
2837 4021 3151 4082 actionem
3196 4019 3428 4082 instru-

1931 4119 2225 4180 mentalis
2266 4117 2528 4198 agentis.
2565 4117 2667 4179 Sic
2704 4135 2853 4198 ergo
2894 4117 3293 4199 impossibile
3331 4125 3428 4180 est

403 4220 640 4303 Nempe
681 4221 748 4282 in
791 4222 996 4301 prima
1037 4228 1212 4302 parte
1244 4221 1543 4295 Summae,
1571 4222 1899 4303 quaesti--D
1930 4217 2097 4297 quod
2137 4217 2329 4278 alicui
2370 4223 2671 4278 creaturae
2703 4216 3037 4279 conveniat
3067 4235 3303 4292 creare,
3335 4217 3426 4278 vi-

235 4339 268 4379 5.
332 4335 442 4380 one
477 4320 958 4401 quadragesima
1003 4320 1225 4402 quinta
1267 4338 1282 4383 :
1327 4319 1820 4382 Universaliores

333 4417 464 4498 (ait)
491 4417 765 4480 effectus
813 4417 877 4479 in
927 4417 1415 4479 universaliores
1460 4435 1533 4479 ac
1579 4418 1822 4499 priores

335 4533 542 4578 causas
585 4523 836 4599 oportet
880 4517 1200 4578 reducere.
1244 4517 1412 4577 Inter
1449 4535 1671 4579 omnes
1713 4537 1820 4579 au-

335 4621 452 4676 tem
491 4614 764 4678 effectus
809 4614 1428 4696 universalissimum
1470 4623 1565 4676 est
1607 4615 1819 4697 ipsum

333 4729 460 4774 esse
506 4731 521 4774 ε
568 4714 806 4776 idcirco
855 4721 950 4775 est
998 4713 1294 4795 proprius
1346 4713 1567 4794 primae
1617 4732 1822 4776 causae

333 4810 610 4874 effectus,
647 4812 821 4875 Unde
854 4812 918 4873 in
963 4811 1126 4874 libro
1157 4811 1235 4872 de
1267 4810 1486 4874 Causis
1527 4811 1816 4886 habetur,

333 4911 490 4988 quod
537 4929 651 4972 nec
695 4910 1116 4990 intelligentia
1163 4927 1280 4970 nec
1325 4909 1538 4970 anima
1587 4909 1822 4972 nobilis

333 5007 429 5067 dat
455 5026 616 5082 esse,
647 5009 773 5070 nisi
817 5009 883 5069 in
925 5015 1236 5089 quantum
1274 5015 1577 5089 operatur
1602 5024 1820 5088 opera·

335 5104 494 5168 tione
535 5106 769 5168 divina.
801 5106 992 5168 Porro
1035 5105 1383 5186 producere
1430 5105 1640 5186 ipsum
1684 5123 1822 5166 esse

335 5201 632 5278 absolute,
659 5222 788 5266 non
821 5204 884 5266 in
917 5211 1227 5285 quantum
1258 5211 1355 5264 est
1383 5202 1504 5265 hoc
1533 5210 1641 5264 aut
1675 5202 1819 5277 tale,

337 5300 409 5362 ad
437 5301 772 5365 creationis
813 5301 1086 5384 pertinet
1121 5300 1450 5363 rationem.
1488 5299 1661 5362 Unde
1693 5318 1822 5361 ma·

1928 4315 2159 4377 delicet
2216 4333 2422 4397 neque
2472 4314 2703 4376 virtute
2766 4315 3021 4397 propria
3076 4333 3285 4396 neque
3334 4314 3426 4377 in-

1928 4414 2429 4475 strumentaliter
2487 4433 2599 4494 per
2659 4413 3104 4476 ministerium.
3170 4413 3245 4474 Et
3302 4413 3423 4476 hoc

1929 4511 2250 4594 praecipue
2296 4509 2750 4572 inconveniens
2790 4519 2885 4573 est
2923 4511 3049 4574 dici
3089 4513 3167 4574 de
3206 4512 3423 4594 aliquo

1929 4627 2191 4691 corpore
2231 4609 2401 4691 quod
2441 4615 2631 4682 creet,
2666 4628 2865 4690 quum
2906 4610 3155 4671 nullum
3190 4629 3422 4692 corpus

1927 4716 2090 4789 agat,
2134 4707 2258 4769 nisi
2310 4707 2620 4788 tangendo
2672 4715 2860 4789 atque
2909 4709 3257 4786 movendo;
3307 4709 3425 4770 sic-

1928 4827 2052 4889 que
2103 4805 2370 4887 requirit
2414 4805 2479 4867 in
2523 4825 2637 4867 sua
2684 4806 2931 4868 actione
2977 4805 3221 4887 aliquid
3272 4824 3427 4887 prae-

1927 4906 2238 4967 exsistens
2298 4904 2467 4985 quod
2528 4904 2726 4986 possit
2783 4905 2953 4984 tangi
3001 4912 3063 4965 et
3113 4904 3355 4966 moveri
3408 4922 3424 4967 :

1928 5004 2098 5085 quod
2136 5010 2233 5064 est
2273 5010 2490 5064 contra
2534 5003 2842 5064 rationem
2885 5002 3242 5065 creationis,
3283 5003 3427 5066 Haec

1929 5103 2199 5164 Thomas
2244 5101 2309 5163 in
2354 5101 2633 5163 Summa.

2007 5201 2458 5262 Verumtamen
2509 5199 2628 5262 ista
2680 5199 2942 5261 materia
2988 5217 3103 5281 pro
3154 5207 3419 5282 utraque

1932 5307 2108 5380 parte
2152 5298 2304 5360 satis
2350 5296 2699 5380 probabilis
2746 5303 2877 5374 cst3
2920 5315 3035 5358 nec
3081 5298 3241 5360 ratio
3282 5297 3413 5374 illa,
