4334 6242
1083 512 1170 559 AN
1212 511 1462 559 menum
1503 512 1718 558 runnu·
1759 512 1995 559 mummi
2036 511 2404 558 ANGELORUM
2446 509 2756 558 surmfflus

3354 485 3475 551 345

459 684 724 766 Insuper
763 686 1033 748 Thomas
1074 705 1087 748 :
1126 685 1296 747 Hanc
1325 684 1590 767 (inquit)
1621 685 1871 765 quaesti-
1903 682 1953 745 A
1983 684 2152 746 enim
2192 683 2553 746 daemonum
2594 683 2717 745 fuit
2745 681 3044 764 superbia
3078 698 3091 741 :
3126 679 3314 760 cujus
3351 696 3479 741 mo-

377 800 568 845 onem
611 782 1004 865 Augustinus
1052 792 1262 846 movet
1302 784 1638 846 undecimo
1682 802 1875 865 super

376 880 695 954 Genesim,
710 889 773 943 et
803 882 1354 944 indeterminatam
1388 882 1711 964 relinquit,
1727 882 1876 963 quia

375 980 452 1040 de
502 980 602 1041 his
651 998 794 1061 quoe
841 980 918 1041 ad
967 981 1224 1061 angelos
1285 980 1624 1061 pertinent,
1677 999 1877 1062 pauca

375 1076 580 1139 voluit
620 1080 961 1141 asserendo
1005 1078 1423 1142 conscribere.
1468 1079 1686 1140 Postea
1726 1096 1877 1140 vero

379 1176 717 1257 Gregorius
745 1196 1041 1259 expresse
1073 1176 1540 1251 determinavit,
1564 1177 1732 1259 quod
1762 1177 1880 1238 Lu-

377 1273 536 1336 cifer
584 1274 772 1337 altior
821 1275 942 1337 fuit
991 1276 1238 1349 ceteriS‚
1291 1294 1416 1338 non
1475 1275 1680 1338 solum
1732 1294 1877 1357 pec-

375 1372 694 1447 cantibuS,
747 1375 857 1436 sed
917 1374 1108 1437 etiam
1169 1374 1503 1436 stant-ibus.
1558 1374 1672 1436 Cui
1731 1392 1878 1435 con-

377 1471 571 1533 sentit
617 1474 980 1535 communis
1024 1473 1336 1535 sententia
1379 1494 1392 1537 :
1436 1493 1576 1555 quae
1615 1472 1876 1555 quidem

376 1569 728 1652 probabilis
768 1580 886 1645 est,
921 1580 1056 1633 tum
1099 1579 1356 1654 propter
1396 1572 1624 1633 multas
1664 1579 1877 1633 aucto-

375 1670 594 1731 ritates
645 1670 986 1751 Scripturae
1036 1690 1177 1751 quae
1234 1670 1354 1732 hoc
1404 1670 1741 1751 figurative
1791 1671 1881 1732 vi-

375 1768 611 1828 dentur
648 1768 1028 1849 exprimere,
1064 1776 1198 1829 tum
1239 1768 1388 1850 quia
1431 1786 1559 1830 non
1599 1776 1692 1829 est
1735 1788 1876 1851 pro-

1983 783 2186 844 tivum
2237 790 2334 844 est
2380 781 2777 854 excellentia,
2823 800 2964 862 quae
3012 779 3136 842 fuit
3184 779 3247 840 in
3298 796 3481 859 supe-

1983 879 2260 942 rioribus
2293 880 2513 960 maj0r.
2548 880 2706 941 Hinc
2738 878 2898 940 dixit
2927 877 3287 958 GregoriuS,
3312 876 3481 957 quod

1985 982 2233 1065 primus
2274 982 2380 1044 ille
2412 982 2835 1064 peccantium,
2869 980 2992 1042 fuit
3026 979 3189 1042 inter
3226 978 3482 1060 angelos

1985 1081 2317 1144 universos
2356 1082 2663 1163 superior.
2700 1080 2777 1141 Et
2806 1080 2925 1141 hoc
2966 1078 3359 1161 probabilius
3391 1078 3481 1140 vi-

1986 1180 2170 1243 detur
2206 1200 2219 1243 :
2254 1181 2404 1261 quia
2442 1187 2775 1262 peccatum
2819 1177 3025 1257 angeli
3064 1196 3189 1239 non
3232 1196 3482 1259 proces-

1986 1280 2069 1341 sit
2093 1298 2169 1341 ex
2202 1278 2663 1360 pronitate,sed
2694 1297 2771 1339 ex
2802 1276 2935 1339 solo
2969 1276 3170 1338 libero
3198 1276 3477 1338 arbitrio.

1985 1378 2145 1439 Hinc
2196 1377 2393 1458 magis
2444 1376 2695 1438 videtur
2753 1376 3075 1457 pensanda
3130 1374 3290 1436 ratio
3342 1394 3483 1455 quae

1987 1477 2264 1539 sumitur
2309 1496 2386 1538 ex
2436 1483 2612 1557 parte
2670 1474 2891 1537 motivi
2938 1475 3012 1535 ad
3063 1474 3477 1555 peccandum.

1985 1578 2435 1639 Verumtamen
2479 1575 2589 1637 alii
2628 1574 2914 1656 opinioni
2958 1591 3085 1636 non
3124 1579 3221 1635 est
3258 1572 3485 1654 praeju-

1986 1674 2351 1745 dicandum,
2387 1673 2688 1755 quoniam
2725 1672 2915 1733 etiam
2952 1671 3018 1731 in
3058 1670 3349 1752 principe
3385 1670 3482 1731 in-

1987 1772 2292 1835 feriorum
2352 1770 2720 1851 angelorum
2781 1770 2988 1851 potuit
3037 1787 3175 1831 esse
3226 1767 3483 1849 aliquod

377 1865 616 1939 babile,
680 1868 850 1948 quod
912 1867 1218 1930 Creatoris
1276 1867 1702 1949 aequalitatem
1767 1868 1877 1930 ille
1910 1873 1959 1934 B
1989 1872 2297 1933 motivum
2346 1871 2423 1932 ad
2470 1870 2883 1951 peccandum.
2918 1868 3061 1931 Haec
3103 1868 3373 1929 Thomas
3418 1866 3483 1929 in

377 1965 648 2047 appetiit
694 1966 959 2047 spiritus
1007 1966 1118 2047 qui
1165 1965 1346 2028 alteri
1395 1974 1696 2029 creaturae
1743 1975 1877 2029 erat

377 2061 732 2143 subJectus.
766 2063 908 2126 Haec
953 2064 1222 2126 Thomas
1267 2064 1332 2125 in
1376 2062 1642 2147 Scripto.
1732 2072 1738 2077 '

459 2162 538 2223 At
581 2180 734 2223 vero
777 2162 842 2223 in
891 2162 1098 2243 prima
1147 2170 1322 2243 parte
1365 2162 1662 2236 Summae,
1707 2182 1876 2244 quae-

225 2279 296 2317 .7.
378 2256 586 2319 stione
630 2258 1023 2339 sexagesima
1062 2260 1246 2322 tertia
1281 2278 1294 2322 :
1330 2260 1398 2321 ln
1442 2267 1723 2341 peccam,
1764 2259 1872 2334 ait,

377 2356 508 2418 duo
555 2356 1058 2429 considerantur,
1101 2357 1418 2431 videlicet,
1467 2357 1748 2439 pronitas
1797 2359 1874 2420 ad

377 2455 798 2535 peccandum,
850 2463 912 2517 et
963 2455 1272 2517 motivum
1329 2456 1406 2517 ad
1455 2456 1870 2538 peccandum.

373 2553 695 2627 Quantum
726 2553 801 2615 ad
838 2553 1141 2635 primum,
1171 2554 1385 2616 minus
1414 2562 1675 2636 apparet
1706 2556 1874 2636 quod

374 2652 739 2731 superiores
797 2651 1004 2731 angeli
1064 2652 1488 2732 peccaverint,
1534 2672 1723 2734 quam
1782 2654 1876 2714 in-

375 2747 658 2811 feriores
696 2748 956 2831 Propter
998 2749 1166 2830 quod
1215 2749 1375 2811 dixit
1425 2751 1870 2823 DamascenuS,

373 2846 545 2927 quod
597 2846 802 2925 major
843 2864 1066 2909 eorum
1108 2847 1216 2927 qui
1265 2855 1708 2928 peccaverunt,
1753 2848 1875 2909 fuit

371 2944 581 3005 ordini
634 2946 918 3006 terrestri
971 2945 1285 3026 praelatus.
1335 2945 1410 3006 Et
1457 2946 1708 3007 videtur
1757 2945 1876 3007 ista

370 3041 594 3121 opinio
645 3059 990 3104 consonare
1034 3042 1332 3123 positioni
1383 3042 1870 3117 Platonicorum,
1907 3051 1950 3113 C
1986 3066 2113 3129 quo
2148 3048 2336 3110 modo
2367 3067 2639 3129 pronum
2670 3049 2746 3109 ad
2782 3046 3019 3108 malum
3056 3063 3069 3108 :
3106 3046 3236 3108 imo
3268 3064 3489 3107 secun·
3584 3112 3588 3118 ,

367 3157 564 3219 quam
617 3138 840 3200 recitat
888 3140 1278 3221 Augustinus
1327 3150 1548 3203 octavo
1597 3149 1659 3203 et
1707 3160 1873 3204 nono

372 3237 556 3299 libris
601 3238 680 3299 de
730 3237 995 3300 Civitate
1044 3238 1174 3300 Dei.
1220 3238 1524 3301 Dicebant
1573 3258 1871 3320 namque,

371 3336 544 3416 quod
589 3354 812 3397 omnes
853 3335 942 3397 dii
985 3336 1112 3399 sint
1151 3336 1323 3408 boni,
1357 3337 1468 3398 sed
1513 3337 1872 3399 daemonum

367 3433 638 3515 quidam
684 3432 856 3508 boni,
899 3442 961 3496 et
1003 3434 1202 3516 aliqui
1248 3436 1397 3496 mali
1435 3452 1447 3497 :
1482 3435 1632 3497 deos
1678 3436 1876 3497 nomi-

369 3539 598 3594 nantes
637 3531 1023 3594 suhstantias
1065 3532 1524 3595 intellectuales
1556 3552 1696 3615 quae
1727 3542 1876 3596 sunt

368 3649 410 3691 a
454 3630 646 3710 globo
697 3630 902 3692 lunari
952 3630 1281 3713 superius3
1332 3631 1648 3694 daemones
1700 3649 1871 3706 ver0,

370 3728 764 3791 substantias
796 3728 1254 3789 intellectuales
1285 3748 1425 3809 quae
1457 3738 1605 3791 sunt
1628 3750 1664 3791 a
1687 3729 1874 3810 globo

371 3826 582 3888 lunari
635 3826 925 3899 inseriuS,
967 3826 1326 3908 superiores
1370 3826 1740 3889 hominibus
1779 3845 1875 3890 or-

370 3924 520 3986 dine
553 3932 813 3985 nat-urae.
845 3924 963 3985 Sed
994 3932 1091 3985 est
1120 3923 1479 4004 abjicienda
1510 3926 1628 3987 ista
1655 3926 1875 4007 opinio

369 4029 677 4103 tanquam
721 4021 927 4084 aliena
955 4041 992 4083 a
1022 4022 1152 4085 fide
1187 4042 1200 4087 :
1236 4023 1536 4106 quoniam
1581 4030 1706 4086 tota
1745 4043 1875 4086 cre-

371 4128 550 4182 atura
593 4120 940 4201 corporalis
990 4120 1470 4182 administratur
1508 4141 1545 4183 a
1584 4122 1712 4184 Deo
1760 4142 1875 4204 per

1987 1970 2265 2031 Summa.

2063 2069 2259 2149 Cujus
2298 2067 2628 2149 responsio
2666 2066 2919 2129 videtur
2958 2065 3226 2147 egregia.
3254 2063 3487 2126 Obscu—

1987 2186 2127 2229 rum
2160 2174 2374 2228 tamen
2403 2162 2681 2248 apparet,
2698 2165 2864 2247 quod
2896 2165 2984 2227 ait
3016 2171 3346 2247 peccatum
3375 2162 3489 2225 Lu·
3532 2205 3541 2215 -

1987 2264 2169 2326 citeri
2210 2282 2333 2326 non
2373 2264 2757 2345 processisse
2788 2284 2863 2326 ex
2895 2263 3106 2345 aliqua
3147 2262 3483 2344 pronitate,
3581 2288 3586 2291 ·

1987 2364 2094 2425 sed
2126 2382 2203 2424 ex
2234 2362 2368 2425 solo
2410 2362 2611 2425 libero
2650 2362 2913 2424 arbitrio
2943 2378 2955 2423 :
2991 2361 3141 2443 quia
3171 2380 3247 2423 ex
3285 2360 3485 2423 libero

1985 2460 2248 2523 arbitrio
2278 2478 2405 2523 non
2435 2461 2637 2522 oritur
2668 2460 2857 2541 culpa
2888 2460 2951 2521 in
2985 2466 3293 2540 quantum
3335 2458 3489 2519 libe-

1987 2578 2129 2620 rum
2178 2558 2535 2620 arbitrium.
2577 2557 2831 2639 Alioqui
2881 2555 3087 2637 angeli
3137 2556 3338 2617 sancti
3380 2556 3485 2617 ad-

1987 2657 2112 2718 huc
2143 2663 2403 2738 possent
2432 2673 2695 2736 peccare
2731 2674 2745 2718 :
2782 2654 2911 2716 imo
2942 2661 2999 2715 et
3033 2654 3221 2727 DeuS,
3256 2654 3323 2715 in
3363 2672 3487 2734 quo

1987 2753 2523 2816 excellentissime
2573 2753 2864 2815 consistit
2908 2752 3165 2814 libertas
3214 2750 3482 2813 arbitrii.

1986 2853 2119 2915 Non
2161 2852 2374 2933 itaque
2417 2861 2747 2933 peccatum
2791 2851 3192 2934 progreditur
3218 2870 3295 2913 ex
3333 2850 3487 2913 libe-

1987 2969 2056 3013 ro
2095 2950 2382 3025 arbitrio,
2416 2951 2540 3012 nisi
2584 2951 2647 3011 in
2689 2956 2998 3031 quantum
3040 2948 3209 3010 istud
3250 2956 3340 3010 est
3379 2948 3489 3010 ali-

1984 3146 2138 3207 dum
2184 3136 2609 3227 Augustinum
2661 3145 2721 3206 in
2776 3143 2939 3206 libro
2987 3144 3065 3205 de
3117 3143 3383 3206 Civitate
3425 3151 3488 3205 et

1985 3243 2162 3317 alibi,
2207 3244 2416 3306 omnis
2460 3244 2752 3305 voluntas
2796 3250 3022 3314 creata,
3067 3241 3129 3304 in
3174 3250 3486 3323 quantum

1984 3362 2060 3404 ex
2107 3342 2333 3415 nihilo,
2367 3361 2443 3403 ex
2488 3362 2555 3403 se
2599 3350 2695 3404 est
2737 3360 2937 3423 prona
2981 3341 3056 3403 ad
3106 3340 3365 3402 malum.
3412 3340 3489 3401 Et

1985 3441 2109 3502 nisi
2141 3440 2397 3502 Lucifer
2427 3439 2652 3500 fuisset
2682 3440 2758 3500 ad
2791 3438 3020 3502 vitium
3053 3457 3313 3521 pronus,
3339 3456 3488 3521 quo-

1987 3540 2176 3601 modo
2214 3546 2342 3600 tam
2390 3538 2516 3599 cito
2556 3556 2628 3599 ac
2670 3536 2881 3599 subito
2919 3556 2997 3599 ex
3036 3556 3125 3609 se,
3159 3537 3337 3599 nullo
3377 3556 3486 3619 pe—

1986 3635 2158 3697 nitus
2219 3636 2581 3716 instigante,
2643 3635 2721 3696 ad
2782 3643 2907 3696 tam
2970 3634 3483 3697 enormissimam

1986 3733 2329 3795 corruisset
2374 3733 2812 3814 impietatem?

2064 3833 2282 3894 Petrus
2334 3839 2635 3913 praeterea
2684 3838 3007 3903 consonat,
3050 3830 3268 3892 dicens
3314 3850 3327 3892 :
3371 3830 3487 3893 Lu—

1987 3929 2257 3992 ciferum
2302 3949 2625 3991 summum
2670 3930 3040 4009 angelorum
3086 3929 3306 4002 fuisse,
3352 3948 3488 4011 per-

1986 4028 2287 4110 penditur
2344 4048 2421 4090 ex
2486 4028 2725 4090 motivo
2789 4028 3117 4109 peccandi,
3181 4026 3484 4109 quoniam

1987 4125 2365 4188 universalis
2404 4126 2815 4207 superioritas
2856 4126 3055 4188 movit
3084 4144 3229 4187 eum
3265 4126 3344 4187 ad
3375 4145 3483 4207 ap-

371 4219 651 4300 angelOS,
696 4218 1047 4280 secundum
1091 4219 1517 4300 Augustinum
1568 4220 1753 4283 tertio
1795 4222 1873 4283 de
1904 4229 1952 4290 D
1986 4225 2329 4305 petendum
2359 4224 2712 4285 universale
2741 4224 3027 4286 omnium
3060 4232 3483 4286 creaturarum

372 4318 699 4379 Trinitate.
745 4318 918 4379 Unde
963 4317 1051 4378 nil
1096 4317 1393 4399 prohibet
1436 4319 1669 4393 dicere,
1715 4320 1871 4382 inse-

373 4416 571 4478 riores
629 4415 886 4497 angelos
944 4416 1252 4477 divinitus
1311 4417 1685 4480 distributos
1734 4438 1871 4481 esse

372 4515 448 4577 ad
488 4514 1065 4575 administrandum
1098 4532 1364 4597 corpora
1400 4515 1730 4595 inferiora3
1769 4537 1871 4579 su-

373 4613 677 4694 perioreS,
711 4612 788 4673 ad
832 4611 1408 4676 administrandum
1458 4633 1722 4697 corpora
1769 4636 1871 4677 su-

371 4711 660 4793 periora3
701 4728 1055 4791 supremOS‚
1097 4712 1174 4772 ad
1217 4712 1653 4774 adsistendum
1696 4714 1873 4777 Crea-

375 4809 513 4870 tori.
575 4808 805 4889 Sicque
865 4808 1146 4893 loquitur
1203 4810 1648 4885 Damascenus,
1701 4814 1870 4894 quod

376 4906 471 4968 illi
521 4907 630 4988 qui
683 4907 1071 4979 ceciderunt,
1122 4907 1382 4970 fuerunt
1429 4911 1507 4973 de
1557 4911 1872 4973 inferiori-

375 5004 516 5067 bus.
551 5006 619 5066 ln
663 5024 936 5086 quorum
981 5006 1168 5068 etiam
1216 4996 1435 5069 ordine
1478 5008 1674 5090 aliqui
1719 5009 1868 5071 boni

377 5102 584 5184 angeli
627 5113 1128 5184 permanserunt.
1165 5142 1244 5151 —
1271 5108 1456 5168 Porro
1492 5106 1543 5167 si
1586 5108 1870 5169 conside-

379 5210 552 5262 retur
592 5201 902 5264 motivum
942 5204 1018 5264 ad
1058 5205 1474 5285 peccandum,
1511 5206 1628 5266 hoc
1665 5205 1870 5285 majus

380 5302 444 5361 in
503 5300 942 5383 superioribus
1001 5302 1338 5364 invenitur.
1394 5304 1726 5366 Peccatum
1785 5310 1872 5367 et-

1985 4321 2341 4385 dominium
2411 4321 2684 4383 liberum
2748 4341 2819 4384 ac
2883 4322 3167 4404 regimen
3237 4342 3353 4404 per
3414 4341 3480 4385 se

1984 4421 2443 4502 usurpandum.
2498 4421 2654 4481 ltem
2713 4440 2791 4482 ex
2849 4420 3144 4493 termino,
3197 4420 3347 4501 quia
3402 4422 3481 4483 ad

1985 4519 2325 4601 quamdam
2371 4517 2480 4579 Dei
2528 4517 2856 4598 paritatem
2912 4519 3333 4579 conscendere
3377 4536 3481 4579 vo-

1985 4616 2150 4678 luit:
2186 4616 2353 4697 quod
2398 4632 2521 4677 non
2570 4623 2956 4697 usurpasset,
2992 4615 3046 4676 si
3089 4614 3366 4697 aliquem
3412 4636 3479 4679 se

1983 4716 2376 4796 superiorem
2409 4714 2574 4775 inter
2604 4714 2804 4776 Deum
2834 4720 2895 4775 et
2928 4734 2993 4776 se
3026 4713 3305 4776 vidisset.
3322 4716 3478 4776 Item

1982 4832 2059 4875 ex
2112 4813 2451 4886 consortio,
2505 4812 2655 4894 quia
2702 4814 2779 4874 de
2829 4812 3097 4893 singulis
3146 4812 3477 4874 ordinibus

1981 4912 2037 4973 ei
2071 4920 2371 4992 tanquam
2418 4910 2692 4991 principi
2736 4930 2961 4991 magna
3003 4910 3342 4973 multitudo
3372 4911 3476 4972 ad-

1981 5010 2181 5071 haesit.
2218 5010 2360 5070 Haec
2403 5009 2638 5071 Petrus.
2676 5044 2749 5054 -—
2783 5010 2953 5071 ldem
2998 5010 3361 5071 Richardus.

2063 5108 2412 5169 Concordat
2454 5107 2749 5170 Albertus
2801 5108 2866 5169 in
2918 5108 3165 5189 Scripto
3207 5116 3265 5169 et
3313 5107 3475 5170 libro

1981 5206 2058 5267 de
2091 5206 2164 5267 lV
2198 5205 2601 5287 CoaequaeviS,
2622 5213 2810 5287 atque
2842 5205 3166 5269 t'dalricus
3199 5206 3261 5267 in
3295 5207 3474 5270 Sum-

1983 5324 2106 5379 ma,
2143 5304 2307 5366 libro
2348 5312 2591 5387 quarto.
