4334 6242
583 4332 627 4373 p.
653 4320 728 4361 ωε
741 4317 801 4361 Β·.

864 465 981 532 176

1539 485 1603 532 m
1643 485 1867 532 mnam!
1909 485 1953 531 11
1996 483 2478 532 SENTENTIARUH.
2526 505 2606 514 -
2647 487 2800 533 DIST.
2849 485 2933 551 113
2976 488 3201 545 QUAEST.
3242 489 3306 536 vt

942 657 1246 720 Praeterea
1283 656 1509 739 quaerit
1548 656 1654 718 hic
1694 657 1932 731 doctor,
1975 675 2055 719 an
2094 656 2358 737 angelus
2388 655 2438 719 A
2473 664 2578 719 tur
2627 657 2911 720 localiter
2959 677 3073 742 per
3115 677 3219 740 se;
3251 659 3303 722 si
3355 668 3566 724 tamen
3618 678 3844 724 verum
3895 660 3988 723 sit

860 775 939 818 ex
978 773 1047 818 se
1088 762 1415 818 moveatur
1459 755 1763 830 localiter,
1796 775 1877 818 an
1916 756 1994 817 ad
2034 756 2152 817 hoc
2188 755 2358 836 quod

859 854 1070 918 taliter
1110 863 1459 928 moveatur,
1492 862 1777 936 oporteat
1810 873 1957 916 eum
1999 871 2229 935 corpus
2265 872 2358 916 as-

860 972 1130 1016 sumere.
1166 954 1525 1036 Respondet
1553 973 1566 1017 :
1602 953 1779 1016 Sicut
1809 953 2057 1035 corpori
2086 960 2149 1015 et
2181 952 2362 1034 spiri·

864 1051 952 1112 tui
986 1050 1409 1114 diversimode
1450 1051 1748 1114 convenit
1782 1070 1920 1113 esse
1961 1051 2026 1112 in
2070 1051 2229 1124 loc0‚
2265 1050 2356 1112 sic

859 1149 1234 1212 differenter
1276 1149 1575 1212 convenit
1617 1149 1709 1211 eis
1756 1147 1996 1211 moveri
2047 1148 2351 1210 localiter.

860 1248 1093 1310 Moveri
1132 1247 1371 1330 quippe
1404 1239 1673 1329 'proprie
1710 1255 1806 1309 est
1846 1265 2187 1329 corporum
2227 1253 2359 1308 tan-

862 1355 1018 1422 tum,
1061 1366 1179 1410 nec
1228 1346 1563 1428 spiritibus
1612 1346 1910 1410 convenit
1960 1346 2082 1407 nisi
2131 1365 2209 1408 ex
2263 1363 2358 1408 or-

859 1445 1180 1509 dinatione
1229 1446 1307 1508 ad
1356 1463 1610 1527 corpuS,
1662 1463 1789 1508 non
1840 1445 1906 1507 in
1968 1464 2083 1508 sua
2130 1453 2356 1507 natura

858 1563 1068 1627 neque
1105 1544 1458 1607 secundum
1506 1563 1595 1617 se,
1629 1544 1737 1605 sed
1782 1542 1989 1606 solum
2035 1563 2150 1625 per
2193 1544 2356 1606 acci-

858 1643 1013 1705 dens
1048 1661 1061 1705 :
1096 1643 1635 1724 quemadmodum
1687 1650 1856 1704 moto
1899 1642 2178 1704 hominis
2222 1660 2356 1704 cor-

859 1759 1032 1824 pore,
1084 1741 1358 1804 dicimus
1406 1741 1682 1803 animam
1746 1740 1986 1803 moveri
2037 1759 2150 1822 per
2197 1739 2357 1801 acci-

2471 757 2637 837 quod
2680 776 2796 838 per
2835 758 3127 820 accidens
3169 765 3562 834 moveantur,
3595 766 3657 822 et
3696 778 3824 823 non
3867 778 3982 842 po-

2469 855 2596 918 tius
2657 863 2952 919 moveant
3010 857 3148 920 sine
3201 859 3300 921 sui
3357 859 3706 922 mutatione
3762 859 3978 934 locali,

2469 955 3008 1034 quemadmodum
3049 956 3344 1018 dixerunt
3384 957 3748 1040 philosophi
3785 958 3980 1021 intel-

2472 1053 2762 1134 ligentias
2792 1053 3044 1117 orbium
3079 1055 3374 1118 motrices
3407 1056 3472 1118 in
3503 1057 3812 1120 movendo
3841 1076 3976 1121 non

2471 1151 2710 1214 moveri
2744 1171 2950 1233 neque
2990 1171 3105 1234 per
3143 1171 3210 1215 se
3250 1172 3459 1236 neque
3500 1175 3614 1237 per
3647 1156 3970 1220 accidens,

2548 1249 2688 1312 Alio
2730 1251 2938 1324 mode,
2972 1251 3140 1313 sicut
3176 1271 3550 1334 expressum
3584 1262 3681 1315 est
3710 1253 3778 1316 in
3810 1273 3976 1336 prae-
4037 1277 4085 1318 r·
4107 1267 4238 1308 ¹6⁸³:
4283 1299 4285 1316 2

2471 1355 2636 1410 tacta
2693 1348 3063 1430 quaestione,
3116 1349 3351 1412 dicitur
3399 1350 3640 1433 aliquid
3699 1370 3842 1414 esse
3905 1353 3974 1414 in

2472 1445 2629 1518 1000,
2662 1446 3060 1509 extendendo
3103 1448 3412 1511 rationem
3455 1449 3576 1511 loci
3618 1450 3697 1512 ad
3746 1452 3974 1524 situm,

2471 1551 2538 1604 ut
2567 1544 2816 1606 dicatur
2843 1563 2982 1607 esse
3013 1545 3080 1607 in
3121 1545 3280 1620 loco,
3312 1547 3483 1629 quod
3519 1546 3802 1630 aliquem
3845 1549 3974 1611 sibi

2468 1642 2664 1704 situm
2704 1643 3083 1705 determinat
3123 1643 3188 1706 in
3222 1644 3360 1707 loco
3400 1645 3464 1707 in
3496 1664 3623 1727 quo
3660 1654 3756 1709 est
3798 1667 3976 1710 nunc

2469 1740 2568 1801 vel
2602 1748 2775 1812 tunc,
2812 1740 2896 1802 ita
2928 1741 3096 1823 quod
3128 1758 3253 1803 non
3286 1741 3459 1803 alibi.
3491 1742 3666 1815 Quod
3697 1743 3976 1826 intelligi

858 1842 1032 1903 dens.
1099 1840 1406 1903 Similiter
1473 1840 1748 1902 dicimus
1814 1839 2057 1903 moveri
2125 1856 2357 1921 corpus
2391 1841 2438 1903 B
2471 1844 2678 1919 potest
2709 1856 2838 1900 uno
2872 1839 3076 1914 modo,
3100 1839 3629 1903 determinatione
3659 1840 3826 1903 facta
3857 1861 3979 1923 per

858 1940 1026 2022 quod
1065 1939 1333 2002 assumit
1370 1939 1653 2021 angeluS,
1687 1947 1749 2001 et
1778 1940 2076 2020 angelum
2119 1938 2183 2000 in
2225 1957 2356 2001 cor-

859 2058 1009 2122 pore
1070 2039 1181 2103 illo
1238 2057 1353 2122 per
1408 2039 1739 2118 accidens3
1792 2039 2013 2121 sicque
2073 2039 2359 2120 loquitur

855 2155 1048 2219 super
1094 2136 1350 2200 Cantica
1397 2137 1455 2199 S.
1500 2136 1877 2198 Bernardus.
1918 2136 2093 2199 Unde
2143 2136 2222 2196 ad
2267 2144 2355 2198 ta-

856 2236 982 2298 lem
1014 2243 1257 2298 motum
1288 2235 1552 2316 angelus
1585 2235 1853 2316 requirit
1886 2252 2119 2316 corpus
2145 2251 2159 2295 :
2188 2234 2358 2316 quod

855 2343 920 2397 et
948 2335 1159 2422 potius
1188 2341 1284 2396 est
1314 2340 1573 2416 propter
1614 2333 2031 2414 indigentiam
2075 2339 2356 2395 nostram

853 2452 1047 2516 quam
1095 2433 1257 2514 ejuS.
1310 2432 1567 2512 Angelis
1616 2449 1767 2494 vero
1815 2450 1893 2493 ex
1942 2450 2009 2494 se
2061 2431 2363 2494 convenit

854 2551 993 2594 esse
1044 2532 1109 2593 in
1161 2532 1299 2593 loco
1345 2529 1679 2592 definitive
1722 2547 1736 2592 :
1780 2529 2001 2612 sicque
2046 2537 2359 2611 quantum

858 2639 954 2694 est
994 2631 1071 2692 de
1112 2638 1335 2694 natura
1379 2646 1623 2701 eorum,
1669 2628 1969 2690 convenit
2007 2629 2101 2691 eis
2155 2646 2364 2690 move-

860 2730 912 2791 ri
948 2729 1025 2790 de
1071 2728 1210 2790 loco
1253 2728 1329 2789 ad
1382 2726 1595 2788 locum
1638 2726 1826 2788 modo
1871 2733 2172 2808 praetacto
2223 2726 2363 2788 sine

858 2826 1141 2909 corporis
1181 2825 1635 2908 assumptione,
1670 2824 2022 2906 praesertim
2067 2844 2268 2907 quum
2300 2830 2363 2886 et

856 2925 1085 2988 animae
1141 2930 1443 3005 separatae
1496 2923 1587 2984 sic
1646 2929 2021 2985 moveantur
2079 2923 2217 2985 sine
2266 2941 2360 2985 as·

2468 1936 2962 2018 applicationem
3009 1937 3267 2000 virtutis
3315 1938 3380 1999 in
3430 1940 3674 2019 agendo
3723 1939 3974 2022 aliquid

2471 2034 2578 2095 ubi
2623 2035 2857 2096 dicitur
2895 2035 3154 2114 situari3
3185 2035 3311 2099 alio
3353 2038 3562 2110 mod0,
3595 2038 3978 2101 determina-

2471 2132 2641 2194 tione
2685 2151 2797 2195 seu
2843 2133 3269 2215 applicatione
3314 2133 3478 2197 facta
3519 2155 3634 2217 per
3676 2136 3975 2199 substan-

2469 2231 2622 2292 tiam
2654 2232 2876 2305 solam‚
2909 2231 3150 2314 absqu’e
3181 2233 3356 2294 omni
3385 2234 3813 2315 applicatione
3841 2235 3973 2297 vir-

2469 2329 2624 2391 tutis
2671 2338 2736 2390 et
2781 2330 3184 2412 operationis.
3220 2366 3301 2376 —
3327 2331 3538 2395 Primo
3587 2333 3776 2395 modo
3823 2333 3974 2395 lieri

2475 2435 2679 2510 potest
2741 2427 3103 2509 dupliciter,
3165 2429 3410 2492 scilicet
3474 2431 3847 2494 naturaliter
3909 2439 3977 2494 et

2473 2525 2848 2589 voluntarie.
2889 2526 3271 2589 Naturaliter
3315 2528 3546 2592 animae
3593 2529 3830 2592 habent
3877 2549 3978 2593 es-

2473 2642 2540 2685 se
2587 2623 3080 2687 determinatum
3130 2625 3197 2687 in
3246 2627 3379 2688 suis
3429 2628 3824 2710 corporibuS,
3857 2648 3979 2711 per

2472 2741 2614 2804 quae
2657 2723 3116 2786 determinatur
3142 2711 3250 2786 'eis
3293 2726 3544 2788 essendi
3591 2727 3869 2803 initium,
3907 2728 3973 2791 in

2471 2821 2708 2902 quibus
2765 2821 2920 2904 ipsae
2977 2822 3208 2886 animae
3264 2833 3602 2888 moventur
3649 2845 3763 2908 per
3807 2827 3974 2888 acci-

2469 2919 2648 2994 dens,
2685 2921 2874 2982 motis
2906 2921 3298 3004 corporibus.
3333 2923 3566 3005 Sicque
3603 2925 3810 3006 angeli
3841 2943 3974 2988 non

856 3022 1130 3105 sumptis
1170 3021 1562 3104 corporibus,
1596 3019 1721 3083 Aut
1751 3020 1925 3082 enim
1962 3027 2361 3083 assumerent
2396 3022 2439 3086 C
2469 3026 2616 3080 sunt
2674 3017 2930 3081 dicendi
2979 3019 3220 3082 moveri
3285 3021 3588 3098 localiter,
3642 3023 3765 3085 nisi
3824 3024 3972 3106 quis

857 3138 1120 3204 corpora
1170 3140 1305 3196 sua,
1348 3128 1457 3182 aut
1504 3120 1711 3182 aliena
1754 3138 1767 3182 :
1813 3136 1941 3181 non
1987 3139 2121 3194 sua,
2157 3139 2356 3202 quum

856 3220 966 3282 illa
1005 3220 1255 3301 jaceant
1298 3219 1364 3281 in
1408 3219 1757 3300 sepulcris3
1789 3219 1996 3282 aliena
2034 3235 2186 3280 vero
2229 3236 2354 3281 non

856 3318 1156 3381 videntur
1196 3319 1275 3381 ad
1319 3318 1441 3380 hoc
1486 3317 1579 3380 eis
1625 3335 1991 3399 congruere.
2027 3317 2170 3380 Haec
2216 3317 2356 3381 Ale—

858 3418 1113 3479 xander.
1166 3451 1247 3462 —
1292 3416 1527 3478 Verum
1579 3416 1657 3478 de
1707 3416 1825 3478 hoc
1876 3415 2128 3498 plenius
2188 3415 2356 3479 infra

858 3515 1125 3577 dicetur.
2058 3555 2073 3567 ·

953 3613 1245 3695 Amplius
1307 3612 1385 3675 de
1451 3612 1571 3674 hac
1632 3630 1699 3674 re
1761 3611 1985 3674 scribit
2045 3611 2354 3696 Heni-icus

856 3711 1231 3786 Quodlibeto
1293 3718 1539 3793 quart0,
1602 3710 2124 3793 septimadecima
2186 3730 2354 3794 quae-

856 3810 1059 3872 stione
1096 3827 1109 3871 :
1143 3809 1346 3872 Motus
1375 3808 1592 3871 localis
1628 3825 1753 3870 non
1796 3808 2063 3871 debetur
2092 3809 2219 3872 nisi
2248 3828 2354 3871 ex-

854 3907 1101 3970 sistenti
1162 3908 1228 3969 in
1277 3907 1436 3980 loc0‚
1489 3907 1575 3969 ita
1633 3907 1801 3989 quod
1858 3907 2039 3988 juxta
2092 3909 2352 3970 modum

853 4024 981 4088 quo
1010 4005 1201 4068 habet
1238 4024 1377 4068 esse
1420 4005 1483 4067 in
1526 4006 1684 4079 loco,
1718 4004 2023 4068 debeatur
2050 4007 2109 4068 ei
2142 4014 2354 4069 motus

854 4104 1073 4167 localis
1122 4104 1199 4167 de
1242 4104 1382 4168 loco
1422 4105 1501 4166 ad
1546 4104 1777 4167 locum.
1812 4105 1999 4167 Porro
2042 4104 2120 4166 de
2164 4105 2355 4166 modo

2468 3124 2682 3197 ponat,
2714 3117 2886 3198 quod
2917 3119 3352 3181 connaturalia
3381 3120 3506 3181 sibi
3536 3121 3812 3184 habeant
3840 3139 3976 3185 cor-

2466 3231 2622 3294 pora
2661 3216 3200 3296 quemadmodum
3239 3218 3489 3293 animae,
3521 3227 3632 3281 aut
3669 3221 3839 3301 quod
3879 3220 3974 3283 di·

2466 3313 2632 3374 versi
2677 3315 2886 3395 angeli
2933 3315 2998 3376 in
3041 3334 3179 3378 esse
3223 3334 3338 3378 suo
3384 3319 3655 3396 naturali
3698 3319 3970 3382 diversis

2465 3411 2756 3492 partibus
2813 3414 3096 3477 universi
3155 3415 3680 3492 determinantur,
3731 3417 3968 3500 quibus

2463 3511 2837 3573 naturaliter
2866 3513 3148 3594 praesint,
3181 3521 3245 3576 et
3283 3514 3455 3577 circa
3491 3535 3651 3596 quas
3685 3517 3966 3580 actiones

2463 3609 2708 3692 aliquas
2739 3610 3056 3673 naturales
3087 3621 3420 3675 exerceant
3451 3614 3688 3695 quibus
3723 3615 3967 3696 erigan-

2463 3715 2568 3769 tur
2627 3708 2693 3770 in
2752 3728 2939 3770 suum
3007 3709 3230 3786 finem,
3291 3712 3586 3793 quamvis
3651 3731 3778 3776 non
3837 3715 3964 3777 sint

2462 3805 2682 3870 sormae
2711 3816 2899 3888 atque
2931 3808 3238 3890 perfectio
3269 3811 3546 3891 partium
3577 3811 3957 3884 earumdem,

2463 3905 3004 3986 quemadmodum
3057 3906 3420 3989 philosophi
3471 3919 3823 3990 posuerunt
3867 3909 3958 3971 di-

2461 4022 2676 4066 versas
2707 4003 3160 4086 intelligentias
3191 4006 3469 4069 inclusas
3499 4007 3771 4070 diversis
3799 4007 3961 4073 orbi·

2463 4101 2583 4164 bus
2625 4102 2980 4165 coelestium
3029 4120 3388 4185 corporum.
3423 4104 3698 4187 Uterque
3745 4114 3958 4168 autem

854 4203 1199 4266 exsistendi
1230 4203 1526 4285 angelum
1560 4203 1625 4265 in
1658 4203 1817 4277 loce,
1854 4203 1919 4266 in
1949 4203 2073 4265 alia
2106 4203 2350 4266 dictum
2381 4209 2432 4271 D
2462 4201 2691 4264 horum
2724 4201 3054 4263 modorum
3085 4201 3503 4283 impossibilis
3533 4211 3630 4264 est
3659 4203 3831 4267 circa
3859 4224 3963 4266 an—

854 4309 951 4363 est
997 4301 1367 4383 quaestione,
1408 4300 1519 4362 ubi
1570 4300 1813 4362 dictum
1864 4308 1979 4374 est,
2024 4301 2194 4382 quod
2244 4320 2353 4362 an-

851 4399 1032 4481 gelus
1061 4415 1189 4460 non
1219 4397 1409 4460 habet
1442 4417 1554 4480 per
1586 4417 1653 4460 se
1692 4417 1831 4460 esse
1864 4398 1929 4459 in
1961 4398 2098 4462 loco
2129 4418 2352 4461 secun-

851 4497 1006 4558 dum
1048 4496 1492 4570 substantiam,
1526 4495 1650 4558 nisi
1694 4495 1856 4558 forte
1908 4496 1971 4556 in
2021 4505 2351 4579 assumpto

851 4613 1114 4677 corpore
1148 4612 1162 4657 ε
1196 4601 1261 4656 et
1302 4595 1389 4656 ita
1429 4613 1544 4677 per
1592 4594 1887 4657 accidens
1938 4597 2246 4677 competit
2289 4597 2348 4658 ei

850 4712 988 4757 esse
1032 4694 1099 4756 in
1138 4694 1277 4756 loco
1320 4701 1391 4754 ut
1430 4699 1799 4756 contentum
1844 4701 1907 4755 et
1945 4693 2348 4757 circumscri-

850 4802 1032 4876 ptum
1063 4812 1100 4855 a
1129 4792 1287 4856 loco.
1309 4791 1438 4854 Hoc
1469 4793 1705 4854 etenim
1737 4793 2068 4873 proprium
2098 4800 2197 4855 est
2227 4813 2351 4855 ma-

848 4890 1257 4973 gnitudinum
1310 4898 1738 4963 extensarum,
1792 4909 1933 4972 quae
1980 4898 2046 4952 et
2091 4891 2349 4973 proprie

848 4988 1085 5052 habent
1115 4988 1358 5050 moveri
1388 4987 1693 5062 localiter,
1722 4988 1956 5069 partim
1986 4988 2349 5051 exsistendo

850 5090 914 5151 in
947 5088 1221 5150 termino
1251 5105 1288 5148 a
1318 5103 1466 5168 quo,
1500 5095 1560 5148 et
1594 5087 1823 5169 partim
1862 5088 1926 5149 in
1963 5087 2240 5149 termino
2268 5088 2348 5149 ad

847 5205 1041 5269 quem
1070 5203 1084 5248 :
1115 5185 1284 5268 quod
1318 5202 1444 5247 non
1475 5185 1773 5248 convenit
1800 5185 2043 5266 angelis
2075 5185 2201 5247 nisi
2233 5205 2348 5268 per

846 5285 1163 5358 accidens,
1187 5301 1302 5366 per
1332 5301 1596 5366 corpora
1623 5303 1763 5366 quae
1792 5283 1873 5346 ab
1907 5283 2063 5366 ipsis
2094 5302 2348 5346 moven-

2461 4299 2634 4380 gelos
2670 4317 2682 4360 ε
2719 4299 3020 4382 quoniam
3063 4318 3188 4362 non
3220 4309 3368 4362 sunt
3411 4319 3752 4383 corporum
3780 4311 3959 4366 actus

2465 4405 2533 4458 ut
2562 4397 2811 4471 animat,
2845 4405 2908 4459 et
2946 4398 3249 4480 quoniam
3288 4399 3530 4481 proprii
3566 4401 3960 4464 essentiales-

2462 4515 2588 4577 que
2630 4504 2810 4558 actus
2848 4514 3070 4558 eorum
3112 4497 3193 4559 ab
3237 4498 3414 4559 omni
3453 4499 3766 4580 corporali
3813 4499 3958 4562 sub-

2461 4595 2692 4656 stant-ia
2737 4594 3213 4670 abstrahuntur,
3248 4603 3318 4658 ut
3363 4605 3512 4659 sunt
3561 4597 3747 4672 velle,
3782 4597 3962 4661 intel-

2462 4691 2678 4774 ligere,
2729 4694 2807 4755 ad
2862 4711 3022 4775 quos
3071 4694 3251 4756 nullo
3301 4695 3587 4776 indigent
3646 4696 3958 4779 corporali

2459 4791 2885 4855 instrumento
2932 4798 3041 4854 aut
3083 4810 3336 4873 organo.
3379 4794 3552 4856 Unde
3595 4795 3650 4857 si
3695 4813 3812 4876 per
3851 4815 3958 4877 ap-

2459 4888 2869 4970 plicationem
2899 4890 3155 4952 virtutis
3187 4890 3617 4972 intelligantur
3645 4892 3956 4975 applicari

2459 4987 2618 5061 loco,
2651 4988 2772 5050 hoc
2803 5006 2928 5051 non
2961 4997 3058 5051 est
3088 4989 3210 5050 nisi
3240 4989 3391 5071 quia
3423 4989 3599 5052 locus
3627 4998 3736 5052 aut
3767 4992 3956 5054 situa-

2459 5085 2515 5147 le
2548 5086 2834 5167 indigent
2862 5087 3070 5168 angeli
3110 5088 3474 5169 operatione
3503 5107 3576 5151 ac
3615 5088 3954 5153 influentia

2457 5184 2814 5247 voluntaria
2863 5203 2876 5247 :
2926 5185 3018 5248 sic
3066 5187 3306 5269 quippe
3355 5188 3708 5250 secundum
3753 5188 3952 5252 l'idem

2453 5282 2661 5364 angeli
2704 5292 2962 5347 movent
3009 5283 3195 5348 orbes
3240 5284 3529 5349 coelestes
3573 5286 3946 5350 voluntarie.
