4334 6242
825 491 947 558 426

1497 513 1561 559 IN
1600 512 1822 560 LIBRUM
1864 513 1907 559 ῙῙ
1950 511 2435 560 ΞΕΝΤΕΝΤΙΑΒΟΗ.
2481 531 2562 542 -
2602 513 2756 560 DIST.
2795 513 2923 577 vu;
2966 513 3189 570 QUAEST.
3226 515 3267 558 V

689 709 718 738 ο
827 683 1187 748 stantialem
1246 684 1602 758 affirmans,
1655 686 1710 747 si
1768 703 1918 747 vere
1976 685 2329 748 resolvatur
2362 687 2413 749 A
2442 685 2597 747 dum
2656 691 2841 746 natus
2900 703 3105 747 caecus
3165 683 3242 746 fit
3292 683 3538 757 videns,
3592 702 3706 745 seu
3758 682 3941 764 virgo

567 2769 715 2814 Exod-

825 803 898 846 ac
949 785 1138 858 clare,
1193 785 1554 847 invenietur
1603 803 1828 866 parum
1877 792 1987 847 aut
2034 785 2197 847 nihil
2247 784 2327 846 ab

824 885 1207 963 Anaxagorae
1237 882 1538 965 opinione
1569 882 1938 957 differre,ut
1967 883 2160 945 etiam
2195 901 2332 965 pro-

827 989 1094 1043 testatur
1149 988 1213 1044 et
1272 980 1498 1063 probat
1551 981 1885 1056 Henricus,
1937 981 2104 1043 sicut
2162 981 2330 1044 infra

825 1080 1156 1162 pandetur.

906 1279 1172 1360 Insuper
1201 1278 1556 1340 Alexander
1584 1279 1754 1342 circa
1789 1279 1924 1342 haec
1956 1280 2138 1363 plura
2168 1299 2333 1362 quae-

827 1379 909 1440 rit
951 1385 1014 1439 et
1059 1377 1282 1440 scribit
1324 1376 1580 1440 diffuse.
1626 1377 1822 1458 Cujus
1873 1379 2042 1441 dicta
2083 1387 2331 1442 senten-

824 1476 1062 1540 tialiter
1092 1495 1209 1559 pro
1240 1477 1520 1539 maxima
1558 1486 1736 1559 parte
1767 1487 1916 1540 sunt
1945 1479 2324 1541 introducta.

829 1575 1131 1640 Concedit
1178 1576 1420 1657 quippe
1464 1575 1646 1656 juxta
1702 1594 1962 1638 sensum
2021 1576 2331 1658 praehabi-

826 1682 986 1746 tum,
1031 1673 1199 1755 quod
1249 1691 1442 1755 opera
1489 1674 1852 1736 daemonum
1895 1682 1959 1736 et
1998 1693 2328 1757 magorum

827 1790 954 1835 non
1017 1772 1147 1834 sint
1204 1772 1460 1854 proprie
1523 1772 1792 1834 dicenda
1853 1773 2181 1847 miracula,
2243 1774 2330 1836 ita

2444 803 2706 847 mane-ns
2773 784 2953 864 virgo
3023 783 3207 865 parit.
3278 782 3655 845 Miraculum
3726 791 3941 844 autem

2441 891 2752 965 quantum
2800 883 2881 944 ad
2930 882 3192 945 modum
3242 880 3517 944 faciendi
3559 889 3807 943 tantum
3851 880 3943 942 di-

2443 983 2630 1055 citur,
2674 982 2830 1044 dum
2880 981 2942 1042 id
2988 981 3157 1063 quod
3210 988 3493 1043 mutatur
3534 981 3601 1043 in
3648 981 3943 1053 alterum,

2443 1080 2635 1144 habet
2664 1081 3017 1143 naturalem
3048 1080 3340 1142 ordinem
3380 1080 3459 1142 ad
3495 1080 3639 1152 hoc,
3673 1081 3783 1142 sed
3816 1098 3947 1142 non

2443 1180 2615 1262 quod
2658 1178 2774 1240 fiat
2816 1185 2944 1239 tam
2994 1179 3121 1240 cito
3164 1195 3179 1240 τ
3223 1186 3291 1239 ut
3334 1178 3487 1240 dum
3533 1196 3611 1240 ex
3656 1197 3823 1260 aqua
3870 1179 3947 1240 fit

2444 1278 2691 1350 vinum,
2736 1283 2800 1338 et
2848 1295 2926 1340 ex
2974 1277 3153 1358 virga
3202 1295 3485 1359 serpens.
3536 1278 3726 1340 Porro
3775 1277 3948 1339 istud

2442 1379 2569 1436 cito
2611 1376 2880 1457 intelligi
2930 1383 3139 1458 potest
3183 1376 3549 1459 dupliciter.
3590 1377 3822 1450 Primo,
3868 1377 3949 1439 de

2445 1473 2744 1553 instanti3
2776 1481 2839 1536 et:
2878 1474 3133 1556 quando
3170 1474 3263 1536 sic
3301 1474 3401 1547 fit,
3435 1493 3583 1538 vere
3624 1482 3721 1537 est
3760 1475 3952 1537 mira-

2444 1572 2685 1646 culum,
2720 1580 2783 1635 et
2820 1571 2940 1635 soli
2982 1573 3282 1635 convenit
3325 1574 3472 1635 Deo.
3519 1573 3831 1646 Secundo,
3866 1574 3949 1635 de

2442 1678 2730 1752 tempore
2773 1670 3155 1734 brevissimo
3199 1679 3263 1733 et
3304 1671 3487 1753 quasi
3537 1671 3951 1754 impercepti-

2442 1769 2593 1849 bili3
2621 1779 2685 1832 et
2714 1771 2805 1832 sic
2836 1787 2963 1832 non
2995 1778 3093 1832 est
3117 1771 3373 1852 proprie
3406 1771 3812 1846 miraculum,
3833 1773 3951 1834 sed

827 1870 997 1952 quod
1039 1871 1166 1932 Deo
1203 1870 1630 1952 omnipotenti
1674 1871 2006 1953 proprium
2045 1880 2140 1934 est
2180 1889 2327 1955 ope·
2364 1875 2413 1939 B
2443 1868 2758 1951 quoddam
2794 1868 3107 1930 mirabile.
3141 1869 3218 1930 Et
3246 1869 3397 1950 quia
3424 1869 3787 1932 discernere
3816 1888 3951 1932 non

827 1969 952 2030 rari
1012 1968 1271 2051 propria
1334 1975 1644 2050 potestate
1701 1969 2009 2032 miracula
2070 1971 2328 2052 proprie

828 2075 1103 2149 sumpta.

909 2166 1214 2229 Praeterea
1267 2166 1344 2227 ad
1397 2166 1812 2248 quaestionem
1873 2167 2058 2242 hanc,
2110 2177 2326 2229 utrum

828 2282 1022 2345 opera
1068 2283 1398 2346 magorum
1443 2265 1780 2327 Pharaonis
1824 2264 2069 2327 fiebant
2109 2285 2334 2328 secun-

828 2362 984 2424 dum
1023 2362 1380 2436 veritatem,
1413 2382 1494 2425 an
1535 2363 1888 2425 secundum
1928 2363 2330 2445 phantasiam

829 2480 903 2523 ac
949 2459 1415 2543 praestigialiter
1463 2468 1734 2536 tantum,
1779 2463 2120 2544 respondet
2160 2463 2331 2545 quod

831 2560 1184 2622 secundum
1228 2559 1585 2632 veritatem,
1628 2561 2166 2641 quemadmodum
2213 2561 2333 2623 Au-

831 2656 1122 2738 gustinus
1170 2657 1396 2739 probat
1437 2664 1502 2719 et
1543 2665 1736 2732 tenet,
1779 2660 2134 2740 praesertim
2178 2678 2332 2742 quo·

732 2785 802 2823 vn,
833 2754 1004 2817 niam
1047 2756 1225 2836 virga
1253 2755 1459 2818 Aaron
1489 2755 1699 2836 virgas
1740 2775 2068 2837 magorum
2099 2757 2197 2839 (id
2236 2766 2333 2820 est

833 2872 1095 2935 serpens
1125 2855 1480 2935 serpentes)
1512 2854 1744 2936 legitur
1771 2856 2124 2918 devorasse.
2151 2856 2333 2920 Circa

831 2951 953 3014 hoc
1003 2952 1231 3034 quaerit
1277 2951 1650 3028 Alexander,
1703 2973 1784 3015 an
1833 2955 2138 3016 dracones
2202 2974 2331 3017 ma-

2441 1967 2729 2029 valemus
2763 1967 3017 2049 quando
3048 1966 3198 2029 talia
3236 1966 3395 2029 fiant
3428 1967 3494 2028 in
3535 1967 3797 2030 instanti
3836 1977 3954 2031 aut

2442 2064 2508 2126 in
2560 2071 2845 2146 tempore
2892 2063 3097 2138 brevi,
3150 2065 3397 2126 utimur
3445 2064 3704 2127 nominc
3760 2065 3953 2127 mira-

2442 2163 2570 2224 culi
2620 2163 2697 2224 ad
2747 2171 3111 2244 utrumque.
3164 2198 3246 2208 —
3293 2163 3405 2224 Est
3450 2170 3664 2224 autem
3713 2163 3953 2244 triplex

2444 2261 2669 2324 modus
2718 2260 3114 2343 producendi
3173 2269 3523 2342 serpenteS,
3574 2261 3879 2324 videlicet
3932 2283 3948 2326 :

2442 2379 2519 2422 ex
2550 2358 3014 2442 putrefactione
3045 2377 3204 2440 pure
3237 2359 3639 2438 naturaliter3
3666 2361 3954 2423 secundo

2442 2476 2556 2540 per
2599 2456 3146 2531 accelerationem,
3192 2457 3357 2519 sicut
3400 2457 3691 2519 fecerunt
3739 2458 3951 2538 magi3

2442 2556 2629 2618 tertio
2696 2556 2761 2617 in
2830 2555 3112 2630 instanti,
3172 2555 3392 2637 sicque
3455 2555 3673 2617 divina
3732 2557 3953 2620 omni-

2442 2653 2814 2736 potentique
2882 2653 3118 2715 virtute
3180 2653 3423 2735 Moyses
3487 2652 3659 2715 fecit.
3720 2654 3951 2735 Angeli

2441 2753 2701 2814 demum
2751 2750 2902 2813 boni
2951 2759 3014 2813 et
3064 2751 3214 2813 mali
3274 2770 3629 2833 praeparare
3677 2761 3951 2833 possunt

2442 2849 2795 2923 materiam,
2830 2867 2957 2911 non
3002 2849 3302 2912 inducere
3341 2848 3613 2912 formam
3655 2849 3952 2912 substan-

2443 2949 2679 3011 tialem.
2713 2983 2794 2992 —
2831 2948 2975 3010 Haec
3016 2948 3389 3011 Alexander.

830 3066 1055 3131 gorum
1098 3051 1424 3112 redierunt
1455 3051 1520 3114 in
1552 3051 1780 3132 virgaS.
1813 3052 1942 3114 Nec
1980 3053 2170 3114 audet
2210 3052 2330 3115 hoc
2368 3052 2413 3116 C
2524 3047 2641 3121 Qui
2690 3047 2921 3108 iterum
2971 3046 3219 3128 quaerit‚
3269 3046 3543 3129 qualiter
3591 3047 3751 3110 fiant
3800 3047 3950 3110 illu-

831 3147 1126 3222 definire‚
1161 3149 1495 3230 potissime
1533 3168 1734 3231 quum
1773 3151 1953 3212 nullo
1982 3150 2170 3212 modo
2210 3151 2329 3213 hoc

832 3247 1138 3309 naturalis
1178 3247 1406 3310 habeat
1437 3248 1613 3321 ordo,
1648 3249 1817 3330 quod
1857 3249 2162 3311 dracones
2194 3268 2333 3310 ver-

830 3350 1046 3404 tantur
1081 3343 1146 3404 in
1188 3343 1378 3424 ligna,
1412 3343 1578 3406 sicut
1608 3344 1775 3425 quod
1818 3344 1988 3425 ligna
2024 3344 2088 3405 in
2120 3345 2335 3407 draco-

832 3459 965 3503 nes,
1018 3441 1138 3504 Sed
1201 3442 1436 3504 mirum
1486 3441 1738 3505 videtur
1784 3461 1978 3524 quare
2035 3443 2156 3505 hoc
2218 3443 2335 3504 sci-

832 3541 1098 3602 scitetur
1153 3547 1263 3602 aut
1310 3539 1397 3602 ita
1458 3540 1855 3622 respondeat,
1907 3560 2105 3622 quum
2164 3540 2334 3602 dicat

833 3639 1170 3703 colubrum
1225 3639 1453 3722 Moysis
1507 3657 1676 3713 vere,
1729 3657 1856 3702 non
1912 3639 2330 3722 phantastice,

832 3739 1137 3800 dracones
1170 3737 1311 3800 illos
1341 3754 1614 3800 vorasse.
1641 3773 1722 3790 —.
1749 3737 1923 3811 Quod
1954 3745 2167 3800 autem
2206 3757 2334 3802 non

833 3837 958 3898 fuit
1007 3836 1096 3898 ibi
1148 3835 1544 3917 phantastica
1595 3835 1831 3907 illusio,
1876 3836 2102 3918 probat
2135 3857 2149 3901 :
2186 3839 2337 3920 quia

837 3936 902 3998 in
934 3942 1063 3997 tota
1098 3935 1312 3998 Exodo
1350 3935 1428 3996 de
1462 3934 1572 3996 tali
1612 3933 1908 3997 illusione
1948 3936 2038 3998 nil
2081 3935 2330 4017 legitur.

720 4067 746 4094 v
834 4035 971 4097 Imo
1001 4033 1198 4096 Exodi
1230 4041 1475 4106 octav0,
1511 4033 1622 4096 ubi
1660 4034 1824 4115 magi
1863 4043 2203 4097 narrantur
2232 4036 2335 4099 de-

834 4132 1064 4196 fecisse
1094 4131 1160 4193 in
1200 4151 1328 4194 non
1359 4131 1627 4194 valendo
1660 4133 2011 4213 producere
2049 4133 2334 4203 scinifes,

835 4337 898 4391 et
957 4338 1102 4392 ante
1163 4329 1496 4403 dixissent,
1559 4328 1613 4389 si
1679 4329 1744 4389 in
1805 4328 2098 4392 faciendo
2164 4330 2335 4394 dese·

835 4427 1090 4491 cissent.

915 4527 1229 4609 AmpliuS,
1263 4527 1706 4608 respondendo
1735 4527 1814 4588 ad
1851 4526 2041 4599 istud,
2076 4547 2153 4588 an
2190 4545 2335 4609 ope-

835 4646 905 4689 ra
953 4627 1064 4688 illa
1113 4644 1440 4706 magorum
1499 4624 1738 4687 suerint
1789 4625 2115 4698 miracula,
2170 4626 2333 4688 hanc

834 4727 1015 4811 ponit
1044 4724 1555 4788 distinctionem:
1581 4723 1880 4786 Miracula
1911 4733 2177 4806 possunt
2206 4725 2333 4786 dici

835 4827 936 4889 vel
987 4833 1298 4908 quant-um
1355 4823 1432 4885 ad
1489 4842 1622 4884 rem
1673 4821 1926 4896 factam,
1979 4823 2081 4884 vel
2130 4843 2331 4905 quan-

836 4933 972 4987 tum
1003 4924 1081 5000 ad
1115 4924 1376 4986 modum
1406 4921 1682 4984 faciendi
1714 4920 2333 4983 solum.Miraculum

836 5030 1146 5108 quantum
1195 5021 1274 5084 ad
1329 5039 1462 5083 rem
1521 5019 1777 5092 factam,
1829 5027 1892 5082 et
1939 5038 2066 5082 non
2125 5019 2332 5083 solum

838 5130 1148 5207 quantum
1211 5120 1288 5182 ad
1357 5119 1617 5182 modum
1685 5117 1982 5192 faciendi,
2048 5127 2331 5194 vocatur,

838 5220 1093 5304 quando
1133 5218 1490 5300 suscipiens
1529 5216 1780 5279 nullum
1821 5216 2010 5279 habet
2042 5217 2332 5283 ordinem

839 5318 1191 5388 naturalem
1233 5318 1310 5382 ad
1355 5315 1833 5400 suscipiendum
1873 5315 2179 5379 effectum
2214 5333 2229 5378 :
2265 5324 2333 5378 ut

2442 3143 2653 3208 siones
2696 3153 2887 3226 atque
2930 3143 3251 3226 praestigia
3292 3144 3359 3206 in
3402 3145 3705 3227 operibus
3753 3147 3953 3227 magi-

2444 3243 2557 3306 ciS.
2602 3243 2961 3325 Respondet
3004 3259 3018 3305 :
3062 3243 3358 3316 Quaedam
3404 3243 3734 3306 illusiones
3776 3244 3954 3306 fiunt

2442 3342 2685 3425 absque
2728 3342 3173 3424 cooperatione
3216 3343 3600 3417 daemomm,
3643 3343 3777 3406 sola
3815 3345 3952 3425 agi-

2443 3441 2681 3503 tatione
2730 3439 3063 3502 hominum
3114 3441 3587 3503 ostendentium
3629 3449 3693 3504 et
3734 3442 3953 3504 occul—

2442 3539 2716 3601 tantium
2756 3538 2993 3620 aliqua,
3028 3545 3098 3600 ut
3128 3539 3195 3600 in
3229 3539 3812 3620 tranSJectionibuS.
3847 3541 3952 3603 In-

2444 3637 2695 3700 terdum
2755 3654 3009 3719 quoque
3068 3638 3205 3699 sine
3264 3637 3499 3700 virtute
3556 3638 3948 3711 daemonum,

2444 3737 2673 3800 virtute
2702 3736 3109 3818 quorumdam
3139 3752 3469 3817 corporum
3501 3736 3903 3800 mineralium
3931 3757 3947 3801 z

2446 3854 2587 3916 quae
2616 3835 2726 3916 qui
2757 3833 3015 3906 habent,
3042 3841 3308 3915 possunt
3338 3853 3453 3916 per
3481 3834 3783 3898 virtutem
3816 3836 3951 3899 illis

2446 3931 2820 4014 corporibus
2878 3931 3169 4004 inditam,
3222 3949 3358 3993 rem
3417 3940 3769 3995 monstrare
3818 3952 3949 3996 non

2448 4031 2637 4094 sicuti
2678 4039 2809 4110 est;
2850 4048 2968 4092 nec
3012 4038 3166 4092 tunc
3208 4039 3307 4092 est
3348 4028 3591 4092 falsitas
3640 4049 3718 4093 ex
3770 4041 3950 4113 parte

2446 4130 2570 4192 visi
2628 4130 2785 4211 quin
2842 4128 3085 4210 aliquid
3138 4129 3221 4190 sit
3272 4131 3440 4210 quod
3493 4129 3768 4204 videtur,
3819 4150 3953 4194 non

765 4275 775 4286 .
837 4237 986 4293 sunt
1043 4230 1236 4294 locuti
1291 4246 1306 4291 ε
1359 4229 1604 4310 Digitus
1664 4229 1775 4291 Dei
1831 4237 1927 4292 est
1983 4230 2107 4293 hic.
2160 4232 2336 4305 Quod
2369 4232 2419 4293 D
2450 4239 2663 4291 tamen
2704 4235 2799 4290 est
2838 4227 3007 4289 sicut
3045 4235 3327 4309 apparet.
3363 4228 3572 4291 Tertio
3616 4227 3693 4291 fit
3732 4229 3954 4293 illusio

2448 4327 2593 4390 talis
2633 4346 2748 4409 per
2786 4328 3127 4400 daemoneS,
3162 4326 3382 4408 quiex
3412 4327 3635 4390 ordine
3672 4347 3803 4392 suae
3842 4350 3954 4392 na—

2450 4436 2609 4490 tura>
2636 4426 2873 4488 habent
2904 4433 3282 4507 potestatem
3312 4445 3506 4508 super
3536 4427 3827 4508 quaedam
3860 4429 3954 4491 in-

2448 4525 2701 4598 feriora,
2735 4543 2928 4605 quam
2962 4524 3130 4585 circa
3170 4522 3280 4584 illa
3308 4534 3607 4586 exercent
3635 4534 3952 4607 quantum

2449 4625 2614 4686 Deus
2658 4622 3005 4705 permittit3
3045 4630 3327 4704 tuncque
3368 4631 3630 4705 apparet
3676 4643 3775 4686 res
3820 4643 3949 4688 non

2448 4722 2636 4786 sicuti
2667 4729 2765 4784 est
2799 4739 2812 4783 :
2846 4728 2909 4782 et
2940 4720 3234 4802 quamvis
3274 4720 3357 4782 sit
3388 4721 3509 4782 ista
3549 4721 3761 4785 illusio
3791 4743 3949 4806 quo-

2446 4823 2524 4884 ad
2570 4821 2831 4883 modum
2876 4819 3158 4892 videndi,
3198 4819 3487 4901 subjacet
3532 4827 3739 4883 tamen
3784 4824 3949 4886 veri-

2447 4930 2541 4983 tas
2584 4939 2661 4982 ex
2713 4926 2890 5001 parte
2934 4917 3025 4981 rei
3070 4917 3244 4989 visae,
3290 4924 3360 4979 ut
3401 4918 3479 4980 de
3524 4919 3947 4985 mineralibus

2445 5020 2689 5081 dictum
2720 5025 2851 5096 est;
2893 5017 3001 5079 sed
3044 5016 3149 5078 hic
3178 5015 3256 5078 fit
3285 5017 3522 5079 virtute
3552 5018 3945 5083 daemoniaca

2447 5118 2615 5201 quod
2674 5116 2763 5179 ibi
2814 5116 3051 5179 virtute
3109 5114 3379 5177 naturali
3440 5115 3641 5178 indita
3688 5121 3943 5200 corpori

2446 5216 2560 5280 illi.
2594 5251 2676 5260 —
2704 5215 2926 5278 Adhuc
2968 5220 3181 5275 tamen
3232 5213 3446 5276 illusio
3494 5214 3615 5277 ista
3660 5235 3787 5281 non
3834 5237 3945 5300 ap-

2447 5316 2720 5402 pellatur
2779 5313 3169 5397 praestigium
3229 5332 3242 5376 :
3302 5314 3470 5394 quod
3531 5317 3787 5400 proprie
3844 5325 3945 5386 est
