4334 6242
1284 787 1758 860 QUAESTIO
1815 789 1875 852 V

977 1047 1163 1111 Uinto
1205 1048 1533 1131 quaeritur,
1572 1051 1704 1117 An
1750 1052 1964 1118 inter
2005 1054 2333 1132 angelos

958 1150 1316 1309 *dimotos
1365 1150 1530 1214 sint
1577 1165 1842 1231 pugna
1889 1152 2124 1232 atque
2174 1152 2330 1220 dis-

834 1258 970 1310 cor
1058 1259 1126 1311 a.

912 1342 1175 1405 Videtur
1204 1345 1374 1426 quod
1405 1362 1552 1407 non.
1577 1345 1811 1421 Primo,
1831 1347 2134 1428 quoniam
2168 1347 2334 1409 inter

833 1459 940 1504 eos
987 1449 1084 1504 est
1129 1461 1380 1506 summa
1418 1463 1562 1527 pax,
1596 1447 1823 1508 caritas
1865 1453 1927 1508 et
1970 1447 2330 1518 concordia,

729 1539 738 1546 ’
835 1539 1002 1602 sicut
1031 1560 1181 1603 vera
1211 1550 1274 1603 et
1303 1543 1492 1624 plena
1525 1544 1795 1626 requirit
1823 1543 2173 1620 beatitudo,
2195 1545 2335 1625 jux-

555 1660 636 1769 IZs.
657 1673 806 1718 auva,

547 1728 562 1768 l
599 1757 610 1769 .

543 2159 662 2202 Dan.
681 2173 723 2210 x,
742 2161 805 2202 ¹3.

541 2356 660 2401 laid.
677 2369 747 2406 vn.
765 2357 805 2398 2.

554 3340 672 3383 Dan.
688 3352 743 3389 ix.
761 3351 804 3382 x.

548 3635 664 3678 Ibid.
679 3649 722 3686 x,
736 3638 801 3679 13.

835 1646 898 1700 ta
942 1638 1099 1700 illud
1137 1657 1150 1701 :
1184 1640 1300 1714 Qui
1342 1641 1555 1723 posuit
1593 1640 1759 1704 fines
1798 1651 1940 1706 tuos
1981 1662 2225 1726 pacem.
2257 1679 2337 1689 —

836 1737 1148 1814 Secundo,
1184 1738 1348 1801 inter
1385 1741 1642 1822 angelos
1681 1749 1778 1803 est
1810 1742 2335 1824 tranquillissima

1521 482 1586 528 m
1624 483 1848 530 LIBRUM
1887 484 1931 529 11
1973 483 2457 531 SENTENTIARUH.
2500 503 2580 512 —
2622 487 2775 532 DlST.
2814 488 2919 550 xt3
2964 488 3188 544 QUAEST.
3226 489 3265 534 V

2361 653 2412 716 A
2440 655 2628 736 plene
2673 663 2971 738 purgatos
3017 675 3031 719 :
3074 659 3245 741 quod
3291 666 3505 722 tamen
3544 679 3670 723 non
3710 659 3949 723 revela-

2438 761 2615 816 verat
2652 755 2876 835 angelo
2918 756 3219 830 DanieliS‚
3252 758 3362 839 qui
3406 766 3541 820 erat
3580 759 3657 821 de
3698 759 3945 841 simpli-

2440 850 2622 912 cibus
2663 852 2927 932 angelis,
2966 853 3109 916 Haec
3150 855 3710 920 AntisiodorensiS.

2526 949 2723 1030 Cujus
2781 952 3109 1033 responsio
3166 961 3263 1015 est
3319 954 3611 1028 obscura,
3670 963 3735 1018 et
3790 975 3945 1019 con-

2440 1047 2651 1110 tinens
2710 1049 3000 1130 quaedam
3062 1051 3325 1126 incerta,
3387 1053 3710 1128 videlicet,
3774 1055 3945 1136 quod

2440 1145 2703 1225 angelus
2748 1147 2991 1209 Danieli
3036 1167 3350 1231 apparens
3394 1159 3457 1212 et
3498 1151 3786 1234 loquenS,
3819 1151 3945 1215 fuit

2441 1243 2519 1306 de
2548 1244 2955 1327 simplicibus
2994 1248 3257 1328 angelis,
3292 1268 3491 1330 quum
3535 1249 3600 1311 in
3638 1250 3801 1314 libro
3833 1252 3947 1314 Da-

2443 1343 2628 1405 nielis
2660 1344 2903 1424 legatur
2932 1346 3184 1409 Gabriel
3214 1348 3556 1422 exstitisse,
3571 1348 3755 1430 juxta
3784 1350 3942 1413 iliud

2443 1440 2508 1502 in
2550 1442 2807 1504 Daniele
2841 1463 2855 1506 :
2893 1443 3052 1506 Eece
3082 1444 3181 1507 vir
3222 1445 3473 1509 Gabriel
3514 1449 3689 1510 stetit
3726 1467 3937 1512 coram
3970 1467 4137 1511 Dmm

2446 1558 2569 1613 me,
2602 1548 2722 1601 etc.

2523 1639 2713 1701 Porro
2772 1639 3041 1702 Thomas
3098 1641 3350 1724 planius
3413 1645 3791 1727 pleniusque
3852 1664 3945 1708 re-

2446 1737 2763 1816 spondens
2799 1756 2811 1799 :
2846 1739 3050 1801 Verba
3080 1741 3347 1822 (inquit)
3376 1744 3511 1807 haec
3542 1744 3843 1816 Danielis,
3864 1763 3945 1806 ex

838 1836 1144 1917 praelati0‚
1177 1845 1240 1898 et
1279 1837 1344 1899 in
1388 1838 1563 1900 omni
1607 1857 1796 1900 causa
1839 1841 2225 1903 concordant
2267 1840 2334 1902 in
2371 1839 2417 1902 B
2446 1833 2681 1915 quibus
2725 1843 2855 1898 tota
2900 1836 3034 1900 haec
3083 1839 3436 1904 difficultas
3485 1851 3703 1905 exorta
3750 1851 3867 1916 est,
3910 1862 3948 1905 a

837 1936 984 1997 Deo.

917 2035 986 2096 In
1025 2036 1412 2098 contrarium
1453 2044 1550 2098 est
1581 2038 1749 2118 quod
1788 2038 2032 2100 Danieli
2071 2038 2335 2120 angelus

837 2141 1094 2195 sanctus
1141 2141 1408 2196 testatur
1450 2153 1463 2196 ε
1510 2135 1812 2217 Princeps
1860 2137 2193 2198 Persarum
2240 2155 2337 2198 re-

836 2231 997 2293 stitit
1029 2232 1186 2294 mihi
1216 2232 1442 2313 viginti
1480 2241 1543 2295 et
1573 2253 1702 2296 uno
1740 2234 1987 2296 diebus.
2021 2236 2331 2317 Itemque,

834 2331 1112 2403 Quatuor
1153 2331 1325 2393 venti
1373 2331 1516 2394 coeli
1563 2332 1947 2414 pugnabant.
1993 2334 2108 2395 Per
2150 2352 2331 2415 qu08,

834 2430 1189 2492 secundum
1243 2429 1550 2505 Glossam,
1602 2430 2015 2511 designantur
2064 2439 2337 2513 quatuor

833 2527 1134 2609 angelicae
1164 2536 1528 2610 potestateS,
1561 2536 1834 2611 quatuor
1868 2529 2335 2612 principalibus

835 2626 1050 2706 regnis
1095 2627 1388 2708 praelatae.

939 2823 1118 2886 Circa
1185 2824 1306 2885 hoc
1374 2824 1597 2886 scribit
1660 2824 2198 2889 Antisiodorensis
2267 2825 2334 2886 in

836 2922 1096 2984 Summa
1133 2941 1268 2995 sua,
1304 2922 1468 2985 libro
1496 2925 1776 2986 secundo
1811 2941 1824 2985 ε
1857 2925 2158 2986 Ieremias
2196 2943 2335 3006 pro-

835 3118 1200 3199 captivitate
1259 3118 1662 3181 liberandum
1723 3139 1871 3182 mox
1930 3121 2333 3202 septuaginta

833 3216 1016 3278 annis
1065 3216 1420 3298 completis.
1473 3217 1639 3290 Quos
1689 3218 1908 3280 Daniel
1958 3219 2166 3280 sciens
2217 3219 2333 3280 im-

833 3314 1059 3397 pletOS‚
1103 3314 1306 3376 oravit
1350 3333 1465 3396 pro
1509 3315 1882 3378 liberatione
1932 3317 2155 3398 populi
2205 3317 2324 3379 sui.

833 3415 946 3478 Cui
990 3415 1252 3496 angelus
1292 3414 1454 3476 dixit
1493 3423 1746 3498 tempus
1789 3435 1927 3479 esse
1965 3416 2325 3498 impletum,

831 3513 1308 3594 orationemque
1353 3513 1494 3594 ejus
1542 3532 1680 3576 esse
1729 3514 2227 3593 exaudiendam3
2267 3521 2331 3577 et

830 3611 1070 3672 addidit
1111 3631 1124 3674 :
1169 3611 1469 3693 Princeps
1507 3612 1836 3673 Persarum
1875 3612 1964 3692 (id
2007 3619 2104 3674 est
2141 3631 2329 3692 ange-

831 3708 929 3770 lus
965 3709 1074 3771 ille
1113 3709 1192 3770 de
1230 3709 1452 3772 ordine
1490 3709 1910 3791 PrincipatuS‚
1954 3717 2024 3772 ut
2067 3711 2325 3786 dicitur,

828 3807 1175 3889 praesidens
1221 3825 1414 3888 regno
1461 3808 1816 3889 Persarum)
1861 3809 2089 3871 restitit
2142 3809 2322 3871 mihi.

828 3906 1058 3988 Sicque
1098 3904 1352 3968 videtur
1391 3905 1557 3967 inter
1593 3907 1850 3987 angelos
1892 3906 2033 3969 illos
2073 3915 2325 3971 sanctos

826 4002 1024 4065 fuisse
1073 4003 1405 4066 discordia.
1455 4003 1548 4066 Ad
1599 4005 1766 4085 quod
1810 4005 2107 4077 dicimuS,
2155 4007 2324 4088 quod

826 4101 987 4164 nihil
1031 4102 1205 4164 aliud
1245 4101 1363 4163 fuit
1417 4102 1527 4164 illa
1575 4103 1934 4166 resistentia
1981 4103 2105 4166 nisi
2154 4106 2323 4186 quod

823 4200 1086 4281 angelus
1135 4201 1465 4263 Persarum
1515 4201 1820 4264 revelavit
1865 4201 2091 4283 angelo
2141 4202 2326 4265 Dani·
2354 4206 2403 4266 D
2436 4197 2521 4259 ita
2548 4205 2645 4260 est
2675 4197 3105 4278 intelligenda·
3140 4199 3345 4272 Quum
3386 4200 3493 4262 Dei
3525 4199 3770 4281 judicia
3804 4204 3933 4268 sint
3958 4229 4215 4280 Paxxxvs.

823 4299 964 4373 elis,
996 4318 1211 4380 quum.
1237 4307 1404 4362 esset
1443 4317 1518 4362 eo
1557 4301 1868 4382 superior,
1902 4301 2144 4382 aliquid
2186 4319 2323 4364 esse

823 4396 946 4459 sibi
997 4397 1346 4459 revelatum
1387 4399 1557 4480 quod
1601 4415 1730 4460 non
1769 4399 1994 4479 angelo
2039 4397 2323 4481 loquenti

823 4495 902 4557 ad
933 4495 1259 4558 Danielem
1294 4515 1308 4559 ε
1345 4496 1670 4570 revelavit,
1705 4497 1988 4578 inquam,
2013 4497 2073 4558 ei
2109 4497 2321 4578 ipsum

823 4593 988 4657 velle
1030 4595 1419 4656 contrarium
1459 4595 1601 4675 ejus
1635 4595 1805 4677 quod
1836 4596 2002 4658 Deus
2033 4594 2323 4674 volebat;

825 4700 887 4756 et
926 4693 1034 4757 ille
1075 4694 1417 4776 acquievit,
1451 4693 1970 4776 voluntatemque
2011 4713 2193 4756 suam
2233 4695 2324 4756 di-

825 4794 990 4856 vinae
1053 4795 1390 4876 supposuit
1447 4793 1776 4856 voluntati.
1839 4793 2051 4856 Voluit
2110 4802 2325 4856 autem

826 4892 1127 4974 princeps
1175 4892 1504 4954 Persarum
1563 4893 1843 4955 nondum
1910 4892 2165 4955 liberari
2216 4894 2325 4954 Ju-

827 4989 1016 5064 daeOS,
1050 4998 1122 5052 ut
1162 4998 1435 5053 cessaret
1473 4991 1692 5054 odium
1733 4991 2060 5053 Persarum
2105 4992 2325 5053 adver-

827 5109 936 5152 sus
967 5107 1096 5163 eOS,
1116 5107 1275 5170 quos
1308 5090 1430 5172 ipsi
1462 5108 1578 5172 per
1607 5109 1674 5152 se
1704 5088 1957 5152 fuerant
1984 5089 2326 5170 aliquando

827 5189 1168 5272 persecuti.
1204 5187 1280 5250 Et
1317 5189 1480 5252 forte
1525 5189 1660 5271 ipse
1699 5195 1834 5250 erat
1869 5187 2323 5269 ArchangeluS,

828 5296 892 5352 et
947 5289 1006 5351 ei
1065 5287 1456 5351 revelaverat
1513 5288 1678 5350 Deus
1730 5286 1978 5350 Judaeos
2037 5286 2323 5349 nondum

2447 1931 2690 1993 Sanctis
2722 1932 3147 1997 diversimode
3185 1947 3611 2018 exponuntur.
3646 1939 3949 2022 Hierony-

2448 2048 2588 2092 mus
2621 2050 2895 2113 namque
2926 2032 3035 2106 ait,
3060 2036 3230 2115 quod
3262 2036 3563 2118 princeps
3597 2037 3707 2100 ille
3736 2039 3947 2100 Persa-

2445 2146 2588 2190 rum
2638 2129 2941 2192 resistens
2992 2130 3352 2195 liberationi
3402 2135 3765 2199 Israeliticae
3814 2136 3945 2218 ple-

2444 2229 2566 2302 bis,
2600 2228 2723 2290 fuit
2765 2230 3027 2310 angelus
3077 2232 3307 2306 maluS,
3342 2235 3547 2296 Persis
3592 2236 3893 2318 praelatus
3927 2257 3942 2301 ε

2446 2327 2978 2408 quemadmodum
3045 2330 3215 2392 enim
3288 2331 3635 2415 unicuique
3698 2333 3943 2397 homini

2443 2426 2629 2488 datur
2669 2427 2746 2488 ad
2788 2428 3164 2490 exercitium
3213 2449 3380 2491 unus
3428 2432 3692 2512 angelus
3734 2433 3943 2496 bonus

2442 2533 2505 2586 et
2544 2525 2706 2587 alter
2754 2526 2979 2600 malm,
3024 2527 3115 2588 sic
3159 2527 3427 2610 singulis
3474 2531 3773 2610 gentibus
3816 2533 3945 2596 duo

2442 2624 2649 2705 angeli
2713 2633 3193 2707 praeponuntur,
3259 2646 3426 2690 unus
3489 2628 3719 2704 bonuS‚
3782 2631 3944 2693 alter

2444 2723 2667 2785 malus.
2705 2723 2824 2785 Sed
2870 2723 2935 2786 in
2982 2724 3103 2786 hoc
3154 2743 3280 2788 non
3331 2734 3428 2788 est
3472 2727 3787 2792 dubitatio
3830 2731 3943 2791 mi-

2443 2838 2576 2882 nor.
2615 2820 2869 2883 Constat.
2910 2821 3109 2895 enim,
3152 2824 3321 2904 quod
3363 2825 3625 2906 angelus
3676 2826 3945 2909 loquens

2441 2919 2709 2993 Danieli,
2743 2919 2987 2981 exstitit
3030 2919 3257 2982 bonuS.
3294 2923 3619 2995 Quomodo
3658 2943 3809 3006 ergo
3852 2933 3949 2989 tot

796 3039 806 3050 ·
835 3019 1202 3102 phetaverat
1260 3021 1573 3102 populum
1629 3022 1817 3084 lsrael
1869 3043 1905 3085 a
1951 3021 2335 3105 Babylonica
2366 3020 2409 3083 C
2443 3016 2668 3079 diebus
2699 3017 3051 3079 efficaciter
3073 3019 3132 3080 ei
3160 3020 3494 3082 restitisset
3523 3023 3786 3103 angelus
3818 3043 3946 3086 ma-

2442 3115 2563 3188 luS,
2596 3115 2720 3177 nisi
2756 3133 3012 3177 causam
3051 3115 3313 3178 haberet
3338 3117 3576 3198 justam
3602 3123 3626 3180 ἲ
3656 3121 3857 3194 Quam
3888 3122 3942 3184 si

2441 3212 2788 3286 habuisset,
2822 3213 3015 3275 etiam
3056 3215 3360 3296 possibile
3400 3215 3522 3278 fuit
3555 3218 3757 3280 multo
3796 3218 3941 3302 plus

2441 3311 2866 3373 resistentiam
2918 3310 3091 3373 illam
3141 3311 3286 3374 fieri
3329 3332 3442 3395 per
3487 3315 3786 3396 angelum
3834 3317 3943 3380 bo-

2441 3429 2617 3471 num.
2678 3409 2824 3472 Ideo
2883 3428 3032 3473 cum
3089 3411 3155 3472 B.
3209 3411 3509 3492 Gregorio
3568 3421 3665 3476 est
3722 3414 3937 3477 dicen-

2440 3508 2617 3581 dum,
2665 3508 3150 3590 quod,uterque
3198 3510 3460 3590 angelus
3511 3511 3635 3573 fuit
3680 3511 3935 3576 bonus:

2438 3607 2608 3688 quod
2656 3607 2848 3669 etiam
2899 3608 3099 3688 magis
3150 3616 3453 3671 consonat
3502 3609 3749 3686 litterae,
3793 3632 3936 3694 quae

2439 3705 2503 3766 in
2548 3705 2768 3767 eadem
2810 3705 3149 3768 locutionis
3188 3707 3369 3768 serie·
3396 3708 3756 3791 principem
3797 3712 3935 3773 Per-

2437 3823 2649 3865 sarum
2701 3803 3008 3878 nominat,
3055 3811 3118 3866 et
3159 3805 3530 3868 Michaelem
3572 3807 3931 3891 principem

2432 3901 2817 3975 Judaeorum,
2881 3921 3073 3985 quem
3134 3911 3379 3966 constat
3434 3923 3573 3966 esse
3632 3907 3932 3988 angelum

2435 4007 2745 4062 sanctum.

2512 4098 2655 4162 Haec
2687 4106 2899 4161 autem
2931 4119 3143 4182 pugna
3171 4102 3525 4164 secundum
3558 4104 3932 4185 Gregorium

2432 4295 2697 4378 abyssus
2742 4295 2963 4369 multa,
2998 4296 3498 4378 profunditatem
3538 4298 3931 4380 judiciorum

2432 4394 2573 4475 ejus
2614 4395 2822 4475 angeli
2866 4395 3068 4457 sancti
3112 4396 3653 4477 comprehendere
3695 4419 3935 4483 neque·-

2434 4502 2550 4555 unt
2582 4513 2597 4557 :
2632 4492 2775 4556 ideo
2806 4494 2961 4576 quid
3001 4494 3349 4576 unicuique
3380 4497 3553 4576 genti
3591 4506 3698 4560 aut
3731 4499 3935 4563 homi·

2434 4593 2501 4654 ni
2551 4592 2856 4654 debeatur
2904 4593 3257 4654 secundum
3307 4592 3794 4676 dispositionem
3844 4599 3935 4661 di-

2433 4691 2675 4766 vinam,
2730 4710 2857 4754 non
2916 4709 3169 4773 semper
3224 4691 3610 4774 intelligunt,
3664 4696 3789 4758 nisi
3840 4698 3935 4760 eis

2433 4790 2707 4872 desuper
2753 4790 3088 4853 reveletur.
3124 4791 3193 4852 In
3234 4791 3503 4854 diversis
3544 4811 3696 4858 vero
3731 4797 3937 4875 genti-

2434 4888 2553 4950 bus
2586 4889 2811 4951 merita
2840 4889 3254 4951 inveniuntur
3283 4890 3555 4965 diversa,
3576 4894 3933 4958 secundum

2435 5007 2710 5072 quorum
2769 4989 3203 5051 diversitatem
3264 4989 3519 5052 videtur
3576 4993 3744 5074 quod
3808 5013 3937 5058 una

2432 5106 2586 5168 gens
2635 5087 2859 5150 debeat
2909 5087 3091 5149 alteri
3141 5106 3281 5150 esse
3328 5087 3638 5168 subjecta,
3694 5092 3793 5154 vel
3853 5091 3933 5155 ab

2433 5186 2573 5267 ejus
2623 5185 2911 5249 dominio
2967 5185 3241 5248 liberari.
3298 5186 3529 5268 Sicque
3588 5189 3653 5250 in
3699 5189 3933 5254 Judaeis

2434 5293 2589 5348 tunc
2618 5284 2742 5347 fuit
2777 5303 2790 5347 :
2827 5284 3128 5368 quoniam
3167 5285 3446 5348 Danielis
3476 5286 3698 5362 oratio,
3733 5307 3931 5371 quan-

4140 1469 4217 1518 ‚it
