4334 6242
529 2473 704 2520 Mauh.
729 2488 786 2519 w.

820 488 941 555 364

1507 485 1572 554 iN
1610 507 1833 554 LIBRUM
1875 507 1920 553 11
1960 506 2441 554 SENTENTIARUH.
2488 525 2569 537 --
2607 508 2761 554 DIST.
2799 508 2902 571 vt3
2946 508 3169 565 QUAEST.
3206 510 3247 555 V

821 699 899 743 ex
931 680 1329 763 praeallegata
1358 680 1644 761 origenis
1675 679 2065 742 auctoritate.
2099 716 2181 725 —
2208 681 2321 743 Re·
2349 674 2403 739 A
2432 697 2575 741 cere
2617 679 2695 741 de
2738 678 2954 762 aliquo
2990 680 3168 755 vitio,
3203 680 3267 743 in
3311 698 3437 763 quo
3480 682 3809 762 passiones
3851 682 3933 744 ad

821 780 1286 862 spondendum,
1320 782 1488 862 quod
1519 800 1596 843 ex
1638 779 1745 841 illa
1783 780 2155 842 auctoritate
2192 798 2318 842 non

818 879 1091 941 habetur
1136 880 1306 961 quod
1355 897 1478 941 non
1536 879 1756 960 possit,
1808 879 1918 941 sed
1967 880 2136 960 quod
2191 897 2318 941 non

818 979 1047 1041 audeat
1091 978 1255 1041 ultra
1295 978 1442 1041 inde
1482 985 1745 1051 tentare,
1779 978 2003 1040 saltem
2042 987 2173 1041 tam
2210 998 2318 1040 au-

817 1077 1032 1139 dacter
1079 1085 1150 1139 ut
1197 1084 1360 1139 ante.
1397 1076 1524 1139 Nec
1573 1084 1670 1139 est
1719 1076 1928 1139 simile
1977 1078 2055 1140 de
2106 1096 2320 1159 pugna

818 1175 1128 1257 corporali
1173 1196 1314 1257 quae
1360 1175 1594 1238 dicitur
1637 1176 2080 1238 monomachia
2115 1194 2128 1237 :
2164 1194 2317 1258 quo-

815 1274 986 1336 niam
1038 1274 1244 1336 victus
1295 1273 1359 1335 in
1416 1273 1546 1347 illa,
1599 1292 1724 1336 non
1781 1274 1969 1336 habet
2020 1275 2188 1337 ultra
2240 1294 2317 1337 ex

811 1372 1059 1453 justitia
1089 1380 1461 1453 potestatem
1496 1372 1839 1453 pugnandi.
1873 1372 2030 1435 Nam
2068 1381 2319 1455 reputa-

814 1479 920 1532 tur
967 1470 1246 1543 infamis,
1294 1479 1596 1551 tanquam
1645 1471 1722 1532 de
1771 1470 2056 1552 perjurio
2104 1472 2318 1534 convi-

815 1576 974 1631 ctus.
1009 1571 1079 1630 In
1111 1568 1280 1631 bello
1308 1575 1518 1631 autem
1555 1568 1892 1650 spirituali,
1926 1569 2078 1651 quia
2115 1578 2315 1632 tenta-

814 1668 1019 1730 tiones
1050 1674 1318 1749 prosunt
1344 1666 1586 1739 electiS,
1615 1668 2006 1749 permittitur
2037 1676 2315 1750 potestas

815 1766 1048 1829 diaboli
1089 1774 1352 1839 tentare,
1387 1773 1646 1847 propter
1685 1765 2022 1828 utilitatem
2064 1769 2310 1842 tentati,

815 1882 941 1927 non
986 1865 1304 1927 tentantis.

893 1967 1159 2047 Insuper
1188 1965 1241 2027 si
1274 1972 1614 2047 quaeratur,
1647 1985 1725 2028 an
1760 1974 2037 2048 potestas
2074 1965 2312 2029 diaboli

815 2063 898 2125 sit
952 2062 1141 2143 ligata
1202 2071 1494 2145 respectu
1552 2064 1826 2144 alicujus
1879 2065 2313 2127 determinatae

816 2180 1122 2243 personae,
1170 2168 1238 2223 ut
1285 2180 1426 2223 eam
1475 2180 1601 2225 non
1651 2162 1851 2245 possit
1899 2170 2179 2239 tentare3
2223 2164 2314 2224 di-

817 2261 1090 2322 cendum
1131 2261 1300 2341 quod
1343 2279 1491 2333 non,
1525 2262 1677 2343 quia
1707 2261 2049 2334 Christum,
2085 2262 2150 2323 in
2187 2280 2314 2343 quo

817 2378 942 2422 non
975 2358 1097 2421 fuit
1126 2358 1352 2434 fomeS‚
1381 2360 1668 2432 tentavit,
1699 2378 1816 2421 nec
1849 2360 1914 2421 in
1946 2360 2153 2441 prima
2184 2368 2316 2423 ten-

815 2458 1052 2520 tatione
1093 2457 1300 2520 victus
1341 2458 1630 2530 cessavit,
1669 2458 1798 2521 imo
1837 2458 2075 2540 triplici
2121 2467 2316 2521 tenta-

816 2555 987 2618 tione
1039 2555 1438 2637 impugnavit
1485 2556 1784 2617 eumdem
1834 2557 2153 2619 continue.
2202 2557 2315 2619 Ve-

815 2662 1173 2716 rumtamen
1229 2654 1320 2715 sic
1369 2660 1463 2715 est
1513 2653 1701 2734 ligata
1755 2661 2028 2735 potestas
2077 2654 2313 2718 diaboli

2431 776 2591 840 illud
2649 779 2877 841 vitium
2940 780 3315 843 inclinantes
3373 781 3651 843 totaliter
3706 781 3935 843 devin-

2430 885 2684 951 cuntur,
2718 886 2790 939 ut
2817 885 2912 940 est
2944 878 3008 940 in
3046 878 3173 941 illis
3208 879 3273 941 in
3312 878 3547 960 quibus
3576 879 3935 961 acquiritur

2429 976 2686 1038 habitus
2732 977 2989 1039 virtutis
3036 976 3613 1054 consuetudinalis3
3664 986 3729 1041 et
3774 986 3933 1041 tunc

2430 1091 2556 1138 non
2590 1083 2873 1137 remanet
2904 1094 3130 1157 magna
3171 1076 3453 1157 pronitas
3483 1077 3558 1138 ad
3596 1076 3756 1138 illud
3786 1095 3937 1158 pec-

2430 1180 2642 1234 catum
2670 1190 2683 1234 :
2714 1172 2855 1235 ideo
2887 1191 3012 1236 non
3044 1180 3322 1236 tentatur
3350 1194 3387 1237 a
3416 1173 3668 1237 diabolo
3698 1175 3776 1237 de
3806 1175 3935 1238 hoc

2430 1279 2712 1353 peccat0,
2767 1272 2917 1354 quia
2965 1274 3132 1335 vires
3184 1273 3324 1354 ejus
3374 1274 3714 1354 cognoscit.
3764 1274 3939 1336 Alia-

2429 1388 2571 1430 rum
2606 1370 2865 1432 demum
2903 1371 3279 1452 opinionum
3322 1371 3481 1434 ratio
3519 1379 3726 1453 potest
3764 1391 3933 1443 esse,

2429 1468 2580 1549 quia
2609 1488 2807 1550 quum
2842 1469 3069 1532 caritas
3099 1487 3292 1551 opera
3323 1470 3489 1533 bona
3517 1470 3740 1533 reddat
3766 1489 3945 1533 com·

2431 1566 2650 1628 munia
2694 1567 2760 1629 in
2804 1575 2935 1631 tota
2972 1568 3275 1643 Ecclesia,
3309 1588 3386 1631 ex
3425 1569 3690 1631 victoria
3734 1570 3940 1633 unius

2427 1665 2640 1729 fidelis
2698 1684 2919 1729 omnes
2976 1668 3234 1749 aliquod
3294 1668 3701 1730 commodum
3759 1688 3938 1731 asse-

2426 1772 2732 1845 quuntur,
2784 1764 2939 1827 dum
2988 1784 3208 1829 eorum
3262 1767 3473 1829 hostes
3522 1765 3933 1829 minuuntur.

2351 1859 2874 1925 BVerumtamen
2933 1864 3087 1946 quid
3137 1865 3365 1928 horum
3414 1864 3498 1926 sit
3545 1864 3781 1937 veriuS,
3832 1872 3941 1927 est

2427 1960 2763 2036 incertum,
2797 1962 2949 2043 quia
2977 1981 3095 2024 nec
3126 1962 3367 2026 ratione
3399 1982 3517 2025 nec
3552 1963 3940 2025 auctoritate

2426 2059 2702 2121 multum
2742 2068 2949 2141 potest
2982 2060 3257 2143 probari.
3289 2098 3371 2107 —
3400 2061 3497 2123 llli
3527 2079 3780 2143 quoque
3813 2063 3939 2143 qui

2424 2156 2647 2219 dicunt·
2676 2158 2994 2221 daemones
3025 2158 3225 2221 victos
3256 2158 3336 2221 ab
3367 2159 3541 2222 omni
3578 2159 3937 2222 tentatione

2425 2273 2693 2330 cessare,
2729 2255 3093 2335 intelligunt
3132 2257 3209 2318 ad
3251 2264 3501 2339 tempus
3540 2257 3937 2319 determina-

2424 2360 2584 2427 tum,
2622 2362 2763 2435 post
2811 2355 2977 2435 quod
3024 2355 3255 2417 iterum
3296 2357 3375 2417 ad
3426 2374 3700 2437 pugnam
3753 2358 3941 2419 rede-

2426 2458 2559 2512 unt.
2605 2451 2748 2514 Haec
2790 2451 3063 2514 Thomas
3107 2452 3173 2513 in
3217 2452 3485 2534 Scripto.

2492 2550 2680 2611 Porro
2712 2549 2774 2610 in
2808 2549 3015 2632 prima
3045 2557 3223 2631 parte
3253 2551 3552 2625 summm,
3572 2551 3935 2633 quoestione

2424 2648 2769 2711 centesima
2820 2649 3311 2729 quartadecima,
3353 2650 3690 2731 respondet
3730 2668 3745 2711 t
3792 2650 3951 2713 Ali-·

815 2760 1109 2833 respectu
1161 2752 1606 2833 quorumdam,
1660 2760 1731 2813 ut
1781 2770 1910 2815 non
1957 2760 2156 2815 tentet
2206 2772 2312 2816 eos
2420 2746 2535 2827 qui
2567 2746 2993 2827 dicunt,quod
3025 2747 3272 2809 daemon
3303 2756 3637 2829 superatus
3669 2748 3933 2812 nullum

815 2870 1017 2933 usque
1055 2851 1132 2912 ad
1178 2869 1416 2912 casum.
1451 2850 1561 2911 Est
1604 2869 1856 2932 quoque
1898 2852 2163 2914 tentatio
2199 2853 2314 2914 du-
2425 2845 2503 2906 de
2545 2851 2754 2906 cetero
2791 2844 3117 2907 hominem
3158 2853 3366 2926 potest
3398 2852 3661 2917 tentare,
3695 2866 3813 2909 nec
3846 2848 3937 2909 de

815 2949 983 3031 plex‚
1018 2956 1172 3032 puta
1221 2948 1484 3011 interior
1525 2956 1715 3030 atque
1757 2949 2049 3011 exterior.
2083 2950 2134 3011 A
2178 2958 2312 3012 ten·
2425 2943 2649 3005 eodem
2700 2951 2957 3024 peccato
3005 2962 3213 3024 neque
3257 2943 3334 3006 de
3376 2942 3519 3006 alio.
3554 2978 3634 2990 —
3662 2944 3783 3006 Alii
3835 2946 3941 3007 di-

812 3048 1049 3111 tatione
1095 3047 1379 3110 interiori
1420 3047 1753 3110 cohibetur
1793 3048 1856 3109 in
1899 3047 2026 3110 illis
2067 3048 2131 3110 in
2174 3050 2313 3129 qui·
2349 3044 2393 3107 C
2426 3049 2598 3115 cunt,
2634 3042 2803 3123 quod
2841 3042 2999 3104 alios
3040 3049 3247 3123 potest.
3284 3049 3545 3115 tentare,
3578 3060 3703 3105 non
3744 3062 3937 3106 eum-

813 3147 932 3209 bus
973 3155 1067 3208 est
1109 3145 1311 3209 some-s
1351 3147 1722 3216 exstinctus,
1755 3147 1854 3208 vel
1899 3146 2008 3207 ubi
2049 3166 2177 3209 non
2218 3156 2315 3210 est
2424 3140 2589 3202 dem·
2638 3140 2813 3213 Quod
2862 3140 3255 3221 probabilius
3304 3140 3559 3214 dicitur,
3605 3141 3659 3203 si
3708 3148 3937 3205 tamen

811 3246 1035 3319 fomeS,
1071 3244 1236 3307 sicut
1284 3244 1406 3306 fuit
1455 3245 1520 3306 in
1565 3245 1830 3307 Christo.
1865 3246 1916 3307 A
1967 3246 2313 3309 tentatione
2425 3238 2815 3317 intelligatur
2862 3238 2939 3300 de
2999 3238 3376 3320 impotentia
3430 3257 3635 3319 usque·
3682 3240 3759 3301 ad
3806 3240 3933 3302 ali-

809 3352 1021 3407 autem
1052 3342 1346 3406 exteriori
1379 3362 1503 3406 non
1537 3343 2032 3425 cohibetur,qua
2059 3350 2122 3406 et
2145 3344 2316 3407 Chri-

810 3452 981 3505 stum
1031 3450 1306 3505 tentasse
1357 3444 1776 3523 cognoscitur.
1819 3478 1900 3488 —-
1943 3444 2085 3505 Haec
2132 3443 2313 3505 Alex·

811 3541 1025 3604 ander.

890 3639 968 3701 At
1006 3656 1157 3701 vero
1187 3637 1456 3700 Thomas
1483 3637 1752 3700 :Omnes
1782 3637 1924 3719 (ait)
1955 3639 2312 3700 concedunt

811 3738 1166 3800 daemonem
1216 3736 1411 3799 semel
1463 3736 1728 3808 victum,
1777 3736 1991 3817 aliquo
2039 3738 2229 3799 modo
2274 3758 2312 3799 a

812 3835 1156 3897 tentatione
1207 3854 1471 3897 cessare.
1508 3835 1627 3897 Sed
1680 3833 1848 3896 circa
1891 3834 2030 3907 hoc,
2066 3835 2313 3897 scilicet

809 3933 1084 4016 qualiter
1132 3940 1354 4008 cesset,
1400 3940 1526 3995 tres
1575 3940 1724 3994 sunt
1771 3932 2124 4014 opiniones,
2169 3934 2313 4007 Qui-

808 4034 953 4095 dam
987 4032 1158 4094 enim
1189 4032 1615 4113 dicunt,quod
1650 4033 1738 4094 ita
1767 4031 2118 4112 repellitur,
2140 4032 2307 4113 quod

807 4150 925 4194 nec
970 4132 1178 4213 ipsum
1223 4131 1527 4193 victorem
1575 4150 1692 4192 nec
1734 4130 1930 4196 alium
1974 4131 2138 4191 ultra
2178 4138 2311 4192 ten-

2423 3336 2591 3417 quod
2634 3343 2907 3417 tempus,
2942 3336 3098 3398 Nam
3140 3336 3451 3419 scriptum
3490 3345 3587 3399 est
3626 3338 3691 3399 in
3722 3338 3937 3401 Evan-

2421 3434 2588 3514 gelio
2620 3452 2634 3496 :
2670 3434 3121 3497 consummata
3169 3434 3344 3497 omni
3395 3435 3761 3509 tentatione,
3792 3444 3925 3498 etc.

2424 3531 2617 3612 Cujus
2663 3531 2897 3613 duplex
2940 3540 3037 3594 est
3080 3533 3257 3596 ratio.
3292 3534 3425 3595 Una
3472 3539 3569 3595 est
3616 3553 3691 3595 ex
3741 3543 3933 3615 parte

2422 3631 2653 3693 divinae
2700 3630 3055 3694 clementia}
3090 3649 3104 3693 :
3138 3631 3290 3713 quia
3338 3638 3408 3693 ut
3454 3631 3609 3694 dicit
3657 3632 3935 3715 Chryso-

2422 3737 2687 3803 stomuS,
2721 3748 2846 3792 non
2879 3730 3122 3791 tamdiu
3152 3736 3351 3791 tentat
3386 3729 3676 3792 homines
3706 3730 3933 3793 diabo-

2422 3826 2519 3889 lus
2560 3828 2865 3909 quamdiu
2896 3828 3055 3901 vult,
3084 3828 3193 3890 sed
3226 3828 3532 3909 quamdiu
3572 3829 3737 3890 Deus
3777 3848 3931 3909 per-

2421 3925 2617 3987 mittit
2651 3943 2664 3987 :
2698 3927 2807 4007 qui
2842 3926 2957 3987 etsi
3003 3925 3331 4008 permittat
3370 3926 3553 3988 illum
3594 3926 3935 4008 paulisper

2418 4032 2682 4096 tentare,
2717 4032 2930 4086 tamen
2975 4024 3227 4106 repellit
3266 4032 3612 4086 tentantem
3660 4034 3931 4107 propter

2420 4121 2743 4183 infirmam
2781 4122 3002 4183 tentati
3036 4129 3345 4183 naturam.
3366 4121 3505 4183 Alia
3533 4122 3695 4183 ratio
3724 4123 3933 4185 sumi-

806 4239 940 4293 tare
971 4229 1382 4311 permittitur,
1403 4248 1520 4291 nec
1550 4230 1628 4291 de
1659 4230 1880 4291 eodem
1915 4237 2175 4310 peccato
2204 4247 2309 4291 ne-
2338 4223 2387 4284 D
2420 4227 2523 4281 tur
2551 4238 2629 4281 ex
2662 4219 2894 4281 astutia
2924 4217 3180 4282 diaboli.
3216 4218 3391 4280 Unde
3418 4218 3791 4281 Ambrosius
3824 4240 3931 4283 as-

807 4348 932 4411 que
975 4329 1052 4390 de
1096 4328 1239 4390 alio,
1276 4326 1398 4389 Alii
1441 4326 1684 4401 dicunt,
1719 4327 1886 4409 quod
1929 4335 2134 4409 potest
2174 4335 2309 4390 ten-

806 4436 938 4489 tare
969 4427 1048 4489 de
1078 4425 1202 4488 alio
1233 4431 1512 4507 peccam,
1548 4444 1674 4487 non
1702 4434 1914 4487 autem
1947 4426 2026 4488 de
2055 4427 2301 4499 eodem,

806 4545 924 4589 nec
953 4526 1177 4613 ‘ipsum
1216 4526 1601 4598 vincentem,
1636 4544 1752 4586 nec
1793 4524 2012 4586 alium.
2050 4526 2124 4586 Et.
2169 4524 2303 4587 istm

805 4625 946 4687 duae
985 4624 1316 4705 opiniones
1359 4630 1684 4704 ponuntur
1723 4622 1790 4683 in
1837 4622 2061 4685 littera.
2100 4623 2303 4685 Ceteri

805 4722 1047 4795 dicunt,
1083 4722 1250 4803 quod
1283 4740 1360 4783 ex
1396 4738 1522 4802 quo
1561 4720 1793 4802 aliquis
1834 4722 2185 4783 daemonem
2228 4721 2305 4781 de

805 4820 1020 4902 aliquo
1050 4820 1207 4881 vitio
1240 4827 1582 4881 tentantem
1616 4818 1818 4880 vincit
1849 4819 2151 4900 perfecte,
2178 4837 2305 4880 non

805 4927 1012 5002 potest
1055 4919 1134 4981 de
1177 4920 1396 4980 eodem
1443 4917 1598 4979 vitio
1640 4917 1868 4979 tentari
1911 4917 1989 4979 ab
2030 4916 2160 4989 illo,
2196 4918 2304 4978 sed

807 5018 885 5080 de
932 5018 1092 5096 ali03
1133 5016 1288 5079 alios
1330 5034 1479 5078 vero
1524 5023 1730 5097 potest
1773 5023 2012 5077 tentare
2057 5022 2185 5077 tam
2229 5015 2306 5076 de

807 5116 965 5178 vitio
1015 5116 1145 5188 illo,
1192 5133 1384 5196 quam
1433 5114 1576 5176 alio.
1622 5114 1764 5176 Haec
1813 5122 2023 5175 autem
2078 5113 2309 5195 positio

808 5215 1000 5277 habet
1045 5234 1298 5277 causam
1349 5212 1624 5295 amplius
1670 5212 2072 5274 manifestam
2109 5230 2122 5273 :
2158 5229 2311 5293 quo-

811 5312 981 5374 niam
1030 5311 1136 5375 ille
1186 5309 1419 5377 dicitur
1467 5310 1746 5397 perfecte
1796 5308 2121 5374 diabolum
2174 5308 2309 5371 vin-

2418 4318 2570 4380 serit
2612 4337 2805 4399 super
2850 4319 3085 4380 Lucam
3125 4334 3139 4379 :
3175 4316 3474 4379 Diabolus
3519 4316 3751 4379 instare
3791 4318 3929 4381 for-

2416 4418 2626 4491 midat,
2642 4417 2793 4498 quia
2821 4416 3215 4497 frequentius
3250 4416 3480 4496 refugit
3517 4416 3921 4497 triumphari.

2417 4516 2591 4591 Quod
2624 4525 2835 4578 tamen
2874 4516 3165 4578 diabolus
3210 4515 3552 4596 aliquando
3588 4515 3799 4577 redeat
3838 4518 3927 4579 ad

2416 4636 2561 4679 eum
2595 4634 2785 4696 quem
2819 4614 3258 4695 dimisit,patet
3285 4632 3399 4694 per
3425 4613 3584 4674 illud
3610 4614 3922 4679 Matthaei:

2414 4716 2712 4779 Revertar
2745 4715 2805 4778 in
2838 4716 3097 4778 domum
3133 4734 3337 4777 meam
3366 4715 3533 4777 unde
3562 4715 3751 4777 exivi.
3772 4716 3925 4781 Haec

2416 4814 2685 4877 Thomas
2730 4814 2795 4876 in
2838 4814 3119 4877 Summa.

2497 4912 2808 4976 Consonat
2865 4913 3082 4974 Petrus
3136 4930 3150 4974 ε
3204 4912 3447 4995 Duplex
3498 4923 3593 4977 est
3639 4917 3927 5002 (dicens)

2415 5011 2681 5073 victoria
2722 5030 2848 5091 qua
2889 5012 3081 5073 homo
3128 5012 3481 5075 daemonem
3528 5015 3747 5077 vincit.
3782 5018 3925 5081 Una

2417 5109 2625 5193 plena,
2668 5110 2921 5191 quando
2964 5111 3209 5174 daemon
3260 5131 3379 5173 nec
3428 5112 3493 5174 in
3544 5115 3745 5177 multo
3794 5137 3919 5180 nec

2419 5209 2482 5270 in
2536 5208 2786 5270 modico
2835 5209 3149 5290 praevalet.
3186 5210 3478 5283 Quaedam
3526 5229 3651 5274 non
3698 5214 3915 5294 plena,

2420 5306 2672 5391 quando
2727 5306 2791 5367 in
2847 5306 3061 5388 aliquo
3114 5308 3415 5390 praevalet
3472 5318 3533 5373 et
3594 5310 3785 5387 laedit,
3842 5314 3923 5376 li-

4100 3474 4288 3521 .1v,13.

3988 4744 4283 4796 Malui-xu-
