4334 6242
837 449 959 514 322

1540 471 1602 517 IN
1644 469 1865 518 LIBRUM
1907 473 1947 517 n
1992 470 2476 520 SENTENTmnnM.
2523 491 2603 500 —
2644 472 2797 519 DIST.
2839 472 2918 535 V3
2963 468 3186 527 QUAEST.
3235 468 3254 516 Ι

838 637 1047 714 famae,
1079 641 1487 722 gravissimos
1521 641 1791 704 subeant
1820 650 2137 724 sumptuS,
2172 641 2340 704 labo-
2369 641 2422 704 A
2455 641 2520 704 in
2553 649 2841 704 creatura
2875 639 3288 703 intellectuali
3326 639 3536 702 locum
3568 655 3693 700 non
3724 634 3959 698 habeat

838 755 961 810 res,
995 756 1199 812 curas,
1234 739 1619 802 afflictiones
1651 749 1714 802 ct
1744 740 2033 803 laesiones
2068 760 2080 804 :
2117 759 2339 822 quem-

834 836 1177 899 admodum
1211 838 1275 900 in
1305 839 1751 901 exercentibus
1784 846 2238 912 torneamenta,
2275 839 2338 900 in

834 935 1208 1017 hypocritis,
1244 937 1309 998 in
1355 937 1610 1018 regibus
1649 944 1712 999 et
1751 939 2036 1020 tyrannis
2076 957 2190 1000 sua
2232 938 2340 1000 do-

839 1034 1035 1096 minia
1080 1053 1311 1115 augere
1360 1036 1750 1117 optantibuS,
1806 1043 1995 1118 patet.
2049 1037 2228 1098 Addo
2277 1044 2339 1098 et

833 1131 977 1206 hoc,
1011 1133 1163 1214 quia
1204 1135 1310 1196 vix
1352 1143 1726 1217 separantur
1767 1135 1847 1196 ab
1889 1135 2167 1197 invicem
2211 1143 2338 1197 tre-s

834 1229 960 1293 iltae
999 1239 1209 1312 partes
1250 1251 1363 1294 seu
1403 1233 1649 1313 species
1687 1241 1795 1294 aut
1828 1233 1989 1295 rami
2029 1252 2142 1294 seu
2182 1232 2336 1297 riliae

834 1329 1173 1410 superbiai,
1236 1350 1379 1412 quae
1440 1339 1610 1404 sunt,
1674 1331 2044 1393 dominandi
2110 1331 2332 1405 libido,

832 1445 1014 1490 amor
1071 1428 1278 1491 inanis
1336 1429 1574 1511 glorias,
1627 1438 1690 1492 et
1736 1431 1995 1492 honoris
2045 1429 2331 1493 ambitio.

832 1526 960 1588 Nec
1006 1534 1102 1588 est
1139 1528 1489 1590 verisimile
1534 1529 1817 1611 primum
1866 1529 2049 1591 illum
2092 1537 2338 1610 aposta-

834 1632 963 1687 tam
1007 1625 1089 1687 ab
1131 1626 1345 1708 aliqua
1386 1645 1605 1689 earum
1652 1627 1851 1690 fuisse
1897 1628 2274 1689 immunem.

914 1724 1103 1786 Porro
1152 1724 1205 1785 si
1257 1725 1430 1787 dicas
1483 1742 1496 1786 ε
1550 1725 1640 1786 Tu
1701 1726 1812 1806 qui
1871 1725 2005 1788 haec
2065 1726 2225 1787 dicis
2275 1733 2336 1787 et

2454 741 2716 802 mortale
2776 748 3110 822 peccatum
3165 746 3311 800 ante
3369 737 3632 819 plenum
3689 754 3957 798 consen-

2452 858 2595 900 sum
2640 846 2702 900 ct
2744 838 3006 901 rationis
3049 836 3594 899 deliberationem.

2533 938 2800 1019 insuper
2824 955 2839 998 τ
2863 936 3173 1009 Quoniam
3204 934 3471 1016 (inquit)
3503 953 3667 995 unus
3707 933 3960 1014 sapien-

2452 1035 2611 1096 tium
2644 1035 2890 1116 (utpote
2933 1033 3354 1116 Augustinus)
3383 1032 3666 1114 primum
3711 1030 3958 1093 malum

2451 1133 2651 1196 fuisse
2698 1133 2982 1196 affirmat
3025 1133 3423 1194 aversionem
3471 1130 3550 1193 ab
3601 1131 3962 1192 incommu-

2453 1232 2631 1294 tabili
2673 1233 2860 1307 bon0,
2896 1233 3187 1313 congruit
3217 1249 3410 1312 super
3447 1231 3570 1292 hoc
3605 1238 3964 1311 perscruta-

2452 1331 2527 1393 ri.
2580 1333 2796 1413 ltaque
2847 1332 3199 1394 maximum
3257 1329 3497 1392 malum
3549 1328 3614 1390 in
3665 1328 3962 1390 moribus

2451 1439 2642 1512 atque
2709 1430 3079 1504 moralibuS,
3143 1438 3238 1492 est
3302 1428 3576 1511 privatio
3638 1429 3962 1490 contraria

2450 1530 2796 1593 adhaesioni
2827 1550 2954 1612 qua
2993 1529 3160 1591 bono
3198 1527 3711 1591 incommutabili
3750 1527 3964 1590 adhae—

2452 1636 2642 1690 retur.
2682 1630 3018 1710 Quumque
3070 1647 3168 1689 res
3213 1628 3317 1688 cui
3366 1627 3743 1698 adhaeretur,
3789 1625 3965 1688 bona

2449 1733 2545 1788 est
2593 1735 2656 1789 et
2704 1725 2978 1788 salubris
3037 1726 3172 1787 sive
3219 1724 3588 1805 expedienS,
3643 1722 3808 1786 bona
3861 1733 3964 1786 est

833 1821 1143 1902 disputas,
1176 1841 1302 1904 qua
1341 1823 1605 1884 audacia
1646 1830 1705 1884 te
1746 1823 1880 1886 haec
1922 1823 2138 1885 videre
2184 1842 2338 1905 prae-
2373 1825 2421 1887 B
2448 1825 2724 1887 adhaesio
2758 1841 2771 1885 :
2808 1825 2975 1886 sicut
3005 1825 3157 1885 dum
3190 1822 3537 1885 virtutibus
3573 1822 3958 1884 adhaeretur.

832 1920 1057 1994 sumiS,
1099 1928 1163 1983 et
1211 1922 1490 2002 primum
1540 1922 1840 2002 angelum
1888 1922 2094 1996 illum,
2141 1942 2336 2004 quem

832 2019 1378 2100 sapientissimum
1440 2021 1758 2083 exstitisse
1815 2020 2065 2084 dubitat
2121 2040 2332 2096 nem0,

2449 1923 2512 1986 Si
2545 1941 2697 1984 vero
2728 1923 2810 1984 sit
2841 1923 3086 1994 nociva,
3121 1921 3398 1984 adhaesio
3429 1916 3596 1982 mala
3626 1929 3720 1982 est
3747 1920 3964 1982 :sicut

2450 2021 2625 2103 lepra
2655 2021 2891 2084 dicitur
2918 2020 3110 2082 alicui
3142 2020 3480 2082 adhaerere.
3510 2019 3583 2081 Et
3615 2019 3692 2082 de
3718 2019 3960 2081 Judaeis

832 2117 953 2179 ista
981 2136 1109 2180 non
1135 2118 1369 2181 vidisse
1400 2120 1745 2192 contendis
1762 2121 2110 2201 praesertim
2140 2140 2338 2202 quum

832 2215 1157 2280 involutus
1188 2217 1276 2280 sis
1305 2218 1608 2292 tenebriS‚
1632 2225 1823 2300 atque
1851 2218 2152 2281 distantia
2182 2239 2333 2300 qua-

832 2314 885 2376 si
926 2315 1239 2378 immensa
1268 2336 1305 2378 a
1335 2315 1477 2378 luce
1517 2315 1845 2399 sapientiae
1882 2316 2023 2404 ejus
2054 2325 2116 2380 te
2148 2318 2334 2399 longe

830 2431 969 2475 esse
1013 2432 1243 2494 negare
1287 2433 1414 2477 non
1460 2415 1711 2477 valeas?
1742 2416 2135 2498 RespondeO,
2180 2435 2335 2497 quo-

2450 2119 2732 2202 loquitur
2763 2118 2952 2181 Isaias
2979 2136 2992 2180 ε
3023 2119 3238 2180 Pueris
3268 2117 3495 2180 alienis
3525 2117 3954 2180 adliaeserunt.
4026 2143 4084 2185 ι..
4105 2147 4194 2189 Μ,

2447 2218 2913 2281 Adhaerendum
2957 2225 3055 2278 est
3094 2217 3287 2298 igitur
3331 2217 3608 2278 maxime
3645 2215 3953 2291 Creatori,

2448 2317 2525 2378 de
2557 2333 2684 2397 quo
2713 2316 2799 2376 ait
2831 2315 3178 2396 Propheta:
3203 2315 3354 2376 Mihi
3386 2322 3598 2376 autem
3629 2313 3956 2376 adhaerere
4027 2340 4102 2383 p..
4123 2355 4230 2390 mu,

2448 2415 2576 2476 Deo
2623 2413 2864 2476 bonum
2915 2421 3028 2475 est.
3071 2414 3212 2494 Ipse
3255 2413 3496 2495 quippe
3540 2431 3812 2495 sponsus
3855 2420 3958 2474 est
3987 2407 4054 2446 ²⁸·

831 2509 1002 2574 niam
1063 2519 1655 2594 quantumcumque
1715 2514 2009 2595 expedita
2054 2522 2119 2576 et
2166 2514 2336 2576 clara

830 2609 912 2672 sit
955 2609 1160 2672 virtus
1202 2609 1427 2685 visiva,
1471 2629 1598 2672 non
1644 2619 1857 2674 tamen
1903 2612 1988 2673 ita
2030 2613 2220 2686 clare,
2264 2619 2336 2674 ut

830 2708 1061 2790 aliquis
1124 2710 1445 2772 intueatur
1492 2729 1567 2772 ea
1626 2710 1690 2772 in
1741 2731 1883 2792 quae
1941 2711 2143 2772 aciem
2206 2727 2330 2773 non

831 2806 1146 2868 convertit
1181 2824 1195 2868 :
1230 2807 1322 2868 sic
1363 2806 1573 2869 fidelis
1610 2817 1672 2870 et
1705 2808 2103 2872 illuminatus
2132 2808 2336 2872 viator

831 2904 1065 2966 clarius
1115 2905 1428 2986 conspicit
1477 2905 1818 2967 falsitatem
1866 2924 1939 2968 ac
1988 2907 2336 2972 vanitatem

2449 2513 2797 2594 cujuslibet
2835 2513 3064 2575 animae
3095 2513 3393 2575 virtuosae
3430 2513 3782 2574 secundum
3825 2521 3960 2574 tres

2449 2611 2698 2674 nobiles
2747 2611 2887 2691 ejus
2938 2611 3127 2684 vireS‚
3179 2611 3475 2672 videlicet
3529 2627 3543 2673 :
3595 2612 3958 2673 secundum

2452 2709 2872 2782 intellectum,
2918 2710 2982 2771 in
3032 2717 3344 2791 quantum
3394 2709 3628 2771 veritas
3679 2709 3959 2772 lumino-

2449 2807 2752 2886 sissima3
2813 2808 3166 2869 secundum
3227 2806 3820 2888 concupiscibilem,
3887 2816 3960 2870 ut

2449 2906 2698 2968 bonitas
2729 2904 3138 2984 suavissima3
3161 2905 3512 2966 secundum
3545 2904 3959 2979 irascibilem,

832 3001 1135 3064 illusoriae
1166 3002 1641 3076 dominationis,
1674 3023 1866 3085 quam
1902 3004 2165 3084 angelus
2202 3005 2332 3078 ille,
2373 3009 2419 3074 C
2451 3011 2514 3064 ut
2556 3002 2757 3085 gloria
2798 3002 3460 3084 magnificentissima,
3493 3010 3554 3064 et
3593 3002 3796 3066 honor
3837 3023 3958 3066 seu

831 3100 943 3182 qui
1003 3118 1180 3164 vanae
1243 3100 1417 3162 illius
1480 3101 1932 3165 dominationis
1994 3121 2210 3166 amore
2273 3111 2336 3166 et

830 3195 1179 3261 ambitione
1231 3208 1454 3280 captus
1503 3207 1566 3262 et
1613 3209 1987 3274 excaecatuS,
2039 3220 2179 3263 eam
2242 3201 2338 3262 in·

830 3296 1031 3358 terius
1072 3315 1199 3359 non
1244 3297 1602 3378 perpendit,
1636 3317 1831 3379 quam
1871 3318 2053 3370 vana,
2086 3299 2236 3361 vilis
2273 3307 2335 3361 et

831 3394 1111 3456 enormis
1161 3394 1554 3481 consisteret.
1607 3396 1742 3458 lmo
1790 3397 2334 3477 quemadmodum

830 3493 1161 3556 oculorum
1212 3499 1731 3574 quantacumque
1772 3494 2022 3556 claritas
2072 3496 2337 3578 cespita-

832 3610 899 3653 re
932 3591 1244 3672 permittit
1272 3610 1345 3652 ac
1378 3591 1601 3654 cadere
1633 3611 1781 3654 eum
1813 3592 1925 3674 qui
1955 3593 2167 3656 visum
2207 3613 2335 3658 non

833 3688 1052 3769 dirigit
1084 3688 1149 3750 in
1191 3689 1561 3751 discrimina
1591 3691 1732 3765 viae,
1767 3691 1859 3753 sic
1900 3692 2203 3773 splendor
2241 3713 2336 3756 sa-

834 3787 1092 3870 pientiae
1140 3787 1349 3868 angeli
1397 3788 1676 3869 reprobi,
1726 3789 1951 3851 intenti
1996 3790 2063 3852 in
2107 3791 2232 3853 alia
2275 3799 2338 3854 et

832 3885 1201 3970 profundati
1246 3886 1313 3949 in
1364 3887 1515 3961 illis,
1561 3907 1689 3950 non
1739 3888 2001 3950 retraxit
2044 3889 2257 3971 ipsum
2301 3910 2338 3953 a

832 4005 1002 4048 casu.
1044 3985 1133 4046 Ex
1172 3985 1407 4067 quibus
1447 3993 1731 4067 apparet,
1776 3987 2064 4049 subitum
2105 3996 2168 4051 et
2209 4007 2336 4055 non

832 4083 1252 4147 deliberatum
1294 4083 1493 4146 fuisse
1534 4084 1736 4166 ipsius
1778 4093 2135 4167 peccatum,
2169 4088 2338 4150 sicut

2448 3102 2664 3174 decus,
2699 3109 2844 3183 post
2871 3120 3067 3182 quem
3109 3118 3236 3162 non
3275 3108 3372 3162 est
3400 3100 3564 3163 alius
3605 3100 3808 3164 honor
3843 3111 3962 3164 aut

2447 3199 2662 3262 decus,
2713 3199 2891 3262 Circa
2937 3199 3072 3277 haec
3121 3199 3295 3260 enim
3341 3206 3674 3262 versantur
3721 3208 3962 3262 cuncta

2449 3297 2692 3360 nobilia
2738 3297 3164 3359 humanarum
3209 3283 3523 3359 desideria
3562 3297 3956 3373 animarum,

2449 3404 2511 3458 et
2543 3397 2662 3458 ista
2692 3404 2841 3458 sunt
2869 3415 3012 3478 quae
3041 3394 3175 3457 sola
3211 3403 3382 3457 recte
3412 3403 3476 3457 et
3509 3396 3850 3476 magnifice
3879 3417 3960 3460 ac

2451 3494 2855 3557 laudabiliter
2901 3493 2982 3554 ab
3039 3494 3133 3555 eis
3192 3502 3584 3574 quaeruntur.
3639 3495 3814 3560 Unde
3873 3495 3959 3557 ab

2448 3594 2590 3656 aliis
2639 3592 2938 3656 omnibus
2988 3612 3130 3674 quae
3179 3600 3440 3674 propter
3488 3592 3609 3654 ista
3653 3593 3777 3655 tria
3821 3613 3958 3656 non

2449 3699 2842 3775 quaeruntur‚
2881 3690 3173 3752 illuditur
3215 3689 3330 3762 εἰς,
3364 3697 3428 3751 et
3474 3699 3804 3753 remanent
3846 3711 3958 3756 va-

2449 3810 2584 3854 cuae
2621 3790 2813 3852 etiam
2855 3807 3056 3871 quum
3093 3807 3167 3850 ea
3203 3786 3440 3851 fuerint
3469 3798 3791 3852 assecutae.
3829 3790 3958 3853 Sed

2447 3892 2524 3952 ad
2557 3889 2666 3951 illa
2695 3889 2816 3950 tria
2853 3896 2950 3950 est
2980 3887 3146 3950 bona
3188 3886 3548 3949 animarum
3589 3895 3958 3952 nostrarum

2448 3985 2802 4060 conversio,
2837 3992 2990 4067 puta
3019 3984 3098 4046 ad
3128 3985 3353 4058 Deum,
3386 3983 3452 4046 in
3484 4002 3612 4067 quo
3643 3985 3762 4047 ista
3803 3994 3960 4049 sunt

2449 4103 2674 4158 unum,
2705 4083 2783 4145 ad
2818 4082 2987 4164 quod
3026 4101 3216 4144 omne
3257 4081 3499 4144 bonum
3540 4090 3826 4145 creatum
3855 4093 3960 4146 est

831 4183 897 4246 in
928 4200 1003 4245 eo
1034 4181 1145 4265 qui
1177 4183 1314 4244 visa
1350 4181 1591 4244 femina
1630 4183 1939 4265 speciosa,
1974 4203 2121 4248 mox
2159 4186 2337 4248 ardet
2365 4195 2416 4258 D
2447 4182 2892 4246 ordinandum.
2913 4181 3172 4242 —Hinc
3203 4188 3470 4255 constat,
3494 4181 3778 4263 primum
3810 4201 3960 4265 pec·

832 4281 899 4343 in
942 4300 1107 4354 eam,
1140 4297 1266 4343 non
1314 4281 1643 4362 requirens
1690 4301 1807 4345 nec
1848 4283 2188 4346 consulens
2233 4303 2339 4347 ne—

831 4397 957 4460 que
1000 4377 1360 4441 deliberans
1398 4398 1478 4441 an
1518 4378 1640 4441 sibi
1688 4381 1769 4442 sit
1810 4383 2184 4463 appetenda.
2222 4383 2336 4445 Su-

833 4477 1170 4539 bitaneitas
1228 4485 1440 4539 autem
1502 4487 1693 4560 atque
1751 4481 2073 4542 temeritas
2134 4482 2336 4563 magis

834 4576 1053 4638 insunt
1100 4575 1415 4658 superbiae
1457 4596 1650 4658 quam
1698 4577 1890 4639 alicui
1936 4598 2012 4640 ex
2060 4579 2204 4641 aliis
2248 4580 2335 4642 vi-

834 4675 939 4736 tiis
974 4693 987 4738 :
1024 4682 1283 4756 propter
1311 4675 1483 4756 quod
1520 4685 1711 4737 vento
1748 4695 1785 4738 a
1824 4676 2223 4758 philosophis
2261 4696 2336 4740 ac

831 4773 1140 4855 theologis
1192 4779 1614 4854 comparatur.
1649 4810 1730 4821 -
1769 4775 1911 4838 Haec
1956 4775 2336 4839 Guillelmus

832 4872 899 4934 in
943 4872 1212 4935 diversis
1258 4872 1555 4954 capitulis
1600 4872 1748 4935 libri
1792 4873 2059 4954 praefati,
2096 4874 2159 4935 in
2201 4876 2338 4956 qui-

832 4971 953 5034 bus
993 4974 1070 5034 de
1109 4972 1210 5034 his
1249 4973 1443 5035 etiam
1483 4972 1607 5035 alia
1646 4975 1847 5036 multa
1886 4975 2251 5038 conscribit.

911 5073 1147 5135 Verum
1181 5073 1350 5155 quod
1383 5081 1717 5153 peccatum
1751 5073 1906 5134 illud
1938 5073 2218 5136 Luciferi
2251 5075 2340 5137 di-

832 5175 917 5237 cit
963 5175 1161 5238 fuisse
1205 5193 1332 5237 non
1376 5173 1821 5248 deliberatum,
1864 5174 1974 5236 sed
2024 5174 2332 5248 subitum,

834 5293 959 5338 non
998 5275 1249 5338 videtur
1288 5272 1655 5355 praehabitis
1696 5273 2098 5348 concordare,
2133 5292 2336 5355 quum

2447 4291 2660 4346 catum
2703 4280 2903 4342 fuisse
2946 4280 3434 4362 separationem,
3470 4298 3794 4343 recessum
3837 4301 3956 4344 seu

2446 4379 2846 4443 aversionem
2889 4398 2926 4440 a
2970 4371 3223 4440 summo
3271 4378 3460 4452 bono,
3502 4379 3581 4441 de
3627 4379 3765 4461 ipso
3809 4398 3960 4461 pec-

2449 4487 2588 4542 cato
2647 4478 2962 4559 loquendo
3022 4477 3376 4540 formaliter
3431 4497 3444 4541 :
3502 4497 3645 4560 quae
3701 4479 3958 4541 aversio

2449 4579 2575 4640 fuit
2606 4577 2878 4659 privatio
2918 4577 3148 4639 debitae
3187 4576 3566 4639 adhaesionis
3607 4595 3755 4639 cum
3797 4577 3949 4640 Dec.

2448 4677 2691 4757 Nempe
2725 4683 2795 4736 ut
2823 4674 3194 4737 Aristoteles
3237 4675 3398 4737 bene
3436 4675 3546 4749 ait,
3581 4694 3694 4755 per
3728 4693 3796 4737 se
3828 4684 3952 4752 est,

2449 4794 2576 4858 quo
2607 4775 2814 4856 posito
2851 4773 3094 4854 aliquid
3137 4774 3415 4855 ponitur,
3449 4781 3512 4835 et
3542 4792 3670 4855 quo
3705 4784 3954 4837 remoto

2448 4880 2829 4936 removetur.
2883 4871 3090 4934 Posita
3147 4880 3361 4933 autem
3415 4872 3532 4933 hac
3587 4872 3956 4936 adhaesione

2449 4993 2594 5036 curn
2625 4973 2774 5046 Dec,
2808 4971 2962 5034 boni
2991 4990 3214 5032 sumus
3235 4979 3344 5050 3'et
3376 4989 3450 5032 ea
3479 4979 3742 5044 remota,
3773 4973 3950 5034 mali.

2449 5073 2679 5154 Sicque
2711 5071 2982 5153 privatio
3013 5070 3070 5132 ei
3103 5070 3409 5152 opposita,
3425 5077 3522 5131 est
3550 5070 3794 5132 malitia
3825 5091 3958 5152 qua

2449 5191 2562 5253 per
2605 5191 2672 5234 se
2717 5171 2868 5234 mali
2912 5191 3154 5234 sumus.
3190 5171 3333 5234 Haec
3379 5171 3568 5234 idem.

2529 5273 2832 5334 Praeterea
2873 5279 3117 5346 tractat,
3150 5290 3228 5333 an
3275 5269 3554 5334 Luciferi
3593 5271 3783 5354 culpa
3826 5272 3956 5356 pri-
