4334 6242
107 3150 230 3195 sseete.
239 3156 328 3203 1¹3·

111 3250 155 3292 Ιι.
165 3264 256 3297 ιιι-ι.
267 3255 327 3295 24.

105 3348 228 3393 Mami
245 3364 291 3393 xx

1029 508 1231 555 Unum
1271 506 1494 554 ANGELt
1536 503 1721 551 PRAvt
1761 502 1898 549 SINT
1939 500 2258 551 OBSTINATI
2299 503 2363 550 IN
2405 504 2608 562 vrrus,
2650 503 2777 552 mc.

3336 486 3450 551 381

343 679 424 741 ab
456 679 811 755 intellectu,
843 682 964 744 hoc
995 682 1184 744 modo
1220 677 1704 761 impossibilitas
1740 694 1846 758 po-
1876 675 1926 740 A
1958 693 2084 739 non
2142 676 2328 751 velle,
2384 676 2535 759 quia
2590 678 2940 739 secundum
3000 676 3451 757 Augustinum‚

342 784 460 839 test
495 798 634 840 esse
668 779 733 840 in
766 780 1228 862 compositione
1256 778 1357 839 vel
1389 796 1466 839 ex
1495 794 1850 858 repugnan-

343 874 431 936 tia
464 876 810 939 intrinseca
851 878 1271 940 terminorum
1313 875 1479 937 inter
1507 893 1597 946 se,
1631 872 1732 935 vel
1770 890 1847 933 ex

344 974 559 1055 aliquo
602 976 963 1039 extrinseco
1007 977 1175 1060 quod
1222 973 1569 1056 requiritur
1611 971 1689 1033 ad
1730 971 1849 1033 hoc

345 1073 516 1153 quod
567 1081 850 1137 extrema
893 1074 1022 1137 sint
1062 1073 1258 1136 unita.
1293 1073 1508 1153 Itaque
1559 1068 1850 1151 impossi-

347 1169 563 1233 bilitas
603 1172 727 1235 ista
756 1190 882 1235 non
923 1179 1020 1235 est
1057 1191 1136 1234 ex
1175 1168 1596 1253 repugnantia
1633 1166 1853 1229 intrin-

347 1288 492 1332 seca
533 1278 969 1334 extremorum
1004 1288 1018 1333 :
1054 1271 1120 1333 in
1169 1268 1459 1349 subjecto
1504 1266 1677 1329 enim
1723 1282 1852 1327 non

347 1377 444 1431 est
474 1370 902 1452 repugnantia
928 1370 1006 1432 ad
1039 1368 1472 1452 praedicatum.
1508 1366 1571 1428 Si
1602 1382 1728 1446 qua
1757 1382 1852 1425 er-

1956 773 2119 835 nihil
2152 780 2280 835 tam
2310 781 2405 836 est
2438 774 2501 836 in
2542 782 2851 857 potestate
2880 775 3225 838 voluntatis
3258 794 3447 856 quam

1959 871 2097 954 ipsa
2133 872 2448 945 voluntas,
2483 874 2780 936 videlicet
2823 881 3133 956 quantum
3178 874 3257 936 ad
3303 892 3450 956 ope-

1960 970 2103 1032 rari.
2139 1007 2220 1017 —
2247 970 2406 1034 Hinc
2435 971 2689 1035 videtur
2717 990 2903 1055 posse
2933 972 3081 1047 dici,
3113 974 3285 1055 quod
3325 991 3455 1036 non

1960 1069 2320 1132 necessario
2350 1070 2586 1132 habent
2626 1071 2905 1153 aliquem
2946 1079 3160 1133 actum
3192 1071 3455 1145 malum,

1961 1184 2078 1229 nec
2111 1166 2429 1249 loquendo
2458 1168 2536 1231 de
2575 1176 2721 1231 actu
2758 1168 3199 1244 determinato,
3234 1187 3352 1231 nec
3384 1168 3462 1233 de

1959 1273 2105 1327 actu
2169 1266 2661 1330 indeterminato
2724 1286 2835 1329 seu
2898 1286 3059 1348 vago
3120 1285 3135 1330 ε
3196 1275 3465 1350 possunt

1963 1363 2136 1425 enim
2182 1382 2249 1425 se
2292 1372 2575 1427 avertere
2615 1365 2696 1427 ab
2746 1384 2873 1429 uno
2919 1374 3068 1432 actu
3114 1368 3192 1429 ad
3240 1366 3460 1430 alium.

345 1485 426 1549 go
454 1468 540 1530 sit
568 1468 674 1531 hic
707 1467 1214 1551 impossibilitas,
1243 1466 1366 1528 erit
1392 1485 1469 1528 ex
1502 1481 1854 1546 repugnan-
1963 1462 2263 1535 Quamvis
2306 1481 2455 1544 ergo
2494 1481 2621 1526 non
2666 1464 2912 1546 possint
2948 1464 3181 1527 habere
3221 1465 3468 1528 volitio-

350 1566 434 1627 tia
481 1564 758 1647 alicujus
801 1566 1140 1629 extrinseci
1183 1566 1262 1628 ad
1306 1564 1608 1626 unionem
1655 1568 1854 1623 extre-
1964 1579 2111 1622 nem
2158 1561 2484 1625 moraliter
2532 1561 2763 1625 bonam
2815 1563 3097 1626 bonitate
3146 1565 3465 1648 completa

349 1680 602 1726 morum
635 1664 902 1727 istorum
933 1681 947 1726 τ
981 1672 1044 1727 et
1076 1664 1233 1726 illud
1263 1662 1692 1726 extrinsecum
1723 1676 1851 1721 non
1962 1677 2037 1720 cx
2086 1659 2582 1724 circumstantiis
2639 1662 2930 1742 singuliS,
2979 1669 3258 1727 attamen
3318 1682 3461 1747 pos-

347 1770 726 1844 potestesse
765 1763 893 1825 nisi
923 1764 1112 1837 DeuS,
1147 1762 1258 1844 qui
1298 1761 1470 1823 solus
1510 1766 1607 1821 est
1634 1757 1852 1839 gratiae
1963 1764 2112 1819 sunt
2159 1758 2393 1821 habere
2441 1778 2581 1822 eam
2631 1760 2956 1823 moraliter
2997 1760 3229 1824 bonam
3280 1761 3459 1825 boni-

347 1878 558 1923 causa.
593 1861 758 1942 Ergo
799 1859 1196 1944 impossibile
1236 1860 1358 1922 erit
1392 1858 1634 1939 angelis
1666 1854 1850 1919 malis
1885 1858 1933 1921 B
1965 1862 2088 1917 tate
2132 1856 2535 1939 incompleta.
2567 1894 2649 1904 —
2678 1858 2819 1922 Haec
2862 1859 3104 1922 Scotus.

347 1959 512 2022 bene
561 1959 750 2035 velle,
791 1960 1188 2041 gratiamque
1233 1957 1490 2032 habere,
1536 1955 1689 2039 quia
1736 1954 1851 2017 im-

349 2057 658 2139 possibile
701 2066 798 2121 est
838 2059 1042 2121 Deum
1085 2058 1179 2121 eis
1220 2057 1486 2139 gratiam
1531 2056 1700 2117 dare.
1735 2054 1854 2116 lm-

351 2155 742 2238 possibilitas
789 2157 1051 2220 demum
1101 2174 1179 2219 ex
1223 2163 1400 2238 parte
1443 2153 1555 2217 Dei
1598 2161 1695 2216 est
1742 2153 1850 2214 du-

351 2255 520 2336 plex,
541 2255 863 2331 videlicet,
883 2274 958 2319 ex
991 2261 1167 2338 parte
1199 2253 1498 2336 potentiae
1525 2252 1849 2325 ordinatae,

349 2360 410 2415 et
459 2372 538 2415 ex
588 2360 768 2435 parte
825 2354 1126 2436 potentiae
1171 2352 1497 2415 absolutae.
1548 2348 1853 2414 Absoluta

347 2460 444 2514 est
471 2460 766 2535 respectu
796 2452 1087 2516 omnium
1117 2472 1258 2534 quae
1288 2450 1850 2513 contradictionem

351 2568 476 2613 non
521 2550 882 2625 includunt,
915 2558 978 2613 et
1020 2550 1112 2612 sic
1152 2568 1278 2612 non
1319 2556 1416 2611 est
1454 2546 1853 2630 impossibile

351 2648 552 2710 Deum
585 2648 740 2731 ipsis
770 2648 1040 2730 gratiam
1070 2648 1407 2730 impertiri.
1428 2647 1711 2710 Potentia
1741 2645 1852 2707 Dei

351 2746 660 2820 ordinata,
691 2752 788 2807 est
828 2765 970 2827 quae
1000 2752 1098 2808 est
1135 2744 1482 2807 conformis
1514 2744 1580 2806 in
1611 2744 1853 2825 agendo

355 2844 589 2925 regulis
638 2843 1209 2926 praedeterminatis
1257 2863 1294 2906 a
1340 2844 1557 2905 divina
1603 2840 1852 2923 sapien-

354 2941 459 3016 tia,
493 2942 597 3004 vel
638 2942 851 3025 potius
889 2961 927 3005 a
961 2940 1284 3005 voluntate
1324 2939 1561 3013 divina,
1595 2947 1666 3001 ut
1704 2944 1853 3000 sunt

2042 1953 2160 2027 Qui
2210 1955 2287 2017 de
2330 1956 2430 2019 his
2472 1956 2696 2019 scribit
2741 1957 3017 2020 multum
3064 1958 3323 2035 diffuse,
3355 1960 3459 2023 vel

1965 2051 2164 2132 magis
2221 2052 2484 2134 prolixe.
2536 2054 2613 2116 Et
2676 2054 2841 2118 sicut
2901 2055 3165 2137 patebit,
3223 2058 3461 2140 scripta

1961 2148 2103 2230 ejus
2162 2158 2312 2213 sunt
2368 2160 2587 2215 contra
2643 2154 3123 2217 excellentiores
3170 2156 3461 2219 doctores

1963 2249 2409 2325 communiter,
2444 2270 2561 2313 nec
2608 2252 2727 2314 rite
2765 2253 3137 2334 procedunt.
3172 2254 3349 2327 Quod
3392 2261 3465 2316 ut

1964 2346 2193 2409 clarius
2224 2347 2590 2423 innotescat,
2604 2350 2992 2413 introducam
3022 2350 3286 2415 aliorum
3318 2352 3467 2415 scri-

1907 2526 1914 2531 .
1964 2453 2072 2526 pta
2119 2446 2198 2508 de
2247 2446 2368 2509 ista
2412 2448 2696 2522 materia,
2730 2468 2807 2511 ex
2850 2449 3085 2531 quibus
3127 2451 3466 2533 responde-

1963 2543 2140 2606 bitur
2180 2545 2259 2606 ad
2300 2565 2472 2607 nunc
2514 2553 2699 2609 tacta.

2042 2742 2259 2824 Itaque
2292 2742 2600 2807 Henricus
2630 2744 3006 2818 Quodlibeto
3035 2754 3462 2829 octav0,quae-

1963 2839 2167 2902 stione
2200 2841 2539 2904 undecima
2571 2861 2585 2904 :
2619 2843 3021 2926 Quadruplex
3050 2845 3317 2928 (inquit)
3344 2846 3465 2908 dis·

1962 2938 2277 3019 tinguitur
2305 2938 2568 3014 bonum,
2602 2940 2921 3017 videlicet,
2954 2951 3215 3018 naturae,
3242 2944 3459 3019 moriS,

355 3040 586 3122 regulae
626 3040 693 3102 in
732 3039 1080 3122 Scripturis
1123 3056 1458 3121 expressae,
1501 3036 1801 3100 videlicet
1833 3052 1848 3096 ε
1889 3038 1932 3102 C
1962 3037 2201 3117 gratiae,
2247 3046 2310 3101 et
2349 3038 2585 3120 gloriae.

355 3137 751 3220 Ubicumque
793 3137 1096 3200 ceciderit
1143 3137 1410 3217 lignum,
1445 3134 1536 3196 ibi
1577 3135 1734 3213 erit3
1764 3141 1849 3209 et,

355 3236 600 3299 Vermis
629 3254 851 3299 eorum
893 3253 1024 3299 non
1057 3234 1386 3307 morietur,
1418 3240 1482 3295 et
1521 3232 1686 3315 ignis
1724 3250 1852 3295 non

293 3366 326 3401 v,
353 3326 1164 3416 exstinguetur3‘itemque‚
1197 3332 1386 3394 Ibunt
1414 3330 1480 3394 hi
1513 3331 1580 3392 in
1611 3330 1854 3413 suppli-

353 3433 523 3495 cium
568 3432 1055 3514 sempiternum,
1087 3431 1244 3512 justi
1287 3436 1500 3491 autem
1551 3428 1616 3490 in
1658 3428 1854 3491 vitam

351 3539 672 3595 aeternam.
727 3530 817 3591 Ex
878 3528 1112 3611 quibus
1171 3527 1406 3609 regulis
1463 3526 1856 3607 Augustinus

351 3628 661 3692 vicesimo
691 3628 904 3710 primo
933 3628 1010 3690 de
1041 3627 1307 3691 Civitate
1337 3626 1449 3687 Dei
1481 3624 1804 3689 concludit
1837 3643 1852 3688 ε

354 3727 608 3790 Certum
649 3733 746 3789 est
784 3726 986 3789 Deum
1027 3744 1355 3808 nunquam
1397 3726 1695 3787 daturum
1735 3724 1856 3787 dae-

354 3824 652 3889 monibus
700 3824 989 3906 gratiam.
1034 3824 1265 3906 Sicque
1315 3821 1714 3905 impossibile
1761 3829 1857 3883 est

353 3942 459 3987 eos
499 3922 664 3987 bene
710 3923 896 3997 velle,
931 3924 1081 4005 quia
1129 3921 1528 4005 impossibile
1568 3929 1665 3983 est
1704 3922 1854 3995 De0,

355 4022 671 4105 loquendo
720 4022 798 4085 de
850 4021 1133 4103 potentia
1179 4021 1489 4094 ordinata,
1524 4022 1672 4082 dare
1721 4038 1857 4101 gra-

358 4120 511 4183 tiam
555 4120 704 4182 illis.

2044 3136 2368 3199 Damnatis
2424 3145 2639 3200 autem
2697 3156 2821 3201 non
2882 3138 3170 3202 aufertur
3222 3140 3461 3203 bonum

1965 3241 2227 3309 naturae,
2261 3242 2573 3317 quatenus
2617 3236 2683 3298 in
2726 3236 2884 3319 ipsis
2931 3247 3295 3320 perseveret
3337 3259 3467 3303 ma-

1967 3330 2099 3393 lum
2145 3350 2369 3413 poenae.
2409 3333 2581 3395 Unde
2623 3334 2688 3396 in
2728 3334 3067 3397 Moralibus
3114 3336 3202 3398 ait
3240 3336 3467 3418 Grego-

1967 3428 2445 3503 riuszouamvis
2476 3430 2768 3495 diabolus
2800 3432 3215 3496 sublimitatis
3245 3444 3467 3517 poten-

1966 3527 2120 3590 tiam
2164 3528 2463 3610 perdidit,
2507 3528 2928 3593 subtilitatem
2972 3539 3184 3595 tamen
3226 3541 3469 3599 naturae

1968 3625 2293 3688 rationalis
2342 3644 2469 3689 non
2518 3628 2752 3689 amisit.
2803 3627 2881 3690 Et
2933 3628 3017 3691 ita
3064 3629 3231 3692 sicut
3280 3631 3470 3694 habet

1967 3724 2208 3788 bonum
2239 3732 2499 3799 naturae,
2535 3726 2627 3788 sic
2658 3726 2848 3788 habet
2876 3725 3117 3790 bonum
3162 3730 3469 3793 naturalis

1966 3832 2145 3886 actus
2179 3824 2244 3884 in
2276 3823 2537 3886 sciendo
2568 3824 3109 3907 intelligendoque
3142 3827 3342 3890 multa
3373 3847 3471 3891 ve-

1969 3940 2056 3993 ra,
2080 3921 2353 3983 naturali
2385 3922 2687 4001 scientia;
2719 3923 2993 3985 naturali
3024 3924 3217 3986 etiam
3250 3925 3471 3988 volun-

1965 4027 2115 4093 tate,
2152 4020 2218 4081 in
2268 4020 2723 4102 complacendo
2777 4020 2944 4084 bono
2987 4030 3227 4087 naturae
3269 4030 3333 4087 et
3372 4024 3469 4087 fu-

1966 4116 2199 4198 giendo
2230 4118 2471 4179 malum
2504 4118 2727 4200 ipsiuS,
2762 4118 2893 4183 imo
2926 4138 3042 4202 per
3071 4121 3466 4203 synderesim

433 4218 910 4300 consequenter
937 4217 1308 4291 videndum,
1342 4236 1420 4279 an
1462 4217 1711 4299 possint
1749 4216 1857 4278 ha·
1887 4217 1938 4279 D
1967 4224 2031 4278 et
2060 4216 2467 4279 conscientiae
2498 4236 2783 4281 vermem
2818 4219 3190 4283 detestando
3224 4221 3465 4285 malum

357 4316 503 4381 bere
543 4317 917 4381 volitionem
959 4315 1282 4379 moraliter
1317 4333 1429 4377 seu
1468 4333 1546 4377 ex
1585 4314 1859 4377 circum-

355 4418 583 4481 stantia
638 4424 702 4479 et
766 4434 844 4478 ex
905 4414 1118 4497 specie
1183 4413 1434 4476 bonam.
1499 4413 1574 4475 Et
1635 4412 1857 4475 dicunt

356 4516 614 4597 quidam
643 4514 814 4598 quod
853 4532 1004 4588 non,
1038 4512 1340 4594 quoniam
1381 4530 1638 4575 omnem
1673 4532 1856 4574 suam

353 4615 726 4677 volitionem
755 4611 1115 4677 deformant
1145 4630 1221 4673 ex
1252 4611 1724 4675 circumstantia
1752 4612 1860 4673 ali·

355 4731 478 4793 qua
506 4712 887 4786 inordinata,
923 4710 1256 4774 referendo
1285 4710 1462 4772 illam
1500 4710 1856 4773 inordinate

355 4811 431 4872 ad
461 4828 745 4873 amorem
777 4810 896 4872 sui.
931 4808 1197 4872 Habitus
1237 4827 1490 4891 quoque
1529 4808 1595 4871 in
1626 4808 1720 4870 eis
1759 4816 1856 4871 est

357 4909 634 4991 perfecte
666 4909 1135 4989 1nalu8,estque
1167 4907 1233 4969 in
1264 4907 1538 4971 termino
1571 4925 1584 4969 :
1619 4914 1683 4969 et
1713 4906 1855 4971 ideo

357 5008 619 5069 omnino
649 5006 913 5085 inclinat
940 5006 1018 5067 ad
1051 5006 1310 5067 malum.
1345 5041 1424 5051 -—
1455 5005 1685 5069 Contra
1713 5024 1855 5086 quae

356 5103 680 5185 objicitur,
714 5104 866 5185 quia
895 5102 963 5165 in
991 5104 1084 5165 eis
1119 5111 1330 5166 manet
1361 5122 1680 5166 remorsus
1710 5123 1854 5186 syn-

355 5203 616 5277 deresiS,
669 5209 732 5266 et
780 5201 1016 5265 habent
1062 5209 1274 5265 actum
1323 5203 1675 5266 naturalem
1726 5221 1854 5266 non

357 5301 700 5383 vitiosum3
737 5308 928 5383 atque
974 5321 1050 5364 ex
1100 5300 1390 5365 libertate
1432 5321 1548 5365 sua
1587 5308 1857 5385 possunt

1968 4313 2192 4396 culpae.

2059 4411 2122 4475 Si
2182 4430 2335 4475 vero
2392 4412 2781 4495 intelligatur
2838 4416 3107 4497 quaestio
3160 4416 3239 4478 de
3299 4416 3467 4482 bono

1968 4512 2188 4586 moria,
2222 4512 2391 4593 quod
2423 4513 2712 4575 consistit
2741 4513 2807 4575 in
2837 4522 2981 4577 actu
3012 4514 3464 4596 deliberativ03

1967 4610 2334 4685 dicendum,
2370 4612 2541 4691 quod
2581 4610 2647 4673 in
2687 4619 2831 4674 actu
2873 4612 3096 4675 morali
3137 4622 3287 4676 sunt
3314 4614 3463 4689 duo,

1966 4708 2285 4783 videlicet,
2320 4707 2675 4771 substantia
2702 4717 2903 4786 actm,
2926 4717 2989 4773 et
3017 4711 3243 4787 forma,
3272 4731 3465 4794 quam

1967 4807 2241 4889 imponit
2292 4807 2562 4869 intentio
2610 4810 2931 4890 operantis
2966 4826 2980 4871 t
3014 4828 3287 4892 quorum
3336 4812 3464 4893 pri-

1968 4924 2143 4969 mum
2176 4912 2385 4988 potest
2411 4924 2550 4969 esse
2582 4907 2646 4970 in
2678 4908 3009 4970 damnatiS.
3041 4943 3118 4953 —
3146 4910 3463 4983 Quantum

1964 5014 2179 5067 autem
2233 5006 2311 5067 ad
2359 5003 2628 5068 formam
2681 5014 2859 5068 actus
2916 5006 3463 5090 intentionemque

1964 5103 2141 5179 finis,
2165 5104 2386 5167 dicunt
2416 5104 2638 5187 aliqui,
2670 5105 2840 5187 quod
2871 5105 2935 5167 in
2967 5114 3180 5168 actum
3220 5106 3461 5172 bonum

1964 5209 2173 5284 potest
2212 5203 2547 5265 damnatus
2578 5222 2654 5266 ex
2686 5204 2919 5286 pietate
2957 5205 3248 5268 naturali.
3284 5206 3460 5281 Quod

1964 5300 2218 5364 videtur
2255 5300 2491 5363 sentire
2518 5300 2910 5383 Augustinus
2948 5321 3141 5385 super
3172 5302 3354 5380 illud,
3385 5305 3458 5369 In
3508 5324 3721 5381 Penne.
