4334 6242
885 472 1008 541 430

1570 494 1632 544 m
1673 495 1896 546 Limum
1940 497 1982 543 11
2023 495 2507 545 senrnnrunuu.
2552 517 2633 526 —
2674 497 2827 546 msr.
2856 497 2980 561 v113
3024 497 3248 556 QUAEST.
3278 498 3315 544 V

887 683 955 727 se
985 663 1223 728 frustra
1260 666 1382 729 hoc
1419 673 1745 732 attentare.
1781 669 1958 743 Quod
1991 667 2045 731 si
2078 668 2386 732 haberent
2414 674 2465 737 A
2496 666 2683 746 cujus
2720 666 3213 730 eradicationem
3255 665 3555 748 praecepit
3592 665 3761 728 Deus
3800 665 3867 727 in
3906 665 3993 726 le-

883 765 1057 826 aeria
1105 783 1392 849 corpora,
1443 768 1734 830 omnium
1791 768 2164 831 animalium
2224 785 2387 830 mor-

885 863 1198 925 talissima
1235 873 1450 928 essent
1487 874 1748 948 propter
1783 867 2279 928 teneritudinem
2313 885 2385 928 ac

883 960 1372 1042 passibilitatem
1403 981 1732 1046 corporum
1766 963 2003 1026 talium.
2022 963 2096 1026 Et
2121 964 2198 1026 ad
2232 963 2385 1046 quid

885 1058 977 1121 eis
1021 1079 1218 1137 arma,
1252 1081 1453 1143 quum
1497 1062 1578 1125 ab
1625 1063 1902 1125 invicem
1951 1062 2284 1145 passibilia
2324 1070 2387 1124 et

887 1158 1179 1222 laesibilia
1225 1178 1352 1223 non
1411 1161 1592 1223 sint?
1640 1162 1768 1224 Nec
1816 1171 2036 1225 contra
2092 1161 2385 1224 homines

884 1266 1112 1339 gerunt
1160 1277 1336 1322 arma
1387 1280 1401 1324 :
1453 1260 1692 1343 alioqui
1747 1260 1878 1342 jam
1939 1280 2126 1324 omne
2185 1277 2387 1340 genus

884 1357 1221 1420 hominum
1271 1359 1782 1441 prostravissent.
1817 1359 2031 1422 Ludus
2073 1377 2225 1440 ergo
2264 1366 2381 1432 est,

885 1464 1105 1538 utpote
1149 1457 1588 1534 hastiludium‚
1631 1460 1684 1522 si
1730 1459 1883 1542 quid
1935 1459 2101 1521 inter
2143 1476 2250 1520 eas
2292 1477 2388 1520 ar-

885 1555 1009 1617 mis
1054 1557 1262 1636 agitur
1309 1565 1418 1619 aut
1459 1558 1557 1638 agi
1603 1558 1873 1621 videtur.
1918 1558 2079 1640 Equi
2130 1575 2385 1639 quoque

883 1661 948 1716 et
977 1673 1154 1717 arma
1183 1673 1402 1718 eorum
1445 1657 1653 1720 solum
1695 1658 1760 1720 in
1801 1657 2175 1740 apparentia
2210 1663 2382 1730 sunt,

883 1771 1085 1834 quum
1135 1753 1436 1816 similiter
1483 1754 1982 1817 invulnerabiles
2039 1755 2186 1816 sint.
2239 1755 2385 1818 Ideo

2494 765 2862 846 ge,0m11ia
2909 784 3059 828 vasa
3116 764 3452 847 cooperil'l‚
3502 773 3567 827 et
3614 783 3765 826 vasa
3808 781 3988 845 Oper-
4042 782 4119 824 ‘Va
4092 796 4171 825 ιιι
4188 797 4262 832 xm

2496 864 2659 927 culis
2690 864 2969 928 carentia
3006 864 3288 946 reputari
3323 864 3672 926 immunda.
3708 897 3789 908 -
3814 848 4067 926 ldem¹³

2494 963 2841 1025 tenendum
2882 963 2959 1025 de
3000 963 3296 1045 malignis
3334 962 3670 1044 spiritibus
3710 961 3821 1043 qui
3854 959 3989 1022 vul-

2494 1079 2574 1142 go
2602 1061 2831 1142 striges
2860 1069 2925 1123 et
2956 1061 3161 1124 lamiae
3198 1061 3626 1143 appellantur,
3658 1065 3991 1141 apparent-

2495 1176 2621 1240 que
2652 1159 2729 1221 de
2762 1169 2947 1222 nocte
2977 1160 3046 1222 in
3074 1158 3373 1222 domibus
3406 1158 3469 1221 in
3495 1157 3733 1240 quibus
3765 1175 3993 1239 parvu-

2496 1255 2542 1318 li
2584 1257 2977 1333 nutriuntur‚
3009 1277 3247 1341 eosque
3286 1258 3364 1320 de
3403 1256 3742 1320 cunabulis
3780 1261 3995 1337 raptos

2498 1356 2735 1420 laniare
2765 1365 2876 1420 aut
2908 1358 3053 1439 igne
3081 1375 3291 1421 assare
3321 1357 3637 1419 videntur.
3672 1355 3999 1437 Apparent

2496 1463 2707 1517 autem
2753 1457 2819 1518 in
2859 1457 3075 1539 specie
3105 1455 3486 1530 vetularum,
3518 1473 3679 1537 quae*
3700 1471 3817 1516 nec
3848 1470 3999 1516 vere

2496 1563 2647 1616 sunt
2688 1555 2941 1630 vetulae,
2974 1574 3095 1618 nec
3136 1575 3285 1618 vere
3329 1555 3572 1618 laniant
3614 1570 3865 1635 pueros.
3902 1552 4002 1615 ln·

2496 1655 2748 1717 terdum
2797 1673 2950 1718 vero
3007 1655 3468 1738 permittuntur
3525 1670 3757 1735 pueros
3806 1651 4005 1714 truci—

2498 1753 2647 1815 dare
2688 1753 2753 1815 in
2799 1771 3052 1836 poenam
3099 1753 3342 1836 peccati
3386 1760 3746 1835 parentum,
3778 1751 3891 1834 qui
3936 1751 4003 1812 in

883 1860 1090 1914 totum
1139 1852 1206 1914 in
1255 1853 1502 1916 visione
1550 1853 1837 1917 illusoria
1883 1861 2074 1936 atque
2125 1855 2387 1936 phanta-
2420 1853 2469 1918 B
2497 1859 2747 1914 tantum
2794 1851 3171 1916 afficiuntur
3210 1852 3289 1914 ad
3339 1851 3483 1915 illos
3525 1851 3696 1934 quod
3740 1850 3851 1912 Dei
3898 1849 4003 1912 sui

882 1952 1044 2014 stica
1079 1959 1176 2013 est
1213 1959 1278 2014 et
1305 1953 1532 2033 agitur.
1557 1989 1638 2000 —
1668 1953 1741 2016 Et
1771 1954 1877 2016 hic
1917 1962 2015 2016 est
2044 1973 2211 2017 unus
2254 1971 2385 2016 mo-

883 2049 1002 2111 dus
1041 2051 1516 2132 apparitionum
1557 2052 1823 2114 istarum
1859 2072 1873 2116 z
1906 2053 2205 2116 videlicet
2235 2053 2387 2136 quia

873 2147 1353 2211 ludificationes
1383 2151 1745 2213 daemonum
1779 2150 2099 2214 interdum
2131 2169 2261 2214 non
2293 2169 2388 2214 so-

883 2248 1018 2310 lum
1059 2247 1126 2311 in
1168 2247 1288 2310 ista
1327 2249 1683 2311 consistunt
1715 2250 1998 2312 manerie
2030 2258 2098 2312 ut
2126 2268 2389 2332 appare-

881 2355 991 2409 ant
1021 2346 1086 2409 in
1119 2347 1542 2410 similitudine
1573 2348 1910 2411 hominum
1947 2358 2383 2427 mortuorum3

883 2445 994 2506 sed
1051 2453 1114 2508 et
1170 2455 1479 2529 apparent
1537 2447 1857 2510 terribiles
1923 2448 2382 2529 magnitudine,

881 2544 1065 2626 equis
1105 2552 1168 2606 et
1201 2545 1435 2623 armis;
1475 2553 1785 2628 apparent
1815 2564 2070 2629 quoque
2109 2564 2259 2609 cum
2298 2546 2387 2609 fa-

881 2641 1066 2706 cibus
1113 2651 1178 2706 et
1225 2642 1478 2718 faculiS‚
1531 2662 1644 2706 seu
1702 2643 1845 2707 aliis
1896 2643 2173 2726 ignibus,
2227 2645 2387 2708 Sunt

880 2749 945 2802 et
991 2741 1132 2804 aliae
1183 2741 1654 2804 ludificationes
1713 2742 2140 2824 malignorum
2199 2742 2388 2825 spiri-

880 2846 1257 2922 tuum,quas
1289 2840 1611 2903 interdum
1641 2840 1887 2903 faciunt
1917 2841 1981 2903 in
2015 2840 2385 2903 nemoribus

879 2945 944 2999 et
993 2937 1150 3001 locis
1208 2939 1478 3002 amoenis
1525 2957 1599 3002 ac
1649 2939 1966 3002 frondosis
2021 2938 2382 3014 arboribus»,

2496 1949 2977 2012 obliviscantur.
3010 1987 3091 1996 —
3120 1949 3547 2015 conformiter
3588 1948 4001 2012 sentiendum

2495 2049 2575 2111 de
2618 2049 3007 2112 exercitibus
3054 2049 3166 2133 qui
3212 2057 3523 2132 apparent
3568 2049 3648 2111 de
3695 2057 3883 2111 nocte
3934 2047 4001 2109 in

2496 2147 2918 2210 similitudine
2946 2148 3286 2210 hominum
3319 2157 3740 2222 mortuorum,
3772 2154 3836 2209 et
3868 2165 4005 2208 ma-

2496 2246 2667 2308 xime
2709 2246 2919 2328 gladio
2958 2246 3440 2310 interfectorum
3484 2264 3498 2309 :
3541 2264 3813 2329 quorum
3858 2247 4002 2328 qui-

2496 2346 2642 2408 dam
2694 2346 2991 2428 leguntur
3034 2347 3378 2430 aliquando
3426 2347 3741 2410 revelasse
3782 2346 4005 2410 viven-

2495 2444 2690 2519 tibus,
2750 2464 2818 2508 se
2877 2445 3121 2508 animas
3176 2463 3317 2508 esse
3374 2445 3822 2508 defunctorum
3882 2444 4001 2527 qui

2495 2543 2650 2605 olim
2696 2543 2762 2604 in
2805 2544 3039 2606 saeculo
3082 2543 3269 2606 bellis
3312 2561 3385 2606 ac
3428 2544 3665 2627 praeliis
3708 2544 4001 2606 intende-

2496 2649 2666 2716 runt,
2699 2649 2761 2704 et
2792 2661 2908 2724 per
2936 2661 3079 2724 quae
3118 2649 3565 2724 peccaverunt,
3597 2642 3833 2725 puniri.
3865 2643 4001 2705 Nec

2494 2748 2710 2802 tamen
2754 2748 3003 2822 oportet
3040 2739 3285 2803 animas
3324 2739 3547 2803 talium
3595 2740 3661 2802 in
3698 2740 4002 2803 essentiis

2495 2839 2629 2902 suis
2671 2839 2773 2902 vel
2821 2839 3109 2920 personis
3158 2838 3645 2920 praesentialiter
3686 2837 3779 2900 ibi
3822 2839 4003 2901 ades·

2495 2957 2563 3001 se
2610 2955 2625 3000 t
2676 2938 2807 3001 imo
2856 2937 2935 3000 de
2982 2937 3075 3000 eis
3124 2937 3387 3000 omnino
3434 2944 3529 3000 est
3574 2937 3999 3018 judicandum

879 3045 1260 3118 apparentes
1311 3037 1376 3100 in
1424 3037 1852 3102 similitudine
1901 3038 2262 3120 puell'arum
2309 3057 2383 3100 ac
2420 3051 2465 3116 c
2494 3037 2660 3099 sicut
2702 3038 2780 3099 de
2824 3037 2982 3098 visis
3027 3037 3093 3099 in
3137 3054 3383 3112 somno,
3428 3037 3513 3098 ita
3555 3037 3724 3119 quod
3767 3036 4000 3098 simili·

881 3141 1314 3198 matronarum
1373 3144 1599 3199 ornatu
1648 3143 1713 3198 et
1758 3137 2028 3200 candore
2087 3136 2383 3218 fulgenti-

879 3251 1014 3308 um,
1066 3235 1221 3297 item
1281 3253 1742 3319 nonnunquam
1795 3235 1864 3298 in
1913 3235 2183 3297 stabulis
2232 3255 2381 3298 cum

881 3330 1307 3396 luminaribus
1350 3333 1571 3396 cereis.

960 3430 1150 3493 Porro
1199 3432 1278 3493 de
1331 3431 1705 3494 substantiis
1763 3451 1906 3514 quae
1954 3439 2266 3513 apparent
2314 3431 2379 3493 in

879 3527 1200 3602 domibuS,
1262 3549 1419 3611 quas
1479 3538 1708 3592 vocant
1764 3529 2056 3592 dominas
2120 3537 2379 3592 noctur-

877 3646 1014 3702 na3‚
1066 3647 1340 3710 quarum
1385 3627 1745 3711 principem
1797 3627 2131 3690 nominant
2179 3627 2382 3690 domi-

878 3745 1027 3789 nam
1076 3725 1463 3800 Abundiam,
1515 3745 1590 3789 eo
1640 3726 1809 3808 quod
1869 3725 2168 3789 domibus
2220 3745 2380 3808 quas

875 3823 1262 3906 frequentat,
1305 3823 1760 3886 abundantiam
1807 3823 2224 3907 temporalem
2269 3843 2382 3906 pu—

878 3929 1046 3985 tatur
1094 3931 1416 4004 praestare,
1459 3923 1665 3984 sentio
1713 3921 2255 4004 quemadmodum
2304 3923 2381 3984 de

877 4019 1218 4102 praedictiS.
1244 4019 1486 4102 Nempe
1517 4021 1687 4102 quod
1720 4020 2052 4083 comedere
2083 4020 2383 4082 videntur

874 4137 948 4182 ac
981 4118 1224 4193 bibere,
1250 4119 1536 4181 illusoria
1565 4127 1813 4181 tantum
1847 4127 1942 4181 est
1973 4118 2157 4193 visio,
2178 4138 2380 4202 quum

2492 3133 2746 3198 tudines
2789 3142 3037 3197 tantum
3082 3142 3409 3217 apparent.

2572 3233 2659 3294 De
2705 3233 2807 3294 his
2854 3241 2918 3294 et
2967 3232 3353 3315 quibusdam
3402 3231 3748 3308 similibuS,
3790 3233 3999 3296 multa

2490 3330 2730 3394 diffuse
2768 3332 2992 3394 scribit
3020 3331 3126 3393 hic
3164 3332 3405 3406 doctor,
3438 3331 3803 3414 specialiter
3838 3349 3997 3414 quo-

2491 3447 2615 3511 que
2674 3428 2751 3491 de
2810 3429 3137 3513 equitibus
3194 3429 3526 3492 nocturnis
3582 3429 3695 3512 qui
3742 3430 3995 3511 vulgari

2492 3527 2815 3591 Gallicano
2844 3530 3175 3607 laellequin
3205 3535 3551 3591 vocantur:
3578 3528 3851 3611 qualiter
3880 3527 4003 3591 sci-

2493 3624 2643 3687 licet
2671 3625 2838 3687 infra
2866 3625 3181 3688 circulum
3224 3625 3531 3707 maiorem
3564 3626 3629 3688 in
3661 3634 3829 3688 terra
3866 3626 3998 3690 sor-

2492 3731 2735 3786 matum
2782 3723 3125 3787 convenire
3166 3725 3467 3786 videntur
3505 3732 3779 3806 quatuor
3814 3743 3997 3806 reges

2492 3841 2527 3883 a
2570 3829 2845 3904 quatuor
2886 3820 3130 3883 finibus
3175 3828 3377 3894 terrae,
3414 3839 3562 3884 cum
3605 3822 3998 3886 exercitibus

2492 3921 2625 3984 suis
2675 3920 3159 4003 copiosissimiS,
3202 3920 3385 4003 equis
3432 3928 3496 3983 et
3544 3921 3741 3984 armis
3788 3941 3803 3985 :
3852 3941 3999 4003 quae

2490 4021 2706 4083 omnia
2746 4021 2907 4082 dicit
2954 4020 3239 4083 illusorie
3281 4018 3426 4082 fieri
3472 4038 3588 4102 per
3628 4019 4001 4084 similitudi·
4112 4041 4121 4049 ·

2492 4138 2605 4181 nes
2644 4137 2879 4192 rerum,
2913 4137 2987 4181 ac
3017 4135 3396 4180 evanescere
3436 4117 3671 4192 subito,
3704 4137 3825 4180 nec
3864 4119 3999 4182 ulla

873 4216 1236 4300 spirituales
1267 4216 1638 4280 substantiae
1669 4217 1832 4279 cibis
1861 4236 1934 4279 ac
1961 4217 2221 4299 potibus
2252 4236 2380 4280 non
2411 4237 2461 4298 Ι)
2491 4218 2557 4280 in
2604 4235 2758 4300 gyro
2805 4225 2913 4279 aut
2962 4216 3117 4279 alibi
3168 4235 3493 4279 remanere
3536 4217 3638 4279 vel
3684 4235 3997 4300 apparere

875 4323 1154 4379 utantur.
1210 4315 1449 4378 Deinde
1497 4316 1662 4378 nihil
1714 4316 2223 4398 consumptionis
2273 4325 2382 4378 aut

875 4414 1321 4477 diminutionis
1369 4422 1633 4497 apparet
1683 4415 1748 4476 in
1797 4414 1960 4476 cibis
2008 4422 2072 4476 et
2120 4414 2380 4498 potibus

874 4515 954 4576 de
1000 4512 1236 4595 quibus
1283 4514 1634 4597 sumpsisse
1677 4513 1996 4589 videntur,
2041 4522 2378 4596 postquam

874 4613 1270 4676 evanuerint.
1307 4614 1702 4695 Quapropter
1733 4614 1797 4674 in
1830 4621 2076 4676 tantum
2108 4613 2381 4675 invaluit

874 4711 1198 4793 imperitia
1254 4711 1612 4784 bominum,
1667 4713 2020 4794 praesertim
2080 4731 2380 4795 quarum-

873 4811 1020 4872 dam
1080 4809 1328 4872 insania
1378 4809 1758 4883 vetularum,
1813 4817 1882 4872 ut
1931 4830 2082 4874 vasa
2129 4811 2267 4873 vini
2316 4818 2380 4873 et

873 4909 1276 4991 receptacula
1344 4907 1636 4970 ciborum
1704 4907 2104 4990 discooperta
2175 4910 2377 4972 relin-

870 5015 1072 5091 quant
1119 5009 1275 5070 dum
1326 5007 1467 5070 illas
1518 5007 1784 5069 credunt
1832 5007 1909 5069 ad
1959 5028 2104 5071 suas
2155 5009 2377 5072 domos

869 5125 1010 5169 esse
1039 5115 1364 5181 venturaS,
1396 5113 1712 5188 quatenus
1753 5105 1932 5168 cibos
1972 5107 2115 5170 illos
2154 5127 2229 5170 ac
2268 5127 2379 5191 po-

869 5213 974 5268 tus
1016 5223 1134 5288 pro
1173 5205 1575 5288 beneplacito
1615 5205 1754 5269 sine
1793 5203 2179 5270 difficultate
2218 5208 2381 5271 acci-

871 5305 1069 5390 piant.
1133 5305 1309 5380 Quod
1368 5305 1740 5370 idololatriae
1795 5323 1999 5386 genus
2056 5314 2154 5369 est
2219 5325 2233 5368 :
2294 5306 2377 5373 ob

2491 4315 2757 4396 vestigia
2794 4333 3107 4398 equorum
3147 4323 3257 4376 aut
3286 4316 3597 4397 equitum.
3634 4316 3721 4379 De
3751 4315 3995 4398 quibus

2490 4414 2542 4476 si
2603 4415 2856 4496 plenius
2914 4413 3162 4496 appetis
3222 4414 3497 4490 edoceri,
3558 4415 3637 4477 ad
3684 4415 3991 4479 volumen

2490 4512 2664 4575 illius
2708 4531 3040 4575 recursum
3083 4512 3333 4576 habeto.

2568 4714 2834 4795 Insuper
2868 4712 3199 4776 Udalricus
3236 4712 3305 4775 in
3335 4703 3610 4778 'Summa
3652 4731 3787 4789 sua,
3822 4712 3993 4777 libro

2486 4820 2735 4897 quarto,
2788 4831 2983 4895 super
3038 4813 3141 4875 his
3200 4812 3423 4875 scribit
3481 4812 3918 4895 pulcherrime
3971 4830 3987 4877 :

2488 4912 2673 4992 cujus
2704 4912 2941 4994 scripta
2972 4919 3283 4993 quantum
3313 4911 3391 4973 ad
3422 4931 3681 4974 sensum
3713 4931 3831 4995 pro
3862 4932 3993 4974 ma·

2483 5010 2607 5092 Jori
2659 5017 2838 5092 parte
2890 5018 3041 5072 sunt
3086 5009 3324 5072 habita.
3366 5008 3685 5092 Additque
3720 5027 3734 5072 :
3768 5011 3993 5074 Multo-

2488 5111 2606 5173 ties
2655 5109 2975 5173 daemones
3034 5108 3279 5171 faciunt
3325 5127 3509 5172 veros
3566 5108 3875 5190 effectus;
3926 5117 3992 5172 et

2486 5209 2609 5271 hoc
2657 5207 3002 5290 dupliciter
3055 5227 3069 5272 :
3124 5208 3354 5291 prim0,
3406 5227 3485 5270 ex
3543 5227 3658 5270 sua
3712 5208 3991 5271 naturali

2490 5307 2796 5391 potentia,
2824 5307 3246 5390 permissione
3276 5304 3527 5385 divina3
3560 5307 3864 5383 secundo,
3888 5326 3991 5372 su-
