4334 6242
825 496 946 561 500

1495 514 1559 560 IN
1600 513 1822 560 Limum
1864 513 1906 558 11
1949 509 2431 557 SENTENTIARUH.
2474 528 2557 538 —·
2596 511 2748 557 ms'r.
2795 511 2897 574 1x3
2942 512 3165 568 QUAEST.
3208 513 3269 558 lv

821 684 1112 760 seriores,
1144 684 1364 767 sicque
1397 683 1842 746 illuminantur
1869 681 1948 744 ad
1978 679 2326 762 singularia
2351 678 2402 740 A
2434 685 2679 741 tantum
2714 697 2729 742 :
2764 679 2905 743 ideo
2953 681 3203 743 tertiam
3249 678 3441 742 habet
3480 679 3563 742 ad
3605 678 3927 742 illumina·

821 782 1133 847 facienda.

901 882 1188 965 Denique
1235 890 1414 944 act-us
1463 879 1568 944 isti
1619 880 1684 942 in
1731 879 1970 960 angelis
2015 877 2184 941 fiunt
2230 896 2322 939 se-

821 980 1104 1043 cundum
1135 998 1337 1042 unum
1367 987 1432 1041 et
1460 978 1653 1051 idem,
1678 977 1846 1059 quod
1877 984 1972 1039 est
2003 975 2321 1038 illumina-

820 1079 927 1143 tio.
962 1079 1054 1141 Ex
1083 1079 1204 1141 hoc
1244 1078 1416 1141 enim
1448 1077 1618 1159 quod
1649 1076 1793 1159 quis
1825 1075 2249 1148 illuminatur,
2282 1091 2318 1136 a

817 1176 1362 1240 dissimilitudinis
1416 1174 1790 1238 confusione
1848 1180 2157 1256 purgatur
2204 1191 2319 1253 per

819 1275 990 1338 idem
1031 1275 1248 1337 lumen
1288 1281 1644 1356 acceptum,
1677 1280 1866 1354 atque
1906 1271 1984 1334 ad
2025 1271 2317 1353 proprios

815 1381 994 1436 actus
1053 1373 1342 1454 ejusdem
1408 1370 1896 1433 illuminationis
1957 1369 2311 1452 perficitur.

538 1482 785 1531 nouem.
813 1471 1031 1553 Itaque
1072 1471 1138 1533 Β.
1175 1471 1513 1554 Dionysius
1555 1469 1913 1532 considerat
1956 1469 2075 1530 ista
2119 1485 2317 1548 penes

519 1546 758 1594 ¹¹¹“'⁶'¹¹¹·
815 1568 1244 1632 differentiam
1271 1567 1684 1630 terminorum
1713 1574 1777 1629 et
1805 1565 2113 1628 finis.Hoc
2143 1565 2315 1626 enim

815 1667 1002 1730 modo
1043 1667 1202 1729 dicit
1244 1666 1537 1748 purgatio
1578 1665 1644 1727 in
1689 1671 1867 1726 motu
1907 1662 2317 1725 illuminatio-

813 1766 913 1828 nis
970 1765 1320 1828 terminum
1372 1783 1409 1826 a
1456 1782 1605 1846 quo,
1657 1762 2039 1825 illuminatio
2097 1768 2313 1822 autem

2429 777 2667 840 tionem
2727 779 3100 861 analogiam.
3152 780 3222 842 In
3280 777 3613 841 ordinibus
3670 796 3927 860 quoque

2428 875 2774 955 cujuslibet
2802 877 3196 952 hierarchiae,
3216 884 3287 939 ut
3316 878 3383 938 D.
3406 876 3743 959 Dionysius
3770 877 3925 939 scri·
3951 889 4217 998 ὴξὲοῗῐιζιξ.

2426 972 2543 1048 bit,
2575 982 2673 1037 est
2702 976 2971 1056 primus,
3007 977 3277 1051 mediuS,
3309 983 3373 1038 et
3400 974 3685 1038 infimuS.
3718 976 3927 1057 Atque

2429 1071 2493 1134 in
2532 1073 2654 1135 hoc
2690 1074 2913 1136 ordine
2952 1074 3198 1157 primus
3236 1082 3333 1137 est
3370 1074 3762 1148 illuminans»,
3794 1092 3925 1138 non

2428 1170 2861 1253 illuminatus3
2904 1173 3244 1249 secundm,
3288 1173 3686 1236 illuminatus
3732 1180 3928 1254 atque

2428 1269 2848 1351 illuminans;
2899 1271 3146 1345 tertiuS,
3199 1279 3445 1333 tantum
3503 1270 3922 1333 illuminatus.

2427 1367 2735 1430 Similiter
2770 1369 2836 1431 in
2877 1369 3164 1451 quolibet
3200 1370 3423 1434 ordine
3462 1378 3612 1432 sunt
3641 1387 3929 1452 personae

2428 1485 2761 1548 supremae,
2810 1468 3056 1542 mediae,
3107 1486 3181 1530 ac
3227 1477 3544 1532 extremm.
3592 1467 3668 1530 Et
3714 1484 3928 1550 perso-

2426 1583 2525 1626 nae
2564 1563 2688 1628 illae
2718 1585 3033 1648 supremae
3066 1585 3321 1649 semper
3350 1566 3738 1649 potentiores
3778 1572 3925 1628 sunt

2426 1661 2503 1723 ad
2546 1662 3040 1726 illuminandum
3080 1683 3273 1747 quam
3313 1665 3560 1738 mediae,
3596 1671 3661 1726 et
3701 1664 3927 1728 mediae

2426 1780 2618 1842 quam
2650 1769 2948 1826 extremae
2972 1781 2986 1826 :
3013 1763 3142 1826 imo
3172 1763 3435 1826 inferior
3460 1763 3780 1826 illuminat
3802 1763 3927 1825 vir-

809 1863 1160 1927 terminum
1189 1863 1267 1926 ad
1297 1861 1838 1945 quem‚perfectio
1868 1877 2019 1923 vero
2049 1859 2315 1939 conjun-
2349 1860 2397 1922 B
2427 1866 2561 1922 tute
2600 1861 2970 1943 superioriS,
3003 1862 3155 1944 quia
3187 1861 3573 1925 illuminatio
3607 1861 3716 1924 illa
3748 1880 3787 1923 a
3823 1881 3927 1924 su-

810 1963 1086 2025 ctionem
1117 1980 1265 2024 cum
1296 1961 1526 2023 ultimo
1555 1959 1689 2022 fine
1721 1978 1910 2041 quem
1943 1957 2217 2020 intendit
2248 1957 2315 2018 il-

808 2059 1154 2123 luminator
1183 2061 1249 2121 in
1280 2058 1654 2121 illuminato.
1671 2057 1747 2120 Et
1771 2075 1988 2120 verum
2017 2063 2114 2118 est
2140 2055 2313 2137 quod

809 2158 903 2221 sic
947 2156 1260 2220 differunt
1302 2157 1546 2219 ratione
1594 2164 1657 2218 et
1705 2154 2102 2226 definitione,
2135 2161 2312 2215 sunt-

807 2275 933 2339 que
983 2256 1103 2319 tria
1149 2272 1164 2318 ε
1213 2255 1567 2318 secundum
1617 2272 1756 2316 esse
1808 2261 2021 2316 tamen
2063 2251 2308 2326 formae‚

808 2354 941 2418 sola
991 2354 1460 2416 illuminatione
1507 2352 1934 2436 perficiuntur
1980 2351 2116 2414 haec
2165 2351 2306 2424 tria,

805 2460 878 2515 ut
905 2453 1162 2516 divinus
1193 2451 1532 2535 Dionysius
1565 2450 1862 2533 loquitur.
1884 2449 2086 2510 —Est
2117 2447 2309 2510 etiam

806 2551 972 2615 inter
1029 2551 1165 2616 haec
1222 2551 1376 2614 ordo
1436 2567 1450 2612 :
1501 2550 1652 2631 quia
1708 2549 2000 2631 purgatio
2058 2547 2310 2630 passiva

805 2651 980 2733 prior
1008 2657 1104 2713 est
1135 2650 1200 2712 in
1233 2650 1352 2712 hoc
1383 2648 1553 2730 quod
1593 2647 2013 2730 propinquior
2050 2653 2147 2708 est
2179 2665 2309 2708 ma-

804 2749 981 2812 teriae
1011 2768 1123 2812 seu
1163 2748 1492 2831 potentiali
1528 2746 1886 2829 principi03
1919 2745 2307 2807 illuminatio

803 2855 1018 2910 autem
1063 2847 1237 2930 prior
1275 2854 1371 2910 est
1410 2847 1477 2908 in
1517 2846 1637 2909 hoc
1677 2845 1846 2927 quod
1885 2844 2308 2927 propinquior

803 2953 900 3008 est
938 2945 1170 3027 agenti,
1205 2945 1508 3027 quoniam
1553 2944 1692 3026 ipsa
1732 2950 1829 3005 est
1865 2943 2073 3006 forma
2109 2961 2303 3024 quam

803 3046 910 3107 dat
953 3061 1182 3125 agens3
1216 3041 1525 3126 perfectio
1567 3059 1719 3104 vero
1761 3040 1952 3104 habet
1993 3041 2303 3103 rationem
2341 3041 2384 3106 C
2414 3048 2639 3122 quarto
2701 3059 2716 3103 :

802 3143 1027 3225 primae
1058 3161 1285 3216 causae,
1315 3149 1469 3223 puta
1498 3140 1736 3215 finaliS,
1759 3139 2063 3222 quoniam
2093 3146 2307 3202 movet

800 3247 1094 3322 agentem
1153 3240 1230 3302 ad
1289 3239 1808 3312 illuminandum,
1865 3245 1929 3300 et
1987 3237 2306 3300 illumina-

800 3347 961 3414 tum,
995 3347 1066 3401 ut
1114 3347 1421 3422 purgetur
1465 3346 1528 3400 et
1574 3337 1975 3399 illuminetur
2007 3354 2020 3398 :
2055 3344 2301 3398 certum

799 3447 896 3502 est
925 3439 1246 3521 equidem,
1283 3438 1452 3520 quod
1493 3437 1785 3519 purgatio
1815 3443 1878 3497 et
1916 3434 2303 3497 illuminatio

799 3538 878 3600 ad
928 3535 1388 3620 perfectionem
1447 3535 1729 3598 finaliter
1777 3534 2169 3597 ordinentur.
2223 3568 2305 3580 —

799 3636 943 3700 Haec
984 3635 1282 3698 Albertus
1324 3635 1390 3697 in
1433 3635 1711 3697 Summa.

880 3734 998 3808 Qui
1037 3734 1230 3796 etiam
1270 3733 1498 3815 quaerit
1535 3732 1664 3806 hic,
1696 3739 1913 3793 utrum
1955 3738 2082 3792 tres
2120 3738 2301 3792 actus

800 3831 907 3895 isti
959 3831 1340 3895 conveniant
1385 3830 1628 3912 angelis
1676 3849 1754 3892 ex
1803 3847 2006 3911 aequ0,
2057 3847 2135 3891 an
2189 3846 2302 3910 per

801 3931 982 4014 prius
1025 3937 1090 3993 et
1133 3929 1468 4013 posterius.
1504 3929 1580 3991 Et
1623 3929 1984 4011 respondet,
2019 3929 2190 4010 quod
2231 3927 2300 3990 hi

799 4037 979 4092 actus
1022 4027 1362 4110 tripliciter
1403 4028 1792 4090 conveniunt
1830 4026 1944 4100 eiS,
1977 4027 2296 4100 videlicet,

800 4128 1152 4191 secundum
1200 4127 1490 4190 ordinem
1537 4125 1930 4198 hierarchiae,
1964 4133 2026 4189 et
2075 4144 2300 4188 secun-

2426 1959 2661 2039 periori
2694 1959 2759 2021 in
2792 1958 3159 2023 inferiorem
3190 1961 3535 2023 descendit.
3560 1962 3927 2043 ——lnsuper

2424 2057 2675 2121 decimo
2716 2059 2999 2140 capitulo
3043 2059 3330 2122 Coelestis
3375 2059 3749 2122 hierarchiae
3786 2067 3924 2121 tan·

2422 2155 2516 2236 git
2546 2155 2605 2218 S.
2631 2156 2967 2239 Dionysius
2997 2157 3483 2239 quadruplicem
3514 2175 3918 2240 synagogam,

2424 2254 2488 2315 id
2536 2262 2633 2316 est
2682 2255 3165 2330 connexionem,
3207 2255 3509 2337 angelicae
3555 2255 3920 2338 dispositio-

2422 2351 2523 2414 nis
2555 2351 2619 2414 in
2653 2353 2839 2416 modo
2870 2354 3220 2436 recipiendi
3252 2353 3921 2417 illuminationeS.Una

2420 2457 2519 2512 est
2566 2450 3066 2514 hierarchiarum
3116 2453 3196 2514 ad
3244 2453 3562 2532 invicem3
3614 2452 3915 2528 secunda,

2422 2549 2719 2611 ordinum
2788 2550 3134 2631 cujuslibet
3212 2551 3585 2614 hierarchiae
3626 2569 3642 2630 ;
3707 2551 3915 2626 tertia,

2420 2665 2836 2728 personarum
2892 2649 2958 2711 in
3013 2649 3301 2732 quolibet
3346 2650 3616 2729 ordine3
3667 2657 3914 2732 quarta,

2419 2745 2963 2810 illuminationum
3023 2749 3089 2810 in
3146 2743 3381 2811 eadem'
3427 2767 3699 2831 persona
3756 2749 3917 2812 exsi-

2418 2845 2744 2907 stentium.
2791 2846 2935 2909 Haec
2978 2846 3294 2910 Albertus.

2498 2943 2823 3005 Udalricus
2856 2952 3159 3025 praeterea
3190 2945 3255 3006 in
3288 2945 3549 3008 Summa
3579 2965 3714 3021 sua,
3750 2945 3914 3009 libro

2778 3043 2957 3105 Actio
3016 3043 3283 3125 (inquit)
3342 3043 3739 3106 hierarchica
3800 3063 3917 3127 per

2414 3158 2605 3221 quam
2647 3139 2956 3203 definitur
2994 3141 3371 3217 hierarchia,
3404 3142 3637 3225 triplex
3668 3152 3785 3218 est,
3818 3151 3915 3206 ut-

2412 3245 2580 3319 pote,
2614 3239 2928 3319 purgatio,
2963 3240 3368 3314 illuminati0‚
3404 3240 3749 3322 perfectio:
3774 3261 3919 3324 quae

2409 3337 2533 3398 tria
2572 3337 2824 3400 realiter
2864 3339 2928 3400 in
2960 3337 3201 3418 angelis
3242 3357 3443 3400 unum
3483 3346 3654 3414 sunt,
3696 3347 3917 3422 utpote

2410 3437 2763 3518 assumptio
2788 3437 3020 3500 divinae
3051 3437 3354 3511 scientiae,
3379 3445 3448 3499 ut
3478 3439 3753 3520 septimo
3784 3439 3918 3502 Coe-

2412 3532 2587 3595 lestis
2618 3534 2990 3598 hierarchiae
3024 3535 3304 3616 capitulo
3334 3534 3673 3618 Dionysius
3708 3545 3915 3619 prote-

2410 3638 2629 3694 statur.
2664 3632 2893 3695 Divina
2930 3652 3205 3715 namque
3244 3634 3511 3696 scientia
3542 3653 3655 3697 seu
3690 3635 3912 3698 lumen

2409 3729 2724 3804 divinum,
2759 3731 2826 3793 in
2855 3749 2983 3813 quo
3013 3730 3283 3796 habetur
3310 3740 3373 3795 et
3403 3733 3766 3796 continetur
3795 3733 3913 3796 sci—

2408 3829 2580 3891 entia
2612 3829 3059 3912 mysteriorum
3099 3831 3232 3906 Dei,
3264 3839 3361 3893 est
3400 3831 3717 3895 emanatio
3751 3833 3910 3898 ideae

2407 3927 2641 3992 divinae
2701 3929 3086 3991 continentis
3137 3929 3203 3991 in
3252 3947 3321 3992 se
3373 3929 3630 3992 scibiles
3690 3949 3904 3993 rerum

2408 4025 2684 4089 rationes
2729 4044 2743 4088 :
2788 4026 2931 4089 ideo
2983 4027 3105 4089 tria
3151 4026 3343 4090 habet
3393 4027 3459 4090 in
3508 4047 3598 4102 se,
3636 4029 3904 4105 scilicet,

2408 4124 2576 4206 quod
2620 4131 2717 4187 est
2754 4125 2999 4206 species
3038 4143 3250 4187 rerum
3296 4126 3904 4207 cognoscendarum,

799 4225 954 4288 dum
985 4225 1467 4308 dispositionem
1498 4225 1796 4288 ordinum
1827 4224 1894 4285 in
1924 4225 2295 4298 hierarchia,
2329 4226 2380 4287 D
2407 4231 2471 4285 et
2500 4222 2671 4304 quod
2710 4231 2805 4287 est
2844 4223 3083 4298 lumen,
3117 4231 3179 4286 et
3217 4224 3387 4306 quod
3416 4232 3513 4287 est
3550 4225 3909 4290 similitudo

799 4332 863 4387 et
891 4324 1240 4388 secundum
1269 4323 1753 4406 dispositionem
1785 4340 2199 4405 personarum
2231 4323 2299 4385 in

797 4423 1040 4486 ordine.
1075 4422 1284 4485 Primo
1315 4423 1502 4484 modo
1533 4421 1740 4504 prima
1770 4421 2124 4483 hierarchia
2155 4421 2299 4482 illu-

801 4522 1040 4584 minata
1085 4540 1124 4583 a
1171 4521 1321 4594 Deo,
1366 4519 1686 4582 illuminat
1735 4519 2012 4582 mediam
2064 4519 2299 4582 hierar-

799 4621 1010 4682 chiam
1040 4638 1114 4682 ac
1153 4619 1471 4693 ultimam,
1505 4636 1631 4681 non
1671 4618 2031 4681 illuminata
2069 4617 2150 4680 ab
2185 4618 2298 4680 ali-

799 4738 926 4802 qua
991 4717 1363 4781 hierarchia.
1424 4717 1570 4780 Ideo
1636 4716 1860 4799 primae
1927 4716 2299 4779 hierarchiae

799 4817 1078 4880 maxime
1109 4814 1407 4879 convenit
1438 4814 1820 4877 illuminare.
1855 4813 2056 4876 Media
2084 4821 2298 4876 autem

796 4914 1153 4979 hierarchia
1189 4920 1287 4976 est
1325 4913 1682 4975 illuminata
1721 4931 1758 4974 a
1797 4912 2023 4994 prima,
2055 4920 2120 4974 et
2160 4913 2302 4975 illu-

799 5014 1050 5077 minans
1094 5013 1345 5075 tertiam
1388 5028 1401 5072 :
1442 5011 1584 5073 ideo
1633 5010 1976 5073 secundam
2025 5010 2300 5092 analogi-

797 5131 902 5175 am
955 5111 1146 5173 habet
1201 5110 1279 5172 ad
1333 5109 1887 5171 illuminationem.
1941 5108 2149 5171 Tertia
2198 5127 2301 5170 ve·

800 5229 872 5274 ro
903 5208 1262 5272 illuminata
1290 5215 1406 5282 est,
1441 5225 1567 5270 non
1609 5207 1982 5269 illuminans
2017 5206 2301 5288 aliquam

803 5307 1154 5388 angelicam
1185 5307 1630 5380 hierarchiam,
1663 5306 1773 5369 sed
1802 5305 2299 5369 ecclesiasticam

2408 4320 2671 4383 luminis
2705 4321 3063 4384 intellectus
3092 4322 3313 4386 divini.
3350 4323 3441 4385 Ex
3470 4341 3746 4406 quorum
3783 4327 3911 4408 pri-

2409 4436 2513 4481 mo
2544 4411 2770 4500 purgat
2800 4419 3196 4482 intellectum
3225 4429 3530 4497 creatum,
3552 4421 3736 4503 juxta
3768 4443 3908 4487 sen·
3938 4446 4219 4504 ennena·

2408 4537 2551 4580 sum
2592 4525 2983 4599 praetactum.
3018 4518 3382 4581 Intellectus
3419 4520 3591 4582 enim
3630 4529 3901 4598 creatuS,
3934 4515 3988 4555 ⁰²
4021 4525 4068 4556 ⁸·

2407 4615 2598 4678 etiam
2647 4615 2995 4697 angelicuS,
3038 4625 3328 4699 respectu
3379 4617 3760 4699 cognitionis
3808 4639 3904 4683 se-

2409 4724 2727 4778 cretorum
2757 4715 2989 4778 divinae
3020 4716 3369 4798 sapientiae,
3398 4724 3493 4779 est
3524 4717 3590 4780 in
3622 4719 3908 4801 potentia

2409 4814 2615 4896 quoad
2672 4833 2745 4876 ea
2804 4834 2946 4895 quae
2996 4814 3055 4876 ei
3117 4815 3401 4877 nondum
3462 4824 3612 4878 sunt
3667 4818 3907 4880 revela-

2409 4920 2489 4975 ta.
2527 4912 2723 4992 Cujus
2762 4914 3060 4995 potentiae
3094 4913 3609 4979 indeterminatio
3644 4925 3909 4980 vocatur

2408 5011 2722 5085 confusio,
2758 5031 2955 5093 quum
2998 5012 3182 5074 tertio
3214 5011 3499 5075 Coelestis
3532 5013 3909 5080 hierarchiae

2410 5109 2692 5193 capitulo
2732 5111 2797 5172 B.
2833 5110 3170 5193 Dionysius
3200 5110 3390 5184 dicat,
3424 5111 3595 5193 quod
3630 5115 3839 5195 angeli
3868 5133 3909 5176 a

2408 5208 2954 5271 dissimilitudinis
2984 5207 3358 5272 confusione
3389 5219 3754 5292 purgantur.
3769 5213 3909 5276 Por-

2410 5324 2483 5370 ro
2524 5325 2601 5369 ex
2645 5305 2927 5370 secundo
2973 5306 3310 5370 illuminat.
3354 5307 3906 5382 Quemadmodum
