4334 6242
570 1081 737 1126 Summ.
754 1083 817 1127 th.

546 1145 749 1202 &pamm
758 1148 815 1190 ¹8.

545 2069 611 2113 Ie.
626 2074 808 2121 xuu,25.

548 2259 656 2302 Luc.
676 2273 719 2310 v,
743 2262 809 2302 21.

837 484 958 552 332

1518 502 1583 549 IN
1622 504 1845 550 Lunum
1885 503 1928 548 11
1972 501 2454 548 sENTENTtARUM.
2501 520 2580 530 —
2621 502 2772 549 DIST.
2817 502 2896 564 νζ
2941 502 3163 558 QUAEST.
3211 502 3279 549 111

920 676 1187 757 Insuper
1234 675 1585 739 Alexander
1632 676 1850 738 dicens
1904 674 2159 755 angelos
2209 690 2336 734 non
2367 671 2419 734 Ἀ
2451 671 2781 734 conversio
2810 673 3179 753 angelorum
3222 673 3287 735 in
3318 673 3520 735 Deum
3555 692 3568 736 :
3603 673 3844 735 idcirco
3873 670 3958 733 ad

841 792 981 836 esse
1031 782 1273 837 creatos
1324 775 1387 836 in
1436 774 1657 856 gratia,
1704 773 1927 836 asserit
1976 791 2083 834 eos
2132 771 2340 852 prose—

842 872 1006 935 cisse
1044 874 1123 934 ad
1168 893 1332 946 eam,
1366 881 1429 934 et
1461 873 1524 934 in
1567 872 1980 935 conversione
2017 871 2095 932 ad
2136 872 2338 932 Deum

845 969 1015 1052 ipsos
1058 991 1197 1033 eam
1244 972 1515 1034 sortitos.

928 1070 1130 1150 Super
1168 1070 1268 1132 his
1307 1070 1530 1132 scribit
1560 1069 1854 1132 Albertus
1889 1089 1903 1132 :
1937 1068 2161 1149 Angeli
2199 1067 2340 1129 erfi-

847 1169 1079 1232 cac-iter
1122 1169 1404 1233 converti
1449 1187 1576 1231 non
1625 1174 1916 1251 poterant
1957 1167 2095 1230 sine
2141 1166 2343 1247 gratia

843 1268 1152 1350 apposita,
1187 1287 1377 1350 quam
1410 1268 1701 1348 Magister
1732 1276 1911 1329 vocat.
1940 1266 2208 1347 gratiam
2244 1284 2342 1327 co-

842 1375 1230 1448 operantem.
1276 1365 1619 1446 Distinguit
1662 1364 1899 1426 etenim
1948 1364 2340 1444 Augustinus

841 1465 1107 1545 gratiam
1149 1464 1213 1526 in
1249 1463 1397 1538 duo,
1431 1462 1749 1537 videlicet,
1784 1463 1849 1525 in
1890 1462 2153 1543 gratiam
2195 1478 2341 1542 ope-

840 1571 1109 1635 rantem,
1161 1569 1222 1624 et
1272 1563 1335 1623 in
1392 1562 1657 1642 gratiam
1709 1569 2173 1642 cooperantem.
2225 1560 2340 1621 Vo-

841 1669 1066 1742 catque
1113 1661 1379 1741 gratiam
1430 1667 1822 1741 operantem,
1876 1659 1939 1721 in
1989 1677 2116 1740 qua
2165 1658 2337 1720 solus

842 1760 1007 1822 Deus
1054 1766 1352 1840 operatur
1393 1776 1407 1820 ε
1453 1779 1594 1840 quae
1642 1767 1738 1820 est
1780 1757 1979 1838 gratia
2023 1756 2337 1838 justifica-

2450 789 2596 832 eum
2627 771 2828 852 gratia
2858 771 3318 853 requirebatur.
3342 771 3486 834 Haec
3515 770 3848 833 Hannibal.
3877 770 3960 832 Et

2453 870 2518 931 in
2563 869 2681 931 ista
2725 871 3109 932 concordant
3151 869 3476 934 Catholici.

2533 968 2766 1030 Verum
2812 976 2882 1028 ut
2928 967 3093 1030 infra
3137 968 3399 1050 patebit,
3439 970 3517 1030 ad
3558 976 3772 1030 actum
3823 987 3960 1030 me-

2454 1067 2768 1140 ritorium,
2802 1076 3030 1148 praeter
3074 1067 3349 1130 liberum
3393 1067 3728 1128 arbitrium
3772 1065 3956 1128 habi-

2452 1165 2817 1247 tualemque
2865 1166 3132 1246 gratiam
3183 1185 3295 1228 seu
3343 1165 3694 1239 caritatem,
3739 1166 3956 1248 requi·

2453 1264 2615 1326 ritur
2652 1273 2714 1326 et
2754 1265 3073 1327 concurrit
3111 1264 3376 1326 actualis
3421 1264 3708 1346 quaedam
3755 1265 3958 1327 motio

2452 1361 2726 1443 Spiritus
2759 1363 2989 1425 Sancti.
3015 1399 3094 1407 —
3123 1363 3258 1424 Post
3271 1380 3466 1436 rem0‚
3504 1361 3820 1444 praetactis
3849 1363 3956 1424 his

2450 1460 2662 1522 verbis
2695 1460 2957 1532 Alberti,
2989 1460 3519 1522 Justificationem
3561 1459 3746 1542 impii
3783 1461 3955 1522 Deus

2451 1568 2748 1639 operatur
2780 1559 2846 1621 in
2878 1559 3062 1621 nobis
3099 1559 3235 1622 sine
3268 1559 3473 1632 nobiS,
3508 1558 3705 1639 objici
3745 1565 3960 1640 potest

2450 1656 2718 1719 verbum
2770 1657 2928 1719 illud
2977 1657 3313 1738 Augustini
3373 1675 3715 1719 commune
3766 1673 3781 1718 z
3831 1657 3956 1730 Qui

2451 1756 2687 1818 creavit
2730 1763 2788 1817 te
2829 1756 2966 1818 sine
3009 1763 3092 1830 te,
3127 1773 3252 1818 non
3290 1755 3674 1836 justificabit
3711 1763 3772 1817 te-
3811 1755 3957 1817 sine

842 1857 1032 1919 tionis
1078 1857 1280 1939 impii.
1314 1857 1843 1918 Justisicationem
1897 1875 2173 1937 namque
2222 1855 2340 1916 im-
2374 1856 2420 1917 B
2451 1861 2530 1915 te.
2585 1854 2760 1927 Quod
2820 1854 2886 1916 in
2935 1854 3168 1916 adultis
3219 1862 3282 1916 et
3328 1854 3570 1916 ratione
3619 1853 3958 1916 utentibus

842 1957 932 2038 pii
974 1957 1149 2041 Deus·
1178 1965 1475 2038 operatur
1513 1956 1579 2018 in
1620 1955 1804 2018 nobis
1846 1955 1983 2018 sine
2026 1954 2234 2028 nobiS,
2270 1963 2339 2016 ut

843 2073 955 2137 per
984 2055 1208 2117 Isaiam
1246 2056 1333 2117 ait
1369 2075 1382 2119 :
1416 2056 1546 2136 Ego
1577 2074 1719 2117 sum
1755 2054 1864 2136 qui
1896 2055 2076 2116 deleo
2106 2053 2340 2134 iniqui-

840 2161 999 2216 tates
1046 2160 1187 2216 tuas
1247 2161 1504 2235 propter
1562 2172 1682 2214 me.
1737 2152 1813 2213 Et
1872 2152 1935 2214 in
1996 2151 2340 2232 Evangelio

842 2252 1077 2314 dicitur
1099 2269 1113 2312 :
1137 2251 1287 2324 Quis
1321 2259 1522 2333 potest
1556 2250 1875 2313 dimittere
1908 2259 2187 2332 peccata,
2212 2249 2338 2310 nisi

840 2349 1012 2413 solus
1062 2350 1274 2412 Deus?
1314 2351 1440 2411 Hac
1484 2349 1687 2430 gratia
1734 2365 1860 2410 non
1910 2348 2186 2429 indiguit
2233 2368 2339 2410 an-

837 2449 1015 2530 gelus
1070 2467 1085 2510 :
1138 2467 1358 2510 omnes
1415 2449 1586 2511 enim
1647 2455 1826 2510 erant
1875 2446 2033 2527 justi
2089 2447 2339 2527 justitia

838 2546 1218 2609 innocentia)
1277 2545 1602 2607 naturalis.
1658 2545 1867 2608 Gratia
1915 2562 2065 2607 vero
2115 2563 2339 2626 coope-

838 2665 1005 2718 ranS‚
1040 2653 1135 2706 est
1166 2664 1307 2726 quae
1343 2651 1717 2725 cooperatur
1749 2661 1894 2705 cum
1938 2641 2138 2704 libero
2170 2643 2336 2704 arbi-

837 2744 1152 2812 trio‚sicut
1176 2741 1378 2804 virtus
1409 2741 1680 2822 gratuita
1705 2741 1959 2802 elevans
1992 2737 2338 2822 potentiam

836 2840 1022 2904 liberi
1071 2840 1341 2913 arbitrii,
1384 2847 1455 2900 ut
1500 2839 1853 2901 efficaciter
1897 2859 1970 2902 ac
2014 2839 2336 2902 meritorie

836 2940 990 3003 velit
1039 2948 1101 3000 et
1150 2939 1350 3021 possit
1399 2937 1465 2998 in
1517 2937 1757 2999 bonum
1808 2938 1978 3019 qnod
2028 2957 2222 3019 supra
2271 2957 2338 2999 se

2451 1959 2696 2014 constat
2751 1953 2843 2015 sic
2900 1971 3060 2025 esse,
3116 1952 3410 2034 quamvis
3471 1952 3536 2014 in
3595 1951 3958 2016 infantibus

2452 2049 2786 2131 baptizatis
2829 2049 2911 2112 sit
2953 2049 3155 2111 aliter.

2866 2373 3341 2447 QUAESTIO
3408 2375 3532 2436 III

2580 2638 2753 2701 Ertio
2793 2637 3120 2720 quaeritur,
3163 2637 3455 2704 Utrum
3505 2639 3773 2716 ang-011
3821 2654 3956 2705 su-

2591 2751 2720 2803 am
2750 2737 3326 2804 beatitudinem
3356 2738 3960 2817 meruerint‚1ta

2447 2837 2659 2917 quod
2711 2836 2798 2900 111
2845 2833 2964 2900 ets
3012 2836 3392 2900 meritum
3450 2834 3954 2914 praecesserit

2452 2935 2888 3015 praemium.

836 3047 954 3113 est,
988 3039 1157 3120 quod
1201 3045 1299 3099 est
1340 3036 1580 3099 bonum
1627 3043 1957 3099 aeternum.
2001 3037 2336 3118 Quumque
2374 3035 2416 3098 C
2530 3032 2834 3105 Quocirca
2871 3037 2964 3092 est
2997 3029 3450 3110 inquirendum
3485 3031 3564 3092 de
3597 3049 3770 3094 mora
3810 3051 3958 3113 quae

838 3137 1120 3201 converti
1178 3137 1261 3198 sit
1323 3154 1435 3217 per
1494 3154 1773 3197 amorem
1840 3136 1965 3196 Deo
2029 3134 2338 3197 inhaerere

836 3244 1097 3321 propter
1148 3255 1215 3298 se-
1266 3243 1329 3296 et
1377 3253 1570 3316 super
1616 3235 1853 3307 omnia,
1906 3234 2190 3296 converti
2244 3243 2340 3296 est

837 3335 1203 3398 meritorius
1244 3341 1422 3396 actus
1453 3341 1513 3395 et
1544 3333 1821 3394 caritatis
1861 3332 2151 3395 effectus.
2180 3333 2339 3394 Hinc

836 3434 1099 3515 angelus
1160 3433 1223 3494 in
1285 3438 1499 3493 actum
1562 3430 1746 3491 illum
1805 3449 1882 3492 ex
1942 3430 2338 3492 naturalibus

840 3532 991 3594 solis
1046 3548 1171 3592 non
1228 3529 1456 3611 potuit,
1504 3529 1612 3590 sed
1667 3527 1937 3608 indiguit
1984 3529 2186 3608 gratia
2233 3546 2336 3590 co-

839 3637 1157 3712 operante.
1181 3629 1323 3690 Haec
1352 3626 1765 3688 Albertus.——-
1786 3625 2134 3687 Concordat
2166 3626 2341 3688 Udal-

841 3729 1029 3790 ricus,

919 3824 1229 3888 Hannibal
1280 3824 1539 3886 demum
1587 3823 1693 3885 hic
1744 3822 2025 3903 loquitur
2071 3839 2085 3883 t
2136 3823 2338 3884 Motus

842 3924 1023 3988 liberi
1073 3923 1317 3985 arbitrii
1369 3923 1433 3984 in
1485 3923 1709 3994 Deum,
1753 3929 1847 3982 est
1896 3920 2151 4002 duplex.
2195 3920 2338 3993 Qui-

839 4025 984 4086 dam
1046 4019 1482 4103 imperfectu&
1536 4020 1702 4082 sicut
1762 4019 1825 4079 in
1888 4018 2147 4080 homine
2205 4037 2340 4098 gra—

840 4121 992 4184 tiam
1047 4138 1173 4182 non
1226 4118 1539 4195 habente3
1588 4125 1653 4178 et
1700 4125 1795 4178 est
1849 4116 2029 4198 quasi
2084 4117 2339 4178 tendere

2451 3129 2573 3191 fuit
2618 3129 2783 3191 inter
2827 3127 3196 3209 angelorum
3248 3127 3655 3202 creationem,
3697 3138 3760 3191 et
3805 3148 3958 3192 con-

2451 3228 2809 3290 versionem
2851 3246 2922 3288 ac
2966 3224 3495 3307 glorificationem
3541 3244 3554 3288 :
3597 3227 3675 3289 de
3715 3247 3841 3309 qua
3885 3248 3957 3289 re

2447 3326 2577 3406 jam
2628 3326 2796 3388 dicta
2843 3333 2992 3386 sunt
3033 3325 3247 3405 aliqua
3295 3325 3359 3386 in
3403 3325 3752 3406 quaestione
3797 3346 3956 3408 prae-

2451 3424 2684 3486 habita.
3189 3479 3199 3493 ,

2530 3523 2795 3584 Videtur
2825 3529 3037 3584 autem
3069 3521 3238 3603 quod
3271 3521 3334 3582 in
3367 3521 3608 3602 angelis
3650 3523 3954 3585 meritum

2453 3639 2672 3684 eorum
2708 3619 3208 3702 praemiationem
3244 3637 3647 3702 nequaquam
3691 3640 3957 3702 praeees-

2453 3718 2624 3780 serit.
2671 3718 2904 3794 Primo,
2951 3717 3323 3778 auctoritate
3371 3715 3671 3796 Magistri,
3723 3718 3833 3798 qui
3881 3718 3952 3780 in

2453 3825 2627 3879 textu
2670 3816 2868 3896 magis
2908 3816 3028 3877 hoc
3057 3814 3383 3896 approbat.
3417 3850 3498 3859 -—
3529 3815 3839 3890 Secundo,
3871 3835 3956 3878 ex

2453 3916 2634 3977 Petro
2673 3923 2735 3976 et
2773 3913 3084 3976 Richardo
3126 3912 3456 3973 inductum
3497 3919 3614 3981 est,
3648 3915 3816 3995 quod
3851 3934 3956 3976 ac-

2453 4022 2555 4075 tus
2586 4011 2946 4075 dilectionis
2977 4011 3300 4083 naturaliS‚
3316 4011 3648 4073 conversio
3679 4031 3793 4092 per
3819 4032 3959 4093 gra-

2457 4112 2608 4173 tiam
2648 4117 2712 4171 et
2743 4108 3146 4190 glorificatio,
3179 4105 3440 4170 fuerunt
3475 4109 3542 4170 in
3576 4109 3817 4189 angelis
3853 4109 3960 4172 bo-

840 4221 916 4281 ad
967 4219 1288 4281 virtutem.
1344 4217 1420 4278 Et
1466 4217 1544 4278 ad
1595 4216 1765 4277 hunc
1816 4233 1943 4277 non
1993 4215 2342 4296 requiritur
2375 4215 2424 4277 D
2456 4209 2554 4271 nis
2597 4209 2662 4270 in
2707 4209 2926 4270 eodem
2977 4205 3257 4269 instanti.
3299 4241 3381 4252 —-
3419 4206 3650 4280 Tertio,
3691 4207 3958 4287 angelus

840 4317 1041 4399 gratia
1082 4323 1330 4397 gratum
1376 4314 1639 4383 faciens,
1672 4313 1781 4375 sed
1827 4313 2102 4393 exigitur
2143 4312 2344 4392 gratia

840 4416 1035 4498 gratis
1076 4416 1240 4487 data,
1276 4413 1626 4476 secundum
1667 4412 1995 4493 quosdam.
2032 4411 2207 4484 Quod
2243 4431 2346 4472 ve-

843 4536 983 4578 rum
1032 4521 1148 4586 est,
1184 4513 1233 4576 si
1282 4531 1393 4594 per
1435 4511 1699 4592 gratiam
1749 4510 1943 4590 gratis
1987 4509 2198 4570 datam
2251 4509 2342 4570 in-

842 4613 1151 4694 telligitur
1191 4612 1639 4694 quodcumque
1675 4609 1966 4671 divinum
2006 4606 2339 4680 auxilium,

844 4713 980 4776 sine
1024 4729 1151 4792 quo
1194 4709 1284 4772 nil⁴
1335 4724 1674 4791 possumus
1723 4706 1911 4786 boni;
1952 4724 2079 4768 non
2130 4713 2342 4766 autem

845 4811 899 4872 si
951 4808 1342 4888 intelligatur
1388 4804 1711 4867 habituale
1760 4804 2015 4886 aliquod
2076 4803 2339 4877 bonum,

846 4909 998 4990 quia
1042 4907 1241 4969 iretur
1285 4904 1349 4966 in
1395 4903 1745 4965 infinitum.
1790 4903 1967 4964 Alius
2018 4901 2201 4963 liberi
2250 4921 2347 4963 ar-

846 5006 1022 5069 bitrii
1059 5012 1265 5066 motus
1297 5003 1362 5064 in
1392 5003 1727 5074 Deum,est
1760 4999 2346 5082 perfectuS,similis

846 5105 1014 5168 act-ui
1061 5103 1170 5186 qui
1214 5111 1310 5164 est
1351 5121 1388 5163 a
1430 5101 1665 5162 virtute
1701 5119 1714 5161 ;
1750 5098 1814 5160 in
1860 5117 2052 5180 quem
2104 5106 2347 5160 motum

849 5223 975 5268 non
1024 5202 1192 5265 valet
1234 5200 1507 5262 liberum
1558 5197 1893 5260 arbitrium
1944 5197 2080 5258 siue
2124 5195 2344 5276 gratia,

2454 4327 2521 4370 se
2563 4315 2764 4369 totum
2807 4306 3375 4386 inflexibiliterque
3420 4306 3735 4368 convertit.
3769 4307 3848 4368 ad
3891 4307 3960 4368 id

2452 4407 2530 4467 ad
2563 4405 2730 4487 quod
2765 4425 2830 4466 se
2863 4403 3193 4467 convertit.
3218 4403 3378 4484 Ergo
3411 4405 3619 4485 primo
3649 4412 3794 4465 actu
3825 4425 3960 4468 suae

2455 4503 2888 4566 conversionis
2928 4504 3004 4564 ad
3048 4503 3270 4576 Deum,
3307 4502 3795 4565 immobilitatus
3833 4503 3959 4565 fuit.

2455 4604 2520 4665 in
2567 4621 2663 4676 ρο,
2697 4611 2760 4664 et
2807 4621 2920 4683 per
2961 4619 3357 4682 consequens
3406 4602 3902 4683 comprehensor
3940 4621 3954 4664 :

2453 4721 2580 4764 non
2632 4717 2780 4780 ergo
2832 4699 3064 4760 meruit
3114 4699 3574 4761 beatitudinem
3622 4709 3768 4761 actu
3820 4700 3954 4774 illo,

2453 4807 2562 4862 aut
2603 4800 2666 4861 in
2708 4799 2930 4860 eodem
2979 4796 3237 4860 instanti
3283 4797 3404 4860 t'uit
3445 4797 3646 4862 viator
3685 4806 3749 4861 et
3789 4817 3960 4862 com-

2455 4899 2820 4981 prehensor.

2535 4998 2602 5058 In
2663 4996 3048 5057 contrarium
3100 5003 3216 5061 est,
3269 4995 3438 5076 quod
3497 4995 3660 5056 sicut
3710 4996 3812 5058 via
3859 5005 3958 5058 est

2455 5104 2601 5157 ante
2663 5094 3028 5165 terminum,
3083 5093 3174 5154 sic
3236 5093 3532 5154 meritum
3591 5101 3737 5155 ante
3797 5113 3953 5176 prae-

2459 5195 2679 5256 mium.
2714 5229 2794 5237 —
2831 5193 3090 5264 RursuS,
3133 5192 3299 5253 Deus
3331 5209 3471 5284 'non
3521 5199 3618 5252 est
3663 5210 3956 5272 persona-

851 5322 991 5385 quae-
1020 5301 1077 5363 ei
1112 5299 1566 5388 perfectionem
1604 5296 1881 5377 largitur.
1904 5295 2197 5382 Talisque
2230 5293 2351 5355 suit
2460 5311 2600 5355 rum
2643 5298 2977 5374 acceptor:
3015 5289 3157 5352 ideo
3195 5289 3362 5351 sicut
3401 5307 3525 5351 non
3559 5288 3785 5351 tribuit
3823 5289 3954 5352 ani-

4039 3357 4094 3398 Ρ.
4115 3347 4206 3387 238
4227 3345 4298 3394 8⁸.
4320 3369 4321 3390 1

3983 3411 4088 3449 etc.

3985 3931 4294 3984 p.331Cets.
