<?xml version="1.0" encoding="UTF-8"?>
<!DOCTYPE html PUBLIC "-//W3C//DTD XHTML 1.0 Transitional//EN"
    "http://www.w3.org/TR/xhtml1/DTD/xhtml1-transitional.dtd">
<html xmlns="http://www.w3.org/1999/xhtml" xml:lang="en" lang="en">
 <head>
  <title>
</title>
<meta http-equiv="Content-Type" content="text/html;charset=utf-8" />
  <meta name='ocr-system' content='tesseract 3.04.00' />
  <meta name='ocr-capabilities' content='ocr_page ocr_carea ocr_par ocr_line ocrx_word'/>
</head>
<body>
  <div class='ocr_page' id='page_1' title='image "./doctorisecstati01denigoog_0555.png"; bbox 0 0 4334 6242; ppageno 0'>
   <div class='ocr_carea' id='block_1_1' title="bbox 1419 489 2483 550">
    <p class='ocr_par' dir='ltr' id='par_1_1' title="bbox 1419 489 2483 550">
     <span class='ocr_line' id='line_1_1' title="bbox 1419 489 2483 550; baseline -0.001 -11"><span class='ocrx_word' id='word_1_1' title='bbox 1419 491 1643 550; x_wconf 74' lang='lat' dir='ltr'><strong>ouAEsr.</strong></span> <span class='ocrx_word' id='word_1_2' title='bbox 1683 491 1792 538; x_wconf 87' lang='lat' dir='ltr'><strong>vm</strong></span> <span class='ocrx_word' id='word_1_3' title='bbox 1833 489 1848 536; x_wconf 78' lang='lat' dir='ltr'><strong>t</strong></span> <span class='ocrx_word' id='word_1_4' title='bbox 1890 489 2034 548; x_wconf 82' lang='lat' dir='ltr'><strong>oum</strong></span> <span class='ocrx_word' id='word_1_5' title='bbox 2076 491 2168 538; x_wconf 86' lang='lat' dir='ltr'><strong>srr</strong></span> <span class='ocrx_word' id='word_1_6' title='bbox 2208 489 2483 538; x_wconf 66' lang='lat' dir='ltr'><strong>Amemus</strong></span> 
     </span>
    </p>
   </div>
   <div class='ocr_carea' id='block_1_2' title="bbox 3382 468 3503 536">
    <p class='ocr_par' dir='ltr' id='par_1_2' title="bbox 3382 468 3503 536">
     <span class='ocr_line' id='line_1_2' title="bbox 3382 468 3503 536; baseline 0 -1"><span class='ocrx_word' id='word_1_7' title='bbox 3382 468 3503 536; x_wconf 78' lang='lat'><strong>513</strong></span> 
     </span>
    </p>
   </div>
   <div class='ocr_carea' id='block_1_3' title="bbox 407 660 3511 744">
    <p class='ocr_par' dir='ltr' id='par_1_3' title="bbox 407 660 3511 744">
     <span class='ocr_line' id='line_1_3' title="bbox 407 660 3511 744; baseline -0.001 -20"><span class='ocrx_word' id='word_1_8' title='bbox 407 660 550 743; x_wconf 88' lang='lat' dir='ltr'><strong>ejus</strong></span> <span class='ocrx_word' id='word_1_9' title='bbox 610 663 1178 726; x_wconf 89' lang='lat' dir='ltr'><strong>conservationem.</strong></span> <span class='ocrx_word' id='word_1_10' title='bbox 1234 662 1427 744; x_wconf 86' lang='lat' dir='ltr'><strong>Cujus</strong></span> <span class='ocrx_word' id='word_1_11' title='bbox 1478 662 1732 743; x_wconf 87' lang='lat' dir='ltr'><strong>signum</strong></span> <span class='ocrx_word' id='word_1_12' title='bbox 1781 669 1898 735; x_wconf 89' lang='lat' dir='ltr'><strong>est,</strong></span> <span class='ocrx_word' id='word_1_13' title='bbox 1931 660 1984 722; x_wconf 84' lang='lat' dir='ltr'>A</span> <span class='ocrx_word' id='word_1_14' title='bbox 2015 679 2092 723; x_wconf 85' lang='lat' dir='ltr'><strong>ex</strong></span> <span class='ocrx_word' id='word_1_15' title='bbox 2137 661 2429 742; x_wconf 90' lang='lat' dir='ltr'><strong>pluribus</strong></span> <span class='ocrx_word' id='word_1_16' title='bbox 2477 660 2860 723; x_wconf 77' lang='lat' dir='ltr'><strong>differentiis</strong></span> <span class='ocrx_word' id='word_1_17' title='bbox 2904 679 3173 742; x_wconf 88' lang='lat' dir='ltr'><strong>quarum</strong></span> <span class='ocrx_word' id='word_1_18' title='bbox 3219 677 3511 740; x_wconf 82' lang='lat' dir='ltr'><strong>unaquae-</strong></span> 
     </span>
    </p>
   </div>
   <div class='ocr_carea' id='block_1_4' title="bbox 397 759 1908 1827">
    <p class='ocr_par' dir='ltr' id='par_1_4' title="bbox 397 759 1908 1827">
     <span class='ocr_line' id='line_1_4' title="bbox 408 759 1904 843; baseline -0.001 -20"><span class='ocrx_word' id='word_1_19' title='bbox 408 761 578 841; x_wconf 89' lang='lat' dir='ltr'><strong>quod</strong></span> <span class='ocrx_word' id='word_1_20' title='bbox 618 760 672 823; x_wconf 92' lang='lat' dir='ltr'><strong>si</strong></span> <span class='ocrx_word' id='word_1_21' title='bbox 714 761 860 843; x_wconf 91' lang='lat' dir='ltr'><strong>quis</strong></span> <span class='ocrx_word' id='word_1_22' title='bbox 899 760 1384 824; x_wconf 89' lang='lat' dir='ltr'><strong>oblivisceretur</strong></span> <span class='ocrx_word' id='word_1_23' title='bbox 1411 759 1668 842; x_wconf 80' lang='lat' dir='ltr'><strong>aliquod</strong></span> <span class='ocrx_word' id='word_1_24' title='bbox 1709 760 1904 822; x_wconf 90' lang='lat' dir='ltr'><strong>medi-</strong></span> 
     </span>
     <span class='ocr_line' id='line_1_5' title="bbox 403 857 1902 940; baseline -0.001 -21"><span class='ocrx_word' id='word_1_25' title='bbox 403 875 592 920; x_wconf 86' lang='lat' dir='ltr'><strong>orum</strong></span> <span class='ocrx_word' id='word_1_26' title='bbox 640 878 752 922; x_wconf 90' lang='lat' dir='ltr'><strong>seu</strong></span> <span class='ocrx_word' id='word_1_27' title='bbox 801 861 1297 940; x_wconf 66' lang='lat' dir='ltr'><strong>praemissarum,</strong></span> <span class='ocrx_word' id='word_1_28' title='bbox 1345 877 1472 920; x_wconf 91' lang='lat' dir='ltr'><strong>non</strong></span> <span class='ocrx_word' id='word_1_29' title='bbox 1521 857 1782 920; x_wconf 87' lang='lat' dir='ltr'><strong>haberet</strong></span> <span class='ocrx_word' id='word_1_30' title='bbox 1825 858 1902 918; x_wconf 91' lang='lat' dir='ltr'><strong>de</strong></span> 
     </span>
     <span class='ocr_line' id='line_1_6' title="bbox 401 957 1902 1031; baseline -0.001 -11"><span class='ocrx_word' id='word_1_31' title='bbox 401 957 814 1020; x_wconf 83' lang='lat' dir='ltr'><strong>conclusione</strong></span> <span class='ocrx_word' id='word_1_32' title='bbox 858 959 967 1020; x_wconf 93' lang='lat' dir='ltr'><strong>illa</strong></span> <span class='ocrx_word' id='word_1_33' title='bbox 1008 959 1364 1031; x_wconf 89' lang='lat' dir='ltr'><strong>scientiam,</strong></span> <span class='ocrx_word' id='word_1_34' title='bbox 1417 958 1639 1019; x_wconf 89' lang='lat' dir='ltr'><strong>ordine</strong></span> <span class='ocrx_word' id='word_1_35' title='bbox 1689 976 1902 1019; x_wconf 89' lang='lat' dir='ltr'><strong>causa-</strong></span> 
     </span>
     <span class='ocr_line' id='line_1_7' title="bbox 399 1056 1904 1138; baseline -0.001 -20"><span class='ocrx_word' id='word_1_36' title='bbox 399 1076 546 1118; x_wconf 88' lang='lat' dir='ltr'><strong>rum</strong></span> <span class='ocrx_word' id='word_1_37' title='bbox 581 1056 828 1138; x_wconf 83' lang='lat' dir='ltr'><strong>ignot03</strong></span> <span class='ocrx_word' id='word_1_38' title='bbox 853 1058 961 1120; x_wconf 89' lang='lat' dir='ltr'><strong>sed</strong></span> <span class='ocrx_word' id='word_1_39' title='bbox 995 1057 1191 1119; x_wconf 92' lang='lat' dir='ltr'><strong>fidem</strong></span> <span class='ocrx_word' id='word_1_40' title='bbox 1224 1065 1331 1119; x_wconf 89' lang='lat' dir='ltr'><strong>aut</strong></span> <span class='ocrx_word' id='word_1_41' title='bbox 1362 1057 1728 1138; x_wconf 80' lang='lat' dir='ltr'><strong>opinionem</strong></span> <span class='ocrx_word' id='word_1_42' title='bbox 1762 1073 1904 1137; x_wconf 89' lang='lat' dir='ltr'><strong>pos-</strong></span> 
     </span>
     <span class='ocr_line' id='line_1_8' title="bbox 397 1154 1904 1238; baseline -0.001 -21"><span class='ocrx_word' id='word_1_43' title='bbox 397 1163 498 1218; x_wconf 89' lang='lat' dir='ltr'><strong>set</strong></span> <span class='ocrx_word' id='word_1_44' title='bbox 556 1154 791 1217; x_wconf 90' lang='lat' dir='ltr'><strong>habere</strong></span> <span class='ocrx_word' id='word_1_45' title='bbox 851 1155 929 1218; x_wconf 90' lang='lat' dir='ltr'><strong>de</strong></span> <span class='ocrx_word' id='word_1_46' title='bbox 989 1175 1081 1218; x_wconf 81' lang='lat' dir='ltr'><strong>ea.</strong></span> <span class='ocrx_word' id='word_1_47' title='bbox 1149 1156 1481 1238; x_wconf 87' lang='lat' dir='ltr'><strong>Quumque</strong></span> <span class='ocrx_word' id='word_1_48' title='bbox 1540 1154 1747 1234; x_wconf 84' lang='lat' dir='ltr'><strong>angeli</strong></span> <span class='ocrx_word' id='word_1_49' title='bbox 1813 1154 1904 1216; x_wconf 90' lang='lat' dir='ltr'><strong>in-</strong></span> 
     </span>
     <span class='ocr_line' id='line_1_9' title="bbox 398 1253 1904 1336; baseline 0 -20"><span class='ocrx_word' id='word_1_50' title='bbox 398 1254 666 1318; x_wconf 83' lang='lat' dir='ltr'><strong>feriores</strong></span> <span class='ocrx_word' id='word_1_51' title='bbox 710 1253 1018 1318; x_wconf 88' lang='lat' dir='ltr'><strong>rationem</strong></span> <span class='ocrx_word' id='word_1_52' title='bbox 1070 1255 1490 1336; x_wconf 88' lang='lat' dir='ltr'><strong>quorumdam</strong></span> <span class='ocrx_word' id='word_1_53' title='bbox 1539 1253 1904 1316; x_wconf 87' lang='lat' dir='ltr'><strong>divinorum</strong></span> 
     </span>
     <span class='ocr_line' id='line_1_10' title="bbox 402 1351 1905 1436; baseline -0.001 -20"><span class='ocrx_word' id='word_1_54' title='bbox 402 1371 670 1436; x_wconf 87' lang='lat' dir='ltr'><strong>operum</strong></span> <span class='ocrx_word' id='word_1_55' title='bbox 732 1362 1116 1434; x_wconf 81' lang='lat' dir='ltr'><strong>cognoscant</strong></span> <span class='ocrx_word' id='word_1_56' title='bbox 1175 1371 1288 1435; x_wconf 78' lang='lat' dir='ltr'><strong>per</strong></span> <span class='ocrx_word' id='word_1_57' title='bbox 1345 1353 1561 1415; x_wconf 90' lang='lat' dir='ltr'><strong>lumen</strong></span> <span class='ocrx_word' id='word_1_58' title='bbox 1621 1351 1905 1433; x_wconf 91' lang='lat' dir='ltr'><strong>superio-</strong></span> 
     </span>
     <span class='ocr_line' id='line_1_11' title="bbox 405 1451 1905 1534; baseline 0 -22"><span class='ocrx_word' id='word_1_59' title='bbox 405 1469 573 1525; x_wconf 93' lang='lat' dir='ltr'><strong>rum,</strong></span> <span class='ocrx_word' id='word_1_60' title='bbox 606 1470 734 1515; x_wconf 90' lang='lat' dir='ltr'><strong>non</strong></span> <span class='ocrx_word' id='word_1_61' title='bbox 773 1452 980 1515; x_wconf 88' lang='lat' dir='ltr'><strong>solum</strong></span> <span class='ocrx_word' id='word_1_62' title='bbox 1024 1459 1334 1534; x_wconf 89' lang='lat' dir='ltr'><strong>quantum</strong></span> <span class='ocrx_word' id='word_1_63' title='bbox 1374 1452 1451 1513; x_wconf 89' lang='lat' dir='ltr'><strong>ad</strong></span> <span class='ocrx_word' id='word_1_64' title='bbox 1492 1469 1720 1513; x_wconf 87' lang='lat' dir='ltr'><strong>novam</strong></span> <span class='ocrx_word' id='word_1_65' title='bbox 1761 1451 1905 1512; x_wconf 85' lang='lat' dir='ltr'><strong>ade-</strong></span> 
     </span>
     <span class='ocr_line' id='line_1_12' title="bbox 407 1548 1908 1630; baseline -0.001 -20"><span class='ocrx_word' id='word_1_66' title='bbox 407 1549 690 1630; x_wconf 88' lang='lat' dir='ltr'><strong>ptionem</strong></span> <span class='ocrx_word' id='word_1_67' title='bbox 730 1549 841 1612; x_wconf 90' lang='lat' dir='ltr'><strong>sed</strong></span> <span class='ocrx_word' id='word_1_68' title='bbox 881 1549 1074 1612; x_wconf 89' lang='lat' dir='ltr'><strong>etiam</strong></span> <span class='ocrx_word' id='word_1_69' title='bbox 1119 1548 1663 1612; x_wconf 88' lang='lat' dir='ltr'><strong>conservationem</strong></span> <span class='ocrx_word' id='word_1_70' title='bbox 1703 1549 1908 1610; x_wconf 89' lang='lat' dir='ltr'><strong>scien-</strong></span> 
     </span>
     <span class='ocr_line' id='line_1_13' title="bbox 408 1647 1908 1730; baseline 0 -22"><span class='ocrx_word' id='word_1_71' title='bbox 408 1647 532 1720; x_wconf 85' lang='lat' dir='ltr'><strong>tiae,</strong></span> <span class='ocrx_word' id='word_1_72' title='bbox 577 1655 747 1729; x_wconf 88' lang='lat' dir='ltr'><strong>patet</strong></span> <span class='ocrx_word' id='word_1_73' title='bbox 795 1649 963 1730; x_wconf 88' lang='lat' dir='ltr'><strong>quod</strong></span> <span class='ocrx_word' id='word_1_74' title='bbox 1013 1655 1157 1730; x_wconf 90' lang='lat' dir='ltr'><strong>post</strong></span> <span class='ocrx_word' id='word_1_75' title='bbox 1201 1647 1520 1728; x_wconf 88' lang='lat' dir='ltr'><strong>judicium</strong></span> <span class='ocrx_word' id='word_1_76' title='bbox 1569 1664 1822 1728; x_wconf 88' lang='lat' dir='ltr'><strong>quoque</strong></span> <span class='ocrx_word' id='word_1_77' title='bbox 1871 1665 1908 1708; x_wconf 90' lang='lat' dir='ltr'><strong>a</strong></span> 
     </span>
     <span class='ocr_line' id='line_1_14' title="bbox 409 1745 1908 1827; baseline 0.001 -21"><span class='ocrx_word' id='word_1_78' title='bbox 409 1745 848 1826; x_wconf 89' lang='lat' dir='ltr'><strong>superioribus</strong></span> <span class='ocrx_word' id='word_1_79' title='bbox 879 1745 1748 1827; x_wconf 87' lang='lat' dir='ltr'><strong>illuminabuntur,quamvis</strong></span> <span class='ocrx_word' id='word_1_80' title='bbox 1781 1762 1908 1807; x_wconf 90' lang='lat' dir='ltr'><strong>non</strong></span> 
     </span>
    </p>
   </div>
   <div class='ocr_carea' id='block_1_5' title="bbox 407 1840 3278 1925">
    <p class='ocr_par' dir='ltr' id='par_1_5' title="bbox 407 1840 3278 1925">
     <span class='ocr_line' id='line_1_15' title="bbox 407 1840 3278 1925; baseline 0 -21"><span class='ocrx_word' id='word_1_81' title='bbox 407 1840 749 1925; x_wconf 83' lang='lat' dir='ltr'><strong>proficient</strong></span> <span class='ocrx_word' id='word_1_82' title='bbox 792 1862 870 1904; x_wconf 86' lang='lat' dir='ltr'><strong>ex</strong></span> <span class='ocrx_word' id='word_1_83' title='bbox 916 1852 1117 1906; x_wconf 86' lang='lat' dir='ltr'><strong>tunc:</strong></span> <span class='ocrx_word' id='word_1_84' title='bbox 1151 1845 1317 1906; x_wconf 91' lang='lat' dir='ltr'><strong>sicut</strong></span> <span class='ocrx_word' id='word_1_85' title='bbox 1365 1852 1428 1906; x_wconf 89' lang='lat' dir='ltr'><strong>et</strong></span> <span class='ocrx_word' id='word_1_86' title='bbox 1478 1843 1766 1905; x_wconf 90' lang='lat' dir='ltr'><strong>homines</strong></span> <span class='ocrx_word' id='word_1_87' title='bbox 1815 1863 1910 1906; x_wconf 84' lang='lat' dir='ltr'><strong>sa-</strong></span> <span class='ocrx_word' id='word_1_88' title='bbox 1945 1841 2095 1905; x_wconf 91' lang='lat' dir='ltr'><strong>Bad</strong></span> <span class='ocrx_word' id='word_1_89' title='bbox 2146 1841 2337 1902; x_wconf 90' lang='lat' dir='ltr'><strong>aliud.</strong></span> <span class='ocrx_word' id='word_1_90' title='bbox 2388 1842 2457 1902; x_wconf 92' lang='lat' dir='ltr'><strong>In</strong></span> <span class='ocrx_word' id='word_1_91' title='bbox 2512 1860 2579 1903; x_wconf 91' lang='lat' dir='ltr'><strong>se</strong></span> <span class='ocrx_word' id='word_1_92' title='bbox 2627 1859 2881 1923; x_wconf 90' lang='lat' dir='ltr'><strong>quoque</strong></span> <span class='ocrx_word' id='word_1_93' title='bbox 2934 1841 3278 1923; x_wconf 78' lang='lat' dir='ltr'><strong>dupliciter</strong></span> 
     </span>
    </p>
   </div>
   <div class='ocr_carea' id='block_1_6' title="bbox 405 1941 1917 3000">
    <p class='ocr_par' dir='ltr' id='par_1_6' title="bbox 405 1941 1910 2202">
     <span class='ocr_line' id='line_1_16' title="bbox 409 1941 1910 2024; baseline 0.001 -22"><span class='ocrx_word' id='word_1_94' title='bbox 409 1941 606 2003; x_wconf 89' lang='lat' dir='ltr'><strong>lutem</strong></span> <span class='ocrx_word' id='word_1_95' title='bbox 661 1949 810 2004; x_wconf 90' lang='lat' dir='ltr'><strong>tunc</strong></span> <span class='ocrx_word' id='word_1_96' title='bbox 861 1942 1208 2015; x_wconf 83' lang='lat' dir='ltr'><strong>consecuti,</strong></span> <span class='ocrx_word' id='word_1_97' title='bbox 1261 1942 1541 2024; x_wconf 86' lang='lat' dir='ltr'><strong>aliquam</strong></span> <span class='ocrx_word' id='word_1_98' title='bbox 1591 1941 1910 2004; x_wconf 89' lang='lat' dir='ltr'><strong>illumina-</strong></span> 
     </span>
     <span class='ocr_line' id='line_1_17' title="bbox 405 2039 1905 2123; baseline 0 -22"><span class='ocrx_word' id='word_1_99' title='bbox 405 2040 647 2103; x_wconf 86' lang='lat' dir='ltr'><strong>tionem</strong></span> <span class='ocrx_word' id='word_1_100' title='bbox 706 2039 1031 2102; x_wconf 89' lang='lat' dir='ltr'><strong>habebunt</strong></span> <span class='ocrx_word' id='word_1_101' title='bbox 1085 2059 1200 2123; x_wconf 90' lang='lat' dir='ltr'><strong>per</strong></span> <span class='ocrx_word' id='word_1_102' title='bbox 1247 2040 1620 2121; x_wconf 87' lang='lat' dir='ltr'><strong>angelorum</strong></span> <span class='ocrx_word' id='word_1_103' title='bbox 1669 2039 1905 2103; x_wconf 89' lang='lat' dir='ltr'><strong>officia.</strong></span> 
     </span>
     <span class='ocr_line' id='line_1_18' title="bbox 409 2138 1305 2202; baseline 0 -3"><span class='ocrx_word' id='word_1_104' title='bbox 409 2139 554 2202; x_wconf 81' lang='lat' dir='ltr'><strong>Haec</strong></span> <span class='ocrx_word' id='word_1_105' title='bbox 597 2138 868 2202; x_wconf 86' lang='lat' dir='ltr'><strong>Thomas</strong></span> <span class='ocrx_word' id='word_1_106' title='bbox 915 2139 978 2201; x_wconf 92' lang='lat' dir='ltr'><strong>in</strong></span> <span class='ocrx_word' id='word_1_107' title='bbox 1023 2139 1305 2202; x_wconf 87' lang='lat' dir='ltr'><strong>Summa.</strong></span> 
     </span>
    </p>

    <p class='ocr_par' dir='ltr' id='par_1_7' title="bbox 411 2236 1917 3000">
     <span class='ocr_line' id='line_1_19' title="bbox 490 2236 1907 2319; baseline -0.001 -19"><span class='ocrx_word' id='word_1_108' title='bbox 490 2237 930 2300; x_wconf 90' lang='lat' dir='ltr'><strong>Bonaventura</strong></span> <span class='ocrx_word' id='word_1_109' title='bbox 989 2255 1242 2319; x_wconf 88' lang='lat' dir='ltr'><strong>quoque</strong></span> <span class='ocrx_word' id='word_1_110' title='bbox 1299 2254 1313 2298; x_wconf 91' lang='lat'>:</span> <span class='ocrx_word' id='word_1_111' title='bbox 1365 2236 1748 2318; x_wconf 88' lang='lat' dir='ltr'><strong>Tripliciter,</strong></span> <span class='ocrx_word' id='word_1_112' title='bbox 1798 2236 1907 2309; x_wconf 86' lang='lat' dir='ltr'><strong>ait,</strong></span> 
     </span>
     <span class='ocr_line' id='line_1_20' title="bbox 411 2334 1910 2417; baseline -0.001 -19"><span class='ocrx_word' id='word_1_113' title='bbox 411 2355 616 2398; x_wconf 90' lang='lat' dir='ltr'><strong>unum</strong></span> <span class='ocrx_word' id='word_1_114' title='bbox 645 2335 826 2398; x_wconf 89' lang='lat' dir='ltr'><strong>alteri</strong></span> <span class='ocrx_word' id='word_1_115' title='bbox 858 2335 1224 2417; x_wconf 81' lang='lat' dir='ltr'><strong>praefertur:</strong></span> <span class='ocrx_word' id='word_1_116' title='bbox 1247 2334 1476 2416; x_wconf 89' lang='lat' dir='ltr'><strong>primo,</strong></span> <span class='ocrx_word' id='word_1_117' title='bbox 1507 2351 1620 2416; x_wconf 90' lang='lat' dir='ltr'><strong>per</strong></span> <span class='ocrx_word' id='word_1_118' title='bbox 1651 2336 1910 2398; x_wconf 92' lang='lat' dir='ltr'><strong>modum</strong></span> 
     </span>
     <span class='ocr_line' id='line_1_21' title="bbox 411 2433 1916 2514; baseline -0.001 -18"><span class='ocrx_word' id='word_1_119' title='bbox 411 2435 776 2497; x_wconf 85' lang='lat' dir='ltr'><strong>excedentis</strong></span> <span class='ocrx_word' id='word_1_120' title='bbox 807 2442 1078 2507; x_wconf 88' lang='lat' dir='ltr'><strong>tantum,</strong></span> <span class='ocrx_word' id='word_1_121' title='bbox 1103 2440 1173 2495; x_wconf 94' lang='lat' dir='ltr'><strong>ut</strong></span> <span class='ocrx_word' id='word_1_122' title='bbox 1201 2452 1428 2495; x_wconf 88' lang='lat' dir='ltr'><strong>aurum</strong></span> <span class='ocrx_word' id='word_1_123' title='bbox 1463 2433 1797 2514; x_wconf 83' lang='lat' dir='ltr'><strong>praefertur</strong></span> <span class='ocrx_word' id='word_1_124' title='bbox 1826 2452 1916 2494; x_wconf 92' lang='lat' dir='ltr'><strong>ar-</strong></span> 
     </span>
     <span class='ocr_line' id='line_1_22' title="bbox 411 2532 1914 2616; baseline -0.001 -20"><span class='ocrx_word' id='word_1_125' title='bbox 411 2542 605 2616; x_wconf 86' lang='lat' dir='ltr'><strong>gento</strong></span> <span class='ocrx_word' id='word_1_126' title='bbox 630 2551 646 2612; x_wconf 93' lang='lat'>;</span> <span class='ocrx_word' id='word_1_127' title='bbox 676 2533 976 2606; x_wconf 92' lang='lat' dir='ltr'><strong>secundo,</strong></span> <span class='ocrx_word' id='word_1_128' title='bbox 1011 2551 1126 2615; x_wconf 90' lang='lat' dir='ltr'><strong>per</strong></span> <span class='ocrx_word' id='word_1_129' title='bbox 1157 2533 1418 2595; x_wconf 91' lang='lat' dir='ltr'><strong>modum</strong></span> <span class='ocrx_word' id='word_1_130' title='bbox 1461 2532 1822 2594; x_wconf 87' lang='lat' dir='ltr'><strong>excedentis</strong></span> <span class='ocrx_word' id='word_1_131' title='bbox 1851 2541 1914 2594; x_wconf 87' lang='lat' dir='ltr'><strong>et</strong></span> 
     </span>
     <span class='ocr_line' id='line_1_23' title="bbox 413 2630 1913 2712; baseline -0.001 -20"><span class='ocrx_word' id='word_1_132' title='bbox 413 2630 768 2705; x_wconf 83' lang='lat' dir='ltr'><strong>influentiS,</strong></span> <span class='ocrx_word' id='word_1_133' title='bbox 803 2639 872 2694; x_wconf 88' lang='lat' dir='ltr'><strong>ut</strong></span> <span class='ocrx_word' id='word_1_134' title='bbox 903 2631 1138 2694; x_wconf 89' lang='lat' dir='ltr'><strong>coelum</strong></span> <span class='ocrx_word' id='word_1_135' title='bbox 1168 2631 1535 2709; x_wconf 83' lang='lat' dir='ltr'><strong>elementis3</strong></span> <span class='ocrx_word' id='word_1_136' title='bbox 1568 2631 1774 2704; x_wconf 82' lang='lat' dir='ltr'><strong>tertie,</strong></span> <span class='ocrx_word' id='word_1_137' title='bbox 1800 2649 1913 2712; x_wconf 91' lang='lat' dir='ltr'><strong>per</strong></span> 
     </span>
     <span class='ocr_line' id='line_1_24' title="bbox 413 2729 1914 2812; baseline -0.001 -20"><span class='ocrx_word' id='word_1_138' title='bbox 413 2730 678 2792; x_wconf 88' lang='lat' dir='ltr'><strong>modum</strong></span> <span class='ocrx_word' id='word_1_139' title='bbox 722 2729 1116 2812; x_wconf 83' lang='lat' dir='ltr'><strong>imperantiS,</strong></span> <span class='ocrx_word' id='word_1_140' title='bbox 1151 2735 1222 2791; x_wconf 90' lang='lat' dir='ltr'><strong>ut</strong></span> <span class='ocrx_word' id='word_1_141' title='bbox 1261 2729 1560 2792; x_wconf 89' lang='lat' dir='ltr'><strong>dominus</strong></span> <span class='ocrx_word' id='word_1_142' title='bbox 1599 2747 1800 2792; x_wconf 91' lang='lat' dir='ltr'><strong>servo.</strong></span> <span class='ocrx_word' id='word_1_143' title='bbox 1840 2729 1914 2790; x_wconf 86' lang='lat' dir='ltr'><strong>Et</strong></span> 
     </span>
     <span class='ocr_line' id='line_1_25' title="bbox 411 2826 1912 2910; baseline 0 -20"><span class='ocrx_word' id='word_1_144' title='bbox 411 2829 491 2890; x_wconf 90' lang='lat' dir='ltr'><strong>ad</strong></span> <span class='ocrx_word' id='word_1_145' title='bbox 524 2828 952 2910; x_wconf 80' lang='lat' dir='ltr'><strong>praelationem</strong></span> <span class='ocrx_word' id='word_1_146' title='bbox 987 2826 1331 2910; x_wconf 83' lang='lat' dir='ltr'><strong>perfectam</strong></span> <span class='ocrx_word' id='word_1_147' title='bbox 1362 2836 1748 2890; x_wconf 88' lang='lat' dir='ltr'><strong>concurrunt</strong></span> <span class='ocrx_word' id='word_1_148' title='bbox 1777 2828 1912 2890; x_wconf 81' lang='lat' dir='ltr'><strong>haec</strong></span> 
     </span>
     <span class='ocr_line' id='line_1_26' title="bbox 411 2925 1917 3000; baseline 0.001 -14"><span class='ocrx_word' id='word_1_149' title='bbox 411 2926 558 3000; x_wconf 88' lang='lat' dir='ltr'><strong>tria,</strong></span> <span class='ocrx_word' id='word_1_150' title='bbox 589 2933 652 2988; x_wconf 91' lang='lat' dir='ltr'><strong>et</strong></span> <span class='ocrx_word' id='word_1_151' title='bbox 680 2925 746 2988; x_wconf 88' lang='lat' dir='ltr'><strong>in</strong></span> <span class='ocrx_word' id='word_1_152' title='bbox 778 2925 1018 2989; x_wconf 89' lang='lat' dir='ltr'><strong>coelesti</strong></span> <span class='ocrx_word' id='word_1_153' title='bbox 1052 2933 1201 2988; x_wconf 90' lang='lat' dir='ltr'><strong>sunt</strong></span> <span class='ocrx_word' id='word_1_154' title='bbox 1239 2925 1596 2988; x_wconf 87' lang='lat' dir='ltr'><strong>hierarchia</strong></span> <span class='ocrx_word' id='word_1_155' title='bbox 1629 2926 1794 2987; x_wconf 89' lang='lat' dir='ltr'><strong>inter</strong></span> <span class='ocrx_word' id='word_1_156' title='bbox 1824 2944 1917 2988; x_wconf 92' lang='lat' dir='ltr'><strong>or-</strong></span> 
     </span>
    </p>
   </div>
   <div class='ocr_carea' id='block_1_7' title="bbox 2015 757 3524 3004">
    <p class='ocr_par' dir='ltr' id='par_1_8' title="bbox 2015 757 3524 3004">
     <span class='ocr_line' id='line_1_27' title="bbox 2015 757 3511 841; baseline -0.001 -21"><span class='ocrx_word' id='word_1_157' title='bbox 2015 777 2140 840; x_wconf 89' lang='lat' dir='ltr'><strong>que</strong></span> <span class='ocrx_word' id='word_1_158' title='bbox 2174 777 2286 840; x_wconf 90' lang='lat' dir='ltr'><strong>per</strong></span> <span class='ocrx_word' id='word_1_159' title='bbox 2316 778 2383 820; x_wconf 92' lang='lat' dir='ltr'><strong>se</strong></span> <span class='ocrx_word' id='word_1_160' title='bbox 2422 766 2518 820; x_wconf 89' lang='lat' dir='ltr'><strong>est</strong></span> <span class='ocrx_word' id='word_1_161' title='bbox 2548 759 2613 820; x_wconf 89' lang='lat' dir='ltr'><strong>in</strong></span> <span class='ocrx_word' id='word_1_162' title='bbox 2654 759 2821 841; x_wconf 80' lang='lat' dir='ltr'><strong>pluS,</strong></span> <span class='ocrx_word' id='word_1_163' title='bbox 2856 766 3067 820; x_wconf 89' lang='lat' dir='ltr'><strong>tamen</strong></span> <span class='ocrx_word' id='word_1_164' title='bbox 3107 757 3300 820; x_wconf 88' lang='lat' dir='ltr'><strong>simul</strong></span> <span class='ocrx_word' id='word_1_165' title='bbox 3340 776 3511 818; x_wconf 92' lang='lat' dir='ltr'><strong>sum-</strong></span> 
     </span>
     <span class='ocr_line' id='line_1_28' title="bbox 2017 857 3515 938; baseline -0.002 -20"><span class='ocrx_word' id='word_1_166' title='bbox 2017 865 2162 938; x_wconf 85' lang='lat' dir='ltr'><strong>ptae,</strong></span> <span class='ocrx_word' id='word_1_167' title='bbox 2198 857 2463 919; x_wconf 90' lang='lat' dir='ltr'><strong>veniunt</strong></span> <span class='ocrx_word' id='word_1_168' title='bbox 2500 857 2577 919; x_wconf 87' lang='lat' dir='ltr'><strong>ad</strong></span> <span class='ocrx_word' id='word_1_169' title='bbox 2617 857 3067 938; x_wconf 80' lang='lat' dir='ltr'><strong>aequalitatem,</strong></span> <span class='ocrx_word' id='word_1_170' title='bbox 3102 874 3215 917; x_wconf 88' lang='lat' dir='ltr'><strong>seu</strong></span> <span class='ocrx_word' id='word_1_171' title='bbox 3255 872 3515 917; x_wconf 90' lang='lat' dir='ltr'><strong>conver-</strong></span> 
     </span>
     <span class='ocr_line' id='line_1_29' title="bbox 2016 951 3516 1016; baseline -0.001 -2"><span class='ocrx_word' id='word_1_172' title='bbox 2016 953 2231 1015; x_wconf 88' lang='lat' dir='ltr'><strong>tibiles</strong></span> <span class='ocrx_word' id='word_1_173' title='bbox 2263 961 2412 1015; x_wconf 87' lang='lat' dir='ltr'><strong>sunt</strong></span> <span class='ocrx_word' id='word_1_174' title='bbox 2443 972 2588 1016; x_wconf 89' lang='lat' dir='ltr'><strong>cum</strong></span> <span class='ocrx_word' id='word_1_175' title='bbox 2621 952 2890 1016; x_wconf 87' lang='lat' dir='ltr'><strong>definito</strong></span> <span class='ocrx_word' id='word_1_176' title='bbox 2916 971 2929 1014; x_wconf 75' lang='grc' dir='ltr'>ε</span> <span class='ocrx_word' id='word_1_177' title='bbox 2956 961 3019 1014; x_wconf 91' lang='lat' dir='ltr'><strong>et</strong></span> <span class='ocrx_word' id='word_1_178' title='bbox 3048 953 3191 1015; x_wconf 87' lang='lat' dir='ltr'><strong>talis</strong></span> <span class='ocrx_word' id='word_1_179' title='bbox 3221 951 3516 1014; x_wconf 77' lang='lat' dir='ltr'><strong>definitio</strong></span> 
     </span>
     <span class='ocr_line' id='line_1_30' title="bbox 2017 1049 3516 1126; baseline -0.001 -14"><span class='ocrx_word' id='word_1_180' title='bbox 2017 1051 2307 1114; x_wconf 86' lang='lat' dir='ltr'><strong>notificat</strong></span> <span class='ocrx_word' id='word_1_181' title='bbox 2354 1070 2493 1113; x_wconf 88' lang='lat' dir='ltr'><strong>esse</strong></span> <span class='ocrx_word' id='word_1_182' title='bbox 2541 1052 2633 1114; x_wconf 91' lang='lat' dir='ltr'><strong>rei</strong></span> <span class='ocrx_word' id='word_1_183' title='bbox 2681 1050 3119 1126; x_wconf 87' lang='lat' dir='ltr'><strong>substantiale,</strong></span> <span class='ocrx_word' id='word_1_184' title='bbox 3169 1049 3516 1112; x_wconf 91' lang='lat' dir='ltr'><strong>dummodo</strong></span> 
     </span>
     <span class='ocr_line' id='line_1_31' title="bbox 2016 1147 3515 1213; baseline -0.001 -3"><span class='ocrx_word' id='word_1_185' title='bbox 2016 1150 2145 1210; x_wconf 91' lang='lat' dir='ltr'><strong>sint</strong></span> <span class='ocrx_word' id='word_1_186' title='bbox 2192 1148 2573 1212; x_wconf 86' lang='lat' dir='ltr'><strong>differentiae</strong></span> <span class='ocrx_word' id='word_1_187' title='bbox 2620 1169 2785 1213; x_wconf 83' lang='lat' dir='ltr'><strong>verae</strong></span> <span class='ocrx_word' id='word_1_188' title='bbox 2832 1157 2895 1211; x_wconf 90' lang='lat' dir='ltr'><strong>et</strong></span> <span class='ocrx_word' id='word_1_189' title='bbox 2942 1149 3329 1212; x_wconf 80' lang='lat' dir='ltr'><strong>essentiales,</strong></span> <span class='ocrx_word' id='word_1_190' title='bbox 3376 1147 3515 1210; x_wconf 87' lang='lat' dir='ltr'><strong>Alia</strong></span> 
     </span>
     <span class='ocr_line' id='line_1_32' title="bbox 2015 1246 3513 1330; baseline -0.001 -20"><span class='ocrx_word' id='word_1_191' title='bbox 2015 1255 2113 1310; x_wconf 84' lang='lat' dir='ltr'><strong>est</strong></span> <span class='ocrx_word' id='word_1_192' title='bbox 2143 1247 2437 1311; x_wconf 86' lang='lat' dir='ltr'><strong>definitio</strong></span> <span class='ocrx_word' id='word_1_193' title='bbox 2467 1267 2591 1330; x_wconf 92' lang='lat' dir='ltr'><strong>qua</strong></span> <span class='ocrx_word' id='word_1_194' title='bbox 2622 1248 3063 1329; x_wconf 88' lang='lat' dir='ltr'><strong>cognoscimus</strong></span> <span class='ocrx_word' id='word_1_195' title='bbox 3094 1246 3513 1323; x_wconf 83' lang='lat' dir='ltr'><strong>substantiam</strong></span> 
     </span>
     <span class='ocr_line' id='line_1_33' title="bbox 2019 1345 3514 1429; baseline 0 -21"><span class='ocrx_word' id='word_1_196' title='bbox 2019 1365 2132 1427; x_wconf 89' lang='lat' dir='ltr'><strong>per</strong></span> <span class='ocrx_word' id='word_1_197' title='bbox 2161 1347 2498 1428; x_wconf 81' lang='lat' dir='ltr'><strong>potentiaS,</strong></span> <span class='ocrx_word' id='word_1_198' title='bbox 2520 1352 2707 1428; x_wconf 88' lang='lat' dir='ltr'><strong>atque</strong></span> <span class='ocrx_word' id='word_1_199' title='bbox 2738 1347 3051 1428; x_wconf 86' lang='lat' dir='ltr'><strong>potentias</strong></span> <span class='ocrx_word' id='word_1_200' title='bbox 3081 1365 3195 1429; x_wconf 90' lang='lat' dir='ltr'><strong>per</strong></span> <span class='ocrx_word' id='word_1_201' title='bbox 3223 1345 3514 1428; x_wconf 89' lang='lat' dir='ltr'><strong>proprios</strong></span> 
     </span>
     <span class='ocr_line' id='line_1_34' title="bbox 2017 1444 3511 1524; baseline 0.001 -18"><span class='ocrx_word' id='word_1_202' title='bbox 2017 1452 2196 1506; x_wconf 89' lang='lat' dir='ltr'><strong>actus</strong></span> <span class='ocrx_word' id='word_1_203' title='bbox 2231 1462 2245 1507; x_wconf 90' lang='lat'>:</span> <span class='ocrx_word' id='word_1_204' title='bbox 2278 1453 2341 1507; x_wconf 90' lang='lat' dir='ltr'><strong>et</strong></span> <span class='ocrx_word' id='word_1_205' title='bbox 2392 1445 2511 1507; x_wconf 85' lang='lat' dir='ltr'><strong>ista</strong></span> <span class='ocrx_word' id='word_1_206' title='bbox 2554 1444 2842 1509; x_wconf 89' lang='lat' dir='ltr'><strong>notificat</strong></span> <span class='ocrx_word' id='word_1_207' title='bbox 2884 1445 3153 1509; x_wconf 89' lang='lat' dir='ltr'><strong>virtuale</strong></span> <span class='ocrx_word' id='word_1_208' title='bbox 3199 1445 3289 1507; x_wconf 91' lang='lat' dir='ltr'><strong>rei</strong></span> <span class='ocrx_word' id='word_1_209' title='bbox 3330 1461 3511 1524; x_wconf 86' lang='lat' dir='ltr'><strong>esse3</strong></span> 
     </span>
     <span class='ocr_line' id='line_1_35' title="bbox 2018 1543 3515 1627; baseline 0.002 -23"><span class='ocrx_word' id='word_1_210' title='bbox 2018 1543 2291 1626; x_wconf 87' lang='lat' dir='ltr'><strong>talisque</strong></span> <span class='ocrx_word' id='word_1_211' title='bbox 2321 1552 2417 1607; x_wconf 86' lang='lat' dir='ltr'><strong>est</strong></span> <span class='ocrx_word' id='word_1_212' title='bbox 2446 1544 2707 1627; x_wconf 85' lang='lat' dir='ltr'><strong>praefata</strong></span> <span class='ocrx_word' id='word_1_213' title='bbox 2745 1545 3036 1608; x_wconf 88' lang='lat' dir='ltr'><strong>definitio</strong></span> <span class='ocrx_word' id='word_1_214' title='bbox 3068 1543 3294 1626; x_wconf 88' lang='lat' dir='ltr'><strong>angeli.</strong></span> <span class='ocrx_word' id='word_1_215' title='bbox 3329 1544 3515 1607; x_wconf 89' lang='lat' dir='ltr'><strong>Deni-</strong></span> 
     </span>
     <span class='ocr_line' id='line_1_36' title="bbox 2021 1642 3514 1725; baseline 0.001 -21"><span class='ocrx_word' id='word_1_216' title='bbox 2021 1661 2146 1724; x_wconf 89' lang='lat' dir='ltr'><strong>que</strong></span> <span class='ocrx_word' id='word_1_217' title='bbox 2195 1642 2401 1724; x_wconf 88' lang='lat' dir='ltr'><strong>quoad</strong></span> <span class='ocrx_word' id='word_1_218' title='bbox 2450 1643 2571 1706; x_wconf 92' lang='lat' dir='ltr'><strong>hoc</strong></span> <span class='ocrx_word' id='word_1_219' title='bbox 2625 1650 2832 1725; x_wconf 89' lang='lat' dir='ltr'><strong>potest</strong></span> <span class='ocrx_word' id='word_1_220' title='bbox 2883 1644 3145 1724; x_wconf 89' lang='lat' dir='ltr'><strong>angelus</strong></span> <span class='ocrx_word' id='word_1_221' title='bbox 3196 1642 3514 1705; x_wconf 86' lang='lat' dir='ltr'><strong>notificari</strong></span> 
     </span>
     <span class='ocr_line' id='line_1_37' title="bbox 2020 1741 3517 1824; baseline 0.001 -21"><span class='ocrx_word' id='word_1_222' title='bbox 2020 1741 2383 1823; x_wconf 88' lang='lat' dir='ltr'><strong>dupliciter,</strong></span> <span class='ocrx_word' id='word_1_223' title='bbox 2418 1749 2592 1824; x_wconf 89' lang='lat' dir='ltr'><strong>puta,</strong></span> <span class='ocrx_word' id='word_1_224' title='bbox 2630 1743 2693 1804; x_wconf 90' lang='lat' dir='ltr'><strong>in</strong></span> <span class='ocrx_word' id='word_1_225' title='bbox 2734 1762 2823 1816; x_wconf 92' lang='lat' dir='ltr'><strong>se,</strong></span> <span class='ocrx_word' id='word_1_226' title='bbox 2855 1751 2918 1805; x_wconf 89' lang='lat' dir='ltr'><strong>et</strong></span> <span class='ocrx_word' id='word_1_227' title='bbox 2951 1743 3014 1804; x_wconf 92' lang='lat' dir='ltr'><strong>in</strong></span> <span class='ocrx_word' id='word_1_228' title='bbox 3047 1743 3517 1824; x_wconf 88' lang='lat' dir='ltr'><strong>comparatione</strong></span> 
     </span>
     <span class='ocr_line' id='line_1_38' title="bbox 3329 1842 3519 1923; baseline 0 -19"><span class='ocrx_word' id='word_1_229' title='bbox 3329 1859 3342 1904; x_wconf 92' lang='lat'><strong>:</strong></span> <span class='ocrx_word' id='word_1_230' title='bbox 3395 1842 3519 1923; x_wconf 91' lang='lat' dir='ltr'><strong>pri-</strong></span> 
     </span>
     <span class='ocr_line' id='line_1_39' title="bbox 2022 1939 3519 2023; baseline 0.001 -22"><span class='ocrx_word' id='word_1_231' title='bbox 2022 1957 2149 2012; x_wconf 89' lang='lat' dir='ltr'><strong>mo,</strong></span> <span class='ocrx_word' id='word_1_232' title='bbox 2184 1940 2534 2002; x_wconf 90' lang='lat' dir='ltr'><strong>secundum</strong></span> <span class='ocrx_word' id='word_1_233' title='bbox 2566 1939 2903 2003; x_wconf 88' lang='lat' dir='ltr'><strong>virtualem</strong></span> <span class='ocrx_word' id='word_1_234' title='bbox 2936 1940 3285 2023; x_wconf 89' lang='lat' dir='ltr'><strong>potentiam</strong></span> <span class='ocrx_word' id='word_1_235' title='bbox 3326 1960 3519 2022; x_wconf 90' lang='lat' dir='ltr'><strong>quam</strong></span> 
     </span>
     <span class='ocr_line' id='line_1_40' title="bbox 2019 2035 3515 2119; baseline 0.001 -21"><span class='ocrx_word' id='word_1_236' title='bbox 2019 2035 2213 2098; x_wconf 89' lang='lat' dir='ltr'><strong>habet</strong></span> <span class='ocrx_word' id='word_1_237' title='bbox 2267 2038 2344 2099; x_wconf 89' lang='lat' dir='ltr'><strong>ad</strong></span> <span class='ocrx_word' id='word_1_238' title='bbox 2403 2038 2935 2118; x_wconf 85' lang='lat' dir='ltr'><strong>cognoscendum,</strong></span> <span class='ocrx_word' id='word_1_239' title='bbox 2986 2037 3206 2119; x_wconf 88' lang='lat' dir='ltr'><strong>sicque</strong></span> <span class='ocrx_word' id='word_1_240' title='bbox 3257 2037 3515 2113; x_wconf 83' lang='lat' dir='ltr'><strong>dicitur,</strong></span> 
     </span>
     <span class='ocr_line' id='line_1_41' title="bbox 2024 2134 3519 2216; baseline 0.005 -24"><span class='ocrx_word' id='word_1_241' title='bbox 2024 2134 2443 2198; x_wconf 81' lang='lat' dir='ltr'><strong>«substantia</strong></span> <span class='ocrx_word' id='word_1_242' title='bbox 2490 2136 2936 2201; x_wconf 90' lang='lat' dir='ltr'><strong>intellectualis</strong></span> <span class='ocrx_word' id='word_1_243' title='bbox 2968 2155 3040 2216; x_wconf 83' lang='lat'><strong>»3</strong></span> <span class='ocrx_word' id='word_1_244' title='bbox 3091 2137 3391 2213; x_wconf 88' lang='lat' dir='ltr'><strong>secundo,</strong></span> <span class='ocrx_word' id='word_1_245' title='bbox 3439 2139 3519 2200; x_wconf 92' lang='lat' dir='ltr'><strong>ad</strong></span> 
     </span>
     <span class='ocr_line' id='line_1_42' title="bbox 2025 2234 3521 2318; baseline 0.001 -22"><span class='ocrx_word' id='word_1_246' title='bbox 2025 2234 2409 2297; x_wconf 88' lang='lat' dir='ltr'><strong>movendum</strong></span> <span class='ocrx_word' id='word_1_247' title='bbox 2448 2253 2461 2296; x_wconf 93' lang='lat'><strong>:</strong></span> <span class='ocrx_word' id='word_1_248' title='bbox 2495 2242 2558 2298; x_wconf 89' lang='lat' dir='ltr'><strong>et</strong></span> <span class='ocrx_word' id='word_1_249' title='bbox 2587 2235 2705 2298; x_wconf 90' lang='lat' dir='ltr'><strong>hoc</strong></span> <span class='ocrx_word' id='word_1_250' title='bbox 2746 2255 2965 2298; x_wconf 88' lang='lat' dir='ltr'><strong>rursus</strong></span> <span class='ocrx_word' id='word_1_251' title='bbox 2998 2237 3359 2318; x_wconf 89' lang='lat' dir='ltr'><strong>dupliciter.</strong></span> <span class='ocrx_word' id='word_1_252' title='bbox 3394 2237 3521 2298; x_wconf 90' lang='lat' dir='ltr'><strong>Pri-</strong></span> 
     </span>
     <span class='ocr_line' id='line_1_43' title="bbox 2025 2335 3518 2415; baseline 0.003 -20"><span class='ocrx_word' id='word_1_253' title='bbox 2025 2351 2148 2404; x_wconf 93' lang='lat' dir='ltr'><strong>mo,</strong></span> <span class='ocrx_word' id='word_1_254' title='bbox 2184 2341 2495 2415; x_wconf 84' lang='lat' dir='ltr'><strong>quantum</strong></span> <span class='ocrx_word' id='word_1_255' title='bbox 2534 2335 2612 2397; x_wconf 93' lang='lat' dir='ltr'><strong>ad</strong></span> <span class='ocrx_word' id='word_1_256' title='bbox 2657 2335 3087 2398; x_wconf 91' lang='lat' dir='ltr'><strong>conditionem</strong></span> <span class='ocrx_word' id='word_1_257' title='bbox 3139 2336 3283 2411; x_wconf 92' lang='lat' dir='ltr'><strong>loci,</strong></span> <span class='ocrx_word' id='word_1_258' title='bbox 3326 2345 3389 2398; x_wconf 88' lang='lat' dir='ltr'><strong>et</strong></span> <span class='ocrx_word' id='word_1_259' title='bbox 3425 2337 3518 2399; x_wconf 93' lang='lat' dir='ltr'><strong>sic</strong></span> 
     </span>
     <span class='ocr_line' id='line_1_44' title="bbox 2022 2430 3522 2517; baseline 0.003 -25"><span class='ocrx_word' id='word_1_260' title='bbox 2022 2430 2277 2506; x_wconf 83' lang='lat' dir='ltr'><strong>dicitur,</strong></span> <span class='ocrx_word' id='word_1_261' title='bbox 2300 2454 2334 2491; x_wconf 86' lang='lat'>«</span> <span class='ocrx_word' id='word_1_262' title='bbox 2359 2451 2612 2514; x_wconf 88' lang='lat' dir='ltr'><strong>semper</strong></span> <span class='ocrx_word' id='word_1_263' title='bbox 2642 2433 2897 2495; x_wconf 90' lang='lat' dir='ltr'><strong>mobilis</strong></span> <span class='ocrx_word' id='word_1_264' title='bbox 2919 2456 2953 2493; x_wconf 86' lang='grc'>»</span> <span class='ocrx_word' id='word_1_265' title='bbox 2973 2452 2989 2512; x_wconf 88' lang='grc'>;</span> <span class='ocrx_word' id='word_1_266' title='bbox 3011 2436 3311 2510; x_wconf 90' lang='lat' dir='ltr'><strong>secundo,</strong></span> <span class='ocrx_word' id='word_1_267' title='bbox 3327 2454 3522 2517; x_wconf 88' lang='lat' dir='ltr'><strong>quan-</strong></span> 
     </span>
     <span class='ocr_line' id='line_1_45' title="bbox 2027 2530 3521 2615; baseline 0.005 -26"><span class='ocrx_word' id='word_1_268' title='bbox 2027 2536 2164 2590; x_wconf 90' lang='lat' dir='ltr'><strong>tum</strong></span> <span class='ocrx_word' id='word_1_269' title='bbox 2211 2530 2288 2591; x_wconf 92' lang='lat' dir='ltr'><strong>ad</strong></span> <span class='ocrx_word' id='word_1_270' title='bbox 2338 2531 2767 2593; x_wconf 90' lang='lat' dir='ltr'><strong>conditionem</strong></span> <span class='ocrx_word' id='word_1_271' title='bbox 2813 2530 3251 2608; x_wconf 85' lang='lat' dir='ltr'><strong>affectionum,</strong></span> <span class='ocrx_word' id='word_1_272' title='bbox 3301 2533 3521 2615; x_wconf 90' lang='lat' dir='ltr'><strong>sicque</strong></span> 
     </span>
     <span class='ocr_line' id='line_1_46' title="bbox 2025 2626 3521 2710; baseline 0.003 -22"><span class='ocrx_word' id='word_1_273' title='bbox 2025 2626 2300 2701; x_wconf 88' lang='lat' dir='ltr'><strong>additur,</strong></span> <span class='ocrx_word' id='word_1_274' title='bbox 2345 2650 2379 2686; x_wconf 72' lang='lat' dir='ltr'><strong>c&lt;</strong></span> <span class='ocrx_word' id='word_1_275' title='bbox 2426 2627 2691 2690; x_wconf 84' lang='lat' dir='ltr'><strong>arbitrio</strong></span> <span class='ocrx_word' id='word_1_276' title='bbox 2742 2628 2941 2691; x_wconf 88' lang='lat' dir='ltr'><strong>libera</strong></span> <span class='ocrx_word' id='word_1_277' title='bbox 2979 2653 3012 2689; x_wconf 69' lang='lat'><strong>2&gt;</strong></span> <span class='ocrx_word' id='word_1_278' title='bbox 3038 2647 3055 2710; x_wconf 90' lang='lat'>;</span> <span class='ocrx_word' id='word_1_279' title='bbox 3106 2639 3169 2692; x_wconf 91' lang='lat' dir='ltr'><strong>et</strong></span> <span class='ocrx_word' id='word_1_280' title='bbox 3215 2631 3391 2704; x_wconf 89' lang='lat' dir='ltr'><strong>item,</strong></span> <span class='ocrx_word' id='word_1_281' title='bbox 3443 2632 3521 2693; x_wconf 91' lang='lat' dir='ltr'><strong>ad</strong></span> 
     </span>
     <span class='ocr_line' id='line_1_47' title="bbox 2026 2723 3519 2809; baseline 0.003 -23"><span class='ocrx_word' id='word_1_282' title='bbox 2026 2723 2484 2806; x_wconf 87' lang='lat' dir='ltr'><strong>perfectionem</strong></span> <span class='ocrx_word' id='word_1_283' title='bbox 2546 2745 2749 2800; x_wconf 91' lang='lat' dir='ltr'><strong>suam,</strong></span> <span class='ocrx_word' id='word_1_284' title='bbox 2801 2726 3045 2790; x_wconf 88' lang='lat' dir='ltr'><strong>scilicet</strong></span> <span class='ocrx_word' id='word_1_285' title='bbox 3094 2728 3172 2790; x_wconf 92' lang='lat' dir='ltr'><strong>ad</strong></span> <span class='ocrx_word' id='word_1_286' title='bbox 3228 2729 3519 2809; x_wconf 89' lang='lat' dir='ltr'><strong>gratiam,</strong></span> 
     </span>
     <span class='ocr_line' id='line_1_48' title="bbox 2027 2822 3524 2905; baseline 0.004 -21"><span class='ocrx_word' id='word_1_287' title='bbox 2027 2822 2177 2885; x_wconf 90' lang='lat' dir='ltr'><strong>hinc</strong></span> <span class='ocrx_word' id='word_1_288' title='bbox 2208 2823 2522 2897; x_wconf 88' lang='lat' dir='ltr'><strong>subditur,</strong></span> <span class='ocrx_word' id='word_1_289' title='bbox 2548 2847 2582 2883; x_wconf 90' lang='lat'>«</span> <span class='ocrx_word' id='word_1_290' title='bbox 2600 2825 2824 2905; x_wconf 88' lang='lat' dir='ltr'><strong>gratia,</strong></span> <span class='ocrx_word' id='word_1_291' title='bbox 2848 2843 2975 2887; x_wconf 90' lang='lat' dir='ltr'><strong>non</strong></span> <span class='ocrx_word' id='word_1_292' title='bbox 3006 2834 3249 2902; x_wconf 86' lang='lat' dir='ltr'><strong>natura,</strong></span> <span class='ocrx_word' id='word_1_293' title='bbox 3268 2827 3524 2890; x_wconf 89' lang='lat' dir='ltr'><strong>immor-</strong></span> 
     </span>
     <span class='ocr_line' id='line_1_49' title="bbox 2025 2921 3520 3004; baseline 0.004 -22"><span class='ocrx_word' id='word_1_294' title='bbox 2025 2921 2332 2984; x_wconf 86' lang='lat' dir='ltr'><strong>talitatem</strong></span> <span class='ocrx_word' id='word_1_295' title='bbox 2383 2923 2739 3004; x_wconf 91' lang='lat' dir='ltr'><strong>suscipiens</strong></span> <span class='ocrx_word' id='word_1_296' title='bbox 2787 2941 2860 3002; x_wconf 82' lang='lat'><strong>»3</strong></span> <span class='ocrx_word' id='word_1_297' title='bbox 2910 2930 2970 2985; x_wconf 88' lang='lat' dir='ltr'><strong>et</strong></span> <span class='ocrx_word' id='word_1_298' title='bbox 3020 2924 3098 2986; x_wconf 89' lang='lat' dir='ltr'><strong>ad</strong></span> <span class='ocrx_word' id='word_1_299' title='bbox 3145 2926 3520 2989; x_wconf 87' lang='lat' dir='ltr'><strong>exercitium</strong></span> 
     </span>
    </p>
   </div>
   <div class='ocr_carea' id='block_1_8' title="bbox 412 3020 3515 3106">
    <p class='ocr_par' dir='ltr' id='par_1_9' title="bbox 412 3020 3515 3106">
     <span class='ocr_line' id='line_1_50' title="bbox 412 3020 3515 3106; baseline 0 -20"><span class='ocrx_word' id='word_1_300' title='bbox 412 3024 620 3096; x_wconf 79' lang='lat' dir='ltr'><strong>dineS,</strong></span> <span class='ocrx_word' id='word_1_301' title='bbox 653 3043 853 3105; x_wconf 90' lang='lat' dir='ltr'><strong>quum</strong></span> <span class='ocrx_word' id='word_1_302' title='bbox 900 3024 1056 3086; x_wconf 93' lang='lat' dir='ltr'><strong>ordo</strong></span> <span class='ocrx_word' id='word_1_303' title='bbox 1105 3024 1395 3106; x_wconf 87' lang='lat' dir='ltr'><strong>superior</strong></span> <span class='ocrx_word' id='word_1_304' title='bbox 1437 3023 1520 3085; x_wconf 92' lang='lat' dir='ltr'><strong>sit</strong></span> <span class='ocrx_word' id='word_1_305' title='bbox 1561 3023 1811 3104; x_wconf 88' lang='lat' dir='ltr'><strong>dignior</strong></span> <span class='ocrx_word' id='word_1_306' title='bbox 1852 3033 1915 3087; x_wconf 90' lang='lat' dir='ltr'><strong>et</strong></span> <span class='ocrx_word' id='word_1_307' title='bbox 1951 3025 1997 3091; x_wconf 86' lang='lat' dir='ltr'>G</span> <span class='ocrx_word' id='word_1_308' title='bbox 2026 3039 2237 3093; x_wconf 90' lang='lat' dir='ltr'><strong>suum,</strong></span> <span class='ocrx_word' id='word_1_309' title='bbox 2260 3020 2429 3082; x_wconf 89' lang='lat' dir='ltr'><strong>unde</strong></span> <span class='ocrx_word' id='word_1_310' title='bbox 2458 3020 2848 3101; x_wconf 84' lang='lat' dir='ltr'><strong>adjungitur,</strong></span> <span class='ocrx_word' id='word_1_311' title='bbox 2870 3021 3053 3084; x_wconf 88' lang='lat' dir='ltr'><strong>«Deo</strong></span> <span class='ocrx_word' id='word_1_312' title='bbox 3082 3022 3515 3087; x_wconf 81' lang='lat' dir='ltr'><strong>ministrans».</strong></span> 
     </span>
    </p>
   </div>
   <div class='ocr_carea' id='block_1_9' title="bbox 413 3119 1920 3887">
    <p class='ocr_par' dir='ltr' id='par_1_10' title="bbox 413 3119 1920 3887">
     <span class='ocr_line' id='line_1_51' title="bbox 415 3119 1909 3204; baseline 0.002 -23"><span class='ocrx_word' id='word_1_313' title='bbox 415 3119 698 3182; x_wconf 89' lang='lat' dir='ltr'><strong>influens</strong></span> <span class='ocrx_word' id='word_1_314' title='bbox 726 3129 915 3203; x_wconf 88' lang='lat' dir='ltr'><strong>atque</strong></span> <span class='ocrx_word' id='word_1_315' title='bbox 946 3121 1322 3204; x_wconf 66' lang='lat' dir='ltr'><strong>praecipiens</strong></span> <span class='ocrx_word' id='word_1_316' title='bbox 1353 3121 1560 3184; x_wconf 90' lang='lat' dir='ltr'><strong>ordini</strong></span> <span class='ocrx_word' id='word_1_317' title='bbox 1602 3121 1909 3185; x_wconf 88' lang='lat' dir='ltr'><strong>inferiori.</strong></span> 
     </span>
     <span class='ocr_line' id='line_1_52' title="bbox 413 3217 1914 3301; baseline 0.001 -21"><span class='ocrx_word' id='word_1_318' title='bbox 413 3217 493 3280; x_wconf 86' lang='lat' dir='ltr'><strong>Et</strong></span> <span class='ocrx_word' id='word_1_319' title='bbox 523 3226 832 3300; x_wconf 85' lang='lat' dir='ltr'><strong>quantum</strong></span> <span class='ocrx_word' id='word_1_320' title='bbox 860 3220 938 3282; x_wconf 90' lang='lat' dir='ltr'><strong>ad</strong></span> <span class='ocrx_word' id='word_1_321' title='bbox 969 3220 1250 3301; x_wconf 90' lang='lat' dir='ltr'><strong>primum</strong></span> <span class='ocrx_word' id='word_1_322' title='bbox 1282 3221 1509 3282; x_wconf 90' lang='lat' dir='ltr'><strong>horum</strong></span> <span class='ocrx_word' id='word_1_323' title='bbox 1542 3220 1760 3293; x_wconf 89' lang='lat' dir='ltr'><strong>trium,</strong></span> <span class='ocrx_word' id='word_1_324' title='bbox 1787 3239 1914 3282; x_wconf 90' lang='lat' dir='ltr'><strong>non</strong></span> 
     </span>
     <span class='ocr_line' id='line_1_53' title="bbox 416 3316 1909 3400; baseline 0.001 -20"><span class='ocrx_word' id='word_1_325' title='bbox 416 3316 691 3380; x_wconf 91' lang='lat' dir='ltr'><strong>cessabit</strong></span> <span class='ocrx_word' id='word_1_326' title='bbox 735 3317 1017 3400; x_wconf 84' lang='lat' dir='ltr'><strong>praelatio</strong></span> <span class='ocrx_word' id='word_1_327' title='bbox 1064 3317 1433 3399; x_wconf 90' lang='lat' dir='ltr'><strong>angelorum</strong></span> <span class='ocrx_word' id='word_1_328' title='bbox 1483 3319 1561 3380; x_wconf 91' lang='lat' dir='ltr'><strong>ad</strong></span> <span class='ocrx_word' id='word_1_329' title='bbox 1611 3319 1909 3393; x_wconf 87' lang='lat' dir='ltr'><strong>invicem,</strong></span> 
     </span>
     <span class='ocr_line' id='line_1_54' title="bbox 418 3416 1913 3498; baseline 0.002 -21"><span class='ocrx_word' id='word_1_330' title='bbox 418 3434 620 3498; x_wconf 89' lang='lat' dir='ltr'><strong>quum</strong></span> <span class='ocrx_word' id='word_1_331' title='bbox 661 3435 828 3477; x_wconf 89' lang='lat' dir='ltr'><strong>unus</strong></span> <span class='ocrx_word' id='word_1_332' title='bbox 871 3434 1321 3496; x_wconf 89' lang='lat' dir='ltr'><strong>permansurus</strong></span> <span class='ocrx_word' id='word_1_333' title='bbox 1363 3416 1445 3478; x_wconf 92' lang='lat' dir='ltr'><strong>sit</strong></span> <span class='ocrx_word' id='word_1_334' title='bbox 1472 3417 1597 3479; x_wconf 91' lang='lat' dir='ltr'><strong>alio</strong></span> <span class='ocrx_word' id='word_1_335' title='bbox 1629 3418 1913 3480; x_wconf 90' lang='lat' dir='ltr'><strong>eminen-</strong></span> 
     </span>
     <span class='ocr_line' id='line_1_55' title="bbox 415 3512 1914 3594; baseline 0.001 -18"><span class='ocrx_word' id='word_1_336' title='bbox 415 3512 543 3576; x_wconf 90' lang='lat' dir='ltr'><strong>tior</strong></span> <span class='ocrx_word' id='word_1_337' title='bbox 601 3513 666 3574; x_wconf 91' lang='lat' dir='ltr'><strong>in</strong></span> <span class='ocrx_word' id='word_1_338' title='bbox 725 3513 1118 3574; x_wconf 89' lang='lat' dir='ltr'><strong>naturalibus</strong></span> <span class='ocrx_word' id='word_1_339' title='bbox 1177 3521 1366 3594; x_wconf 89' lang='lat' dir='ltr'><strong>atque</strong></span> <span class='ocrx_word' id='word_1_340' title='bbox 1424 3514 1752 3594; x_wconf 87' lang='lat' dir='ltr'><strong>gratuitis;</strong></span> <span class='ocrx_word' id='word_1_341' title='bbox 1803 3516 1914 3578; x_wconf 91' lang='lat' dir='ltr'><strong>sed</strong></span> 
     </span>
     <span class='ocr_line' id='line_1_56' title="bbox 417 3610 1916 3695; baseline 0.001 -22"><span class='ocrx_word' id='word_1_342' title='bbox 417 3618 729 3694; x_wconf 89' lang='lat' dir='ltr'><strong>quantum</strong></span> <span class='ocrx_word' id='word_1_343' title='bbox 775 3610 853 3672; x_wconf 98' lang='lat' dir='ltr'><strong>ad</strong></span> <span class='ocrx_word' id='word_1_344' title='bbox 901 3610 1026 3672; x_wconf 93' lang='lat' dir='ltr'><strong>alia</strong></span> <span class='ocrx_word' id='word_1_345' title='bbox 1072 3611 1218 3687; x_wconf 83' lang='lat' dir='ltr'><strong>duc,</strong></span> <span class='ocrx_word' id='word_1_346' title='bbox 1252 3611 1664 3673; x_wconf 87' lang='lat' dir='ltr'><strong>evacuabitur</strong></span> <span class='ocrx_word' id='word_1_347' title='bbox 1707 3629 1722 3674; x_wconf 74' lang='grc' dir='ltr'><em>τ</em></span> <span class='ocrx_word' id='word_1_348' title='bbox 1764 3613 1916 3695; x_wconf 89' lang='lat' dir='ltr'><strong>quia</strong></span> 
     </span>
     <span class='ocr_line' id='line_1_57' title="bbox 417 3708 1920 3790; baseline 0 -17"><span class='ocrx_word' id='word_1_349' title='bbox 417 3728 546 3773; x_wconf 89' lang='lat' dir='ltr'><strong>non</strong></span> <span class='ocrx_word' id='word_1_350' title='bbox 577 3708 699 3772; x_wconf 89' lang='lat' dir='ltr'><strong>erit</strong></span> <span class='ocrx_word' id='word_1_351' title='bbox 730 3708 1065 3771; x_wconf 87' lang='lat' dir='ltr'><strong>influentia</strong></span> <span class='ocrx_word' id='word_1_352' title='bbox 1097 3725 1258 3770; x_wconf 89' lang='lat' dir='ltr'><strong>nova</strong></span> <span class='ocrx_word' id='word_1_353' title='bbox 1287 3709 1634 3790; x_wconf 87' lang='lat' dir='ltr'><strong>superioris</strong></span> <span class='ocrx_word' id='word_1_354' title='bbox 1667 3710 1732 3772; x_wconf 89' lang='lat' dir='ltr'><strong>in</strong></span> <span class='ocrx_word' id='word_1_355' title='bbox 1765 3711 1920 3773; x_wconf 90' lang='lat' dir='ltr'><strong>infe—</strong></span> 
     </span>
     <span class='ocr_line' id='line_1_58' title="bbox 415 3806 1751 3887; baseline -0.001 -16"><span class='ocrx_word' id='word_1_356' title='bbox 415 3809 638 3882; x_wconf 78' lang='lat' dir='ltr'><strong>rioreS,</strong></span> <span class='ocrx_word' id='word_1_357' title='bbox 687 3825 804 3870; x_wconf 88' lang='lat' dir='ltr'><strong>nec</strong></span> <span class='ocrx_word' id='word_1_358' title='bbox 845 3806 1066 3887; x_wconf 85' lang='lat' dir='ltr'><strong>jussio.</strong></span> <span class='ocrx_word' id='word_1_359' title='bbox 1110 3807 1252 3870; x_wconf 85' lang='lat' dir='ltr'><strong>Haec</strong></span> <span class='ocrx_word' id='word_1_360' title='bbox 1295 3807 1751 3870; x_wconf 88' lang='lat' dir='ltr'><strong>Bonaventura.</strong></span> 
     </span>
    </p>
   </div>
   <div class='ocr_carea' id='block_1_10' title="bbox 803 4131 1536 4207">
    <p class='ocr_par' dir='ltr' id='par_1_11' title="bbox 803 4131 1536 4207">
     <span class='ocr_line' id='line_1_59' title="bbox 803 4131 1536 4207; baseline 0 -11"><span class='ocrx_word' id='word_1_361' title='bbox 803 4131 1276 4207; x_wconf 85' lang='lat' dir='ltr'><strong>QUAESTIO</strong></span> <span class='ocrx_word' id='word_1_362' title='bbox 1336 4132 1536 4197; x_wconf 91' lang='lat' dir='ltr'><strong>VIII</strong></span> 
     </span>
    </p>
   </div>
   <div class='ocr_carea' id='block_1_11' title="bbox 419 4396 1924 5366">
    <p class='ocr_par' dir='ltr' id='par_1_12' title="bbox 549 4396 1920 4578">
     <span class='ocr_line' id='line_1_60' title="bbox 549 4396 1920 4479; baseline 0 -18"><span class='ocrx_word' id='word_1_363' title='bbox 549 4396 837 4461; x_wconf 91' lang='lat' dir='ltr'><strong>Ostremo</strong></span> <span class='ocrx_word' id='word_1_364' title='bbox 867 4415 982 4479; x_wconf 93' lang='lat' dir='ltr'><strong>pro</strong></span> <span class='ocrx_word' id='word_1_365' title='bbox 1024 4396 1272 4460; x_wconf 88' lang='lat' dir='ltr'><strong>clariori</strong></span> <span class='ocrx_word' id='word_1_366' title='bbox 1304 4396 1531 4460; x_wconf 90' lang='lat' dir='ltr'><strong>horum</strong></span> <span class='ocrx_word' id='word_1_367' title='bbox 1567 4397 1920 4479; x_wconf 87' lang='lat' dir='ltr'><strong>intelligen-</strong></span> 
     </span>
     <span class='ocr_line' id='line_1_61' title="bbox 563 4495 1788 4578; baseline 0.004 -20"><span class='ocrx_word' id='word_1_368' title='bbox 563 4496 654 4558; x_wconf 90' lang='lat' dir='ltr'><strong>tia</strong></span> <span class='ocrx_word' id='word_1_369' title='bbox 692 4495 1018 4578; x_wconf 83' lang='lat' dir='ltr'><strong>quaeritur,</strong></span> <span class='ocrx_word' id='word_1_370' title='bbox 1052 4497 1256 4575; x_wconf 75' lang='lat' dir='ltr'><strong>Qum</strong></span> <span class='ocrx_word' id='word_1_371' title='bbox 1293 4498 1404 4562; x_wconf 79' lang='lat' dir='ltr'><strong>s1t</strong></span> <span class='ocrx_word' id='word_1_372' title='bbox 1435 4498 1788 4575; x_wconf 76' lang='lat' dir='ltr'><strong>angelus,</strong></span> 
     </span>
    </p>

    <p class='ocr_par' dir='ltr' id='par_1_13' title="bbox 419 4593 1924 5366">
     <span class='ocr_line' id='line_1_62' title="bbox 498 4593 1917 4675; baseline 0 -19"><span class='ocrx_word' id='word_1_373' title='bbox 498 4594 592 4656; x_wconf 88' lang='lat' dir='ltr'><strong>Ad</strong></span> <span class='ocrx_word' id='word_1_374' title='bbox 643 4594 812 4675; x_wconf 93' lang='lat' dir='ltr'><strong>quod</strong></span> <span class='ocrx_word' id='word_1_375' title='bbox 859 4593 1210 4656; x_wconf 85' lang='lat' dir='ltr'><strong>Alexander</strong></span> <span class='ocrx_word' id='word_1_376' title='bbox 1257 4594 1596 4675; x_wconf 88' lang='lat' dir='ltr'><strong>respondet</strong></span> <span class='ocrx_word' id='word_1_377' title='bbox 1640 4611 1654 4656; x_wconf 90' lang='lat'>:</span> <span class='ocrx_word' id='word_1_378' title='bbox 1698 4594 1917 4656; x_wconf 90' lang='lat' dir='ltr'><strong>Dama-</strong></span> 
     </span>
     <span class='ocr_line' id='line_1_63' title="bbox 419 4691 1914 4774; baseline 0 -20"><span class='ocrx_word' id='word_1_379' title='bbox 419 4711 649 4754; x_wconf 89' lang='lat' dir='ltr'><strong>scenus</strong></span> <span class='ocrx_word' id='word_1_380' title='bbox 681 4691 845 4755; x_wconf 89' lang='lat' dir='ltr'><strong>libro</strong></span> <span class='ocrx_word' id='word_1_381' title='bbox 874 4691 1153 4754; x_wconf 91' lang='lat' dir='ltr'><strong>secundo</strong></span> <span class='ocrx_word' id='word_1_382' title='bbox 1189 4691 1420 4754; x_wconf 88' lang='lat' dir='ltr'><strong>definit</strong></span> <span class='ocrx_word' id='word_1_383' title='bbox 1457 4693 1548 4755; x_wconf 88' lang='lat' dir='ltr'><strong>sic</strong></span> <span class='ocrx_word' id='word_1_384' title='bbox 1578 4693 1873 4774; x_wconf 88' lang='lat' dir='ltr'><strong>angelum</strong></span> <span class='ocrx_word' id='word_1_385' title='bbox 1901 4710 1914 4754; x_wconf 92' lang='lat'><strong>:</strong></span> 
     </span>
     <span class='ocr_line' id='line_1_64' title="bbox 420 4789 1922 4872; baseline 0.001 -20"><span class='ocrx_word' id='word_1_386' title='bbox 420 4789 697 4872; x_wconf 86' lang='lat' dir='ltr'><strong>Angelus</strong></span> <span class='ocrx_word' id='word_1_387' title='bbox 729 4797 824 4852; x_wconf 90' lang='lat' dir='ltr'><strong>est</strong></span> <span class='ocrx_word' id='word_1_388' title='bbox 855 4789 1209 4852; x_wconf 88' lang='lat' dir='ltr'><strong>substantia</strong></span> <span class='ocrx_word' id='word_1_389' title='bbox 1249 4789 1642 4872; x_wconf 83' lang='lat' dir='ltr'><strong>incorporea,</strong></span> <span class='ocrx_word' id='word_1_390' title='bbox 1679 4790 1922 4853; x_wconf 88' lang='lat' dir='ltr'><strong>intelle-</strong></span> 
     </span>
     <span class='ocr_line' id='line_1_65' title="bbox 420 4886 1924 4970; baseline 0.001 -20"><span class='ocrx_word' id='word_1_391' title='bbox 420 4888 670 4962; x_wconf 87' lang='lat' dir='ltr'><strong>ctualis,</strong></span> <span class='ocrx_word' id='word_1_392' title='bbox 695 4906 950 4970; x_wconf 88' lang='lat' dir='ltr'><strong>semper</strong></span> <span class='ocrx_word' id='word_1_393' title='bbox 979 4886 1251 4960; x_wconf 82' lang='lat' dir='ltr'><strong>mobiliS,</strong></span> <span class='ocrx_word' id='word_1_394' title='bbox 1266 4886 1530 4951; x_wconf 89' lang='lat' dir='ltr'><strong>arbitrio</strong></span> <span class='ocrx_word' id='word_1_395' title='bbox 1562 4887 1777 4962; x_wconf 89' lang='lat' dir='ltr'><strong>libera,</strong></span> <span class='ocrx_word' id='word_1_396' title='bbox 1797 4889 1924 4952; x_wconf 92' lang='lat' dir='ltr'><strong>Deo</strong></span> 
     </span>
     <span class='ocr_line' id='line_1_66' title="bbox 422 4986 1921 5068; baseline 0.001 -19"><span class='ocrx_word' id='word_1_397' title='bbox 422 4988 814 5061; x_wconf 61' lang='lat' dir='ltr'><strong>ministrans»,</strong></span> <span class='ocrx_word' id='word_1_398' title='bbox 847 4986 1067 5068; x_wconf 87' lang='lat' dir='ltr'><strong>gratia,</strong></span> <span class='ocrx_word' id='word_1_399' title='bbox 1100 5003 1228 5048; x_wconf 91' lang='lat' dir='ltr'><strong>non</strong></span> <span class='ocrx_word' id='word_1_400' title='bbox 1268 4994 1512 5062; x_wconf 87' lang='lat' dir='ltr'><strong>natura,</strong></span> <span class='ocrx_word' id='word_1_401' title='bbox 1549 4986 1921 5050; x_wconf 85' lang='lat' dir='ltr'><strong>immortali-</strong></span> 
     </span>
     <span class='ocr_line' id='line_1_67' title="bbox 421 5085 1921 5168; baseline 0.001 -20"><span class='ocrx_word' id='word_1_402' title='bbox 421 5095 614 5150; x_wconf 88' lang='lat' dir='ltr'><strong>tatem</strong></span> <span class='ocrx_word' id='word_1_403' title='bbox 664 5085 1043 5168; x_wconf 89' lang='lat' dir='ltr'><strong>suscipiens.</strong></span> <span class='ocrx_word' id='word_1_404' title='bbox 1076 5119 1158 5131; x_wconf 92' lang='lat'>—</span> <span class='ocrx_word' id='word_1_405' title='bbox 1195 5085 1311 5148; x_wconf 89' lang='lat' dir='ltr'><strong>Pro</strong></span> <span class='ocrx_word' id='word_1_406' title='bbox 1360 5085 1544 5165; x_wconf 89' lang='lat' dir='ltr'><strong>cujus</strong></span> <span class='ocrx_word' id='word_1_407' title='bbox 1595 5085 1921 5149; x_wconf 90' lang='lat' dir='ltr'><strong>intellectu</strong></span> 
     </span>
     <span class='ocr_line' id='line_1_68' title="bbox 421 5183 1924 5268; baseline -0.001 -21"><span class='ocrx_word' id='word_1_408' title='bbox 421 5186 780 5259; x_wconf 90' lang='lat' dir='ltr'><strong>sciendum,</strong></span> <span class='ocrx_word' id='word_1_409' title='bbox 823 5184 992 5268; x_wconf 93' lang='lat' dir='ltr'><strong>quod</strong></span> <span class='ocrx_word' id='word_1_410' title='bbox 1036 5183 1270 5266; x_wconf 86' lang='lat' dir='ltr'><strong>duplex</strong></span> <span class='ocrx_word' id='word_1_411' title='bbox 1310 5191 1406 5246; x_wconf 87' lang='lat' dir='ltr'><strong>est</strong></span> <span class='ocrx_word' id='word_1_412' title='bbox 1445 5183 1755 5247; x_wconf 89' lang='lat' dir='ltr'><strong>definitio.</strong></span> <span class='ocrx_word' id='word_1_413' title='bbox 1791 5185 1924 5248; x_wconf 91' lang='lat' dir='ltr'><strong>Una</strong></span> 
     </span>
     <span class='ocr_line' id='line_1_69' title="bbox 427 5282 1922 5366; baseline 0 -19"><span class='ocrx_word' id='word_1_414' title='bbox 427 5303 506 5348; x_wconf 87' lang='lat' dir='ltr'><strong>ex</strong></span> <span class='ocrx_word' id='word_1_415' title='bbox 552 5303 781 5366; x_wconf 87' lang='lat' dir='ltr'><strong>genere</strong></span> <span class='ocrx_word' id='word_1_416' title='bbox 829 5293 893 5346; x_wconf 89' lang='lat' dir='ltr'><strong>et</strong></span> <span class='ocrx_word' id='word_1_417' title='bbox 939 5283 1304 5348; x_wconf 88' lang='lat' dir='ltr'><strong>differentia</strong></span> <span class='ocrx_word' id='word_1_418' title='bbox 1352 5282 1774 5358; x_wconf 89' lang='lat' dir='ltr'><strong>convertibili,</strong></span> <span class='ocrx_word' id='word_1_419' title='bbox 1821 5284 1922 5347; x_wconf 90' lang='lat' dir='ltr'><strong>vel</strong></span> 
     </span>
    </p>
   </div>
   <div class='ocr_carea' id='block_1_12' title="bbox 677 5417 856 5467">
    <p class='ocr_par' dir='ltr' id='par_1_14' title="bbox 677 5417 856 5467">
     <span class='ocr_line' id='line_1_70' title="bbox 677 5417 856 5467; baseline -0.011 0"><span class='ocrx_word' id='word_1_420' title='bbox 677 5417 740 5467; x_wconf 88' lang='lat' dir='ltr'><strong>T.</strong></span> <span class='ocrx_word' id='word_1_421' title='bbox 777 5417 856 5467; x_wconf 75' lang='lat'><strong>21.</strong></span> 
     </span>
    </p>
   </div>
   <div class='ocr_carea' id='block_1_13' title="bbox 2025 3117 3520 3200">
    <p class='ocr_par' dir='ltr' id='par_1_15' title="bbox 2025 3117 3520 3200">
     <span class='ocr_line' id='line_1_71' title="bbox 2025 3117 3520 3200; baseline 0.003 -22"><span class='ocrx_word' id='word_1_422' title='bbox 2025 3117 2305 3190; x_wconf 85' lang='lat' dir='ltr'><strong>Qualiter</strong></span> <span class='ocrx_word' id='word_1_423' title='bbox 2350 3125 2562 3180; x_wconf 89' lang='lat' dir='ltr'><strong>autem</strong></span> <span class='ocrx_word' id='word_1_424' title='bbox 2616 3119 2949 3181; x_wconf 88' lang='lat' dir='ltr'><strong>conveniat</strong></span> <span class='ocrx_word' id='word_1_425' title='bbox 3002 3119 3225 3200; x_wconf 85' lang='lat' dir='ltr'><strong>angelo</strong></span> <span class='ocrx_word' id='word_1_426' title='bbox 3273 3120 3520 3184; x_wconf 88' lang='lat' dir='ltr'><strong>mobili-</strong></span> 
     </span>
    </p>
   </div>
   <div class='ocr_carea' id='block_1_14' title="bbox 2027 3215 3808 3397">
    <p class='ocr_par' dir='ltr' id='par_1_16' title="bbox 2027 3215 3808 3397">
     <span class='ocr_line' id='line_1_72' title="bbox 2027 3215 3808 3298; baseline -0.001 -22"><span class='ocrx_word' id='word_1_427' title='bbox 2027 3223 2140 3290; x_wconf 81' lang='lat' dir='ltr'><strong>taS‚</strong></span> <span class='ocrx_word' id='word_1_428' title='bbox 2184 3215 2428 3278; x_wconf 90' lang='lat' dir='ltr'><strong>dictum</strong></span> <span class='ocrx_word' id='word_1_429' title='bbox 2474 3224 2570 3278; x_wconf 90' lang='lat' dir='ltr'><strong>est</strong></span> <span class='ocrx_word' id='word_1_430' title='bbox 2619 3235 2828 3298; x_wconf 92' lang='lat' dir='ltr'><strong>supra.</strong></span> <span class='ocrx_word' id='word_1_431' title='bbox 2866 3253 2947 3262; x_wconf 91' lang='lat'>—</span> <span class='ocrx_word' id='word_1_432' title='bbox 2982 3216 3212 3280; x_wconf 83' lang='lat' dir='ltr'><strong>Differt</strong></span> <span class='ocrx_word' id='word_1_433' title='bbox 3257 3219 3517 3281; x_wconf 90' lang='lat' dir='ltr'><strong>demum</strong></span> <span class='ocrx_word' id='word_1_434' title='bbox 3598 3255 3641 3296; x_wconf 73' lang='lat' dir='ltr'><strong>p,</strong></span> <span class='ocrx_word' id='word_1_435' title='bbox 3674 3237 3808 3284; x_wconf 70' lang='lat' dir='ltr'><strong>mn</strong></span> 
     </span>
     <span class='ocr_line' id='line_1_73' title="bbox 2027 3310 3648 3397; baseline 0.001 -22"><span class='ocrx_word' id='word_1_436' title='bbox 2027 3313 2370 3395; x_wconf 87' lang='lat' dir='ltr'><strong>descriptio</strong></span> <span class='ocrx_word' id='word_1_437' title='bbox 2411 3314 2546 3375; x_wconf 85' lang='lat' dir='ltr'><strong>haec</strong></span> <span class='ocrx_word' id='word_1_438' title='bbox 2594 3313 2800 3394; x_wconf 86' lang='lat' dir='ltr'><strong>angeli</strong></span> <span class='ocrx_word' id='word_1_439' title='bbox 2846 3333 2883 3376; x_wconf 94' lang='lat' dir='ltr'><strong>a</strong></span> <span class='ocrx_word' id='word_1_440' title='bbox 2922 3315 3347 3397; x_wconf 89' lang='lat' dir='ltr'><strong>descriptione</strong></span> <span class='ocrx_word' id='word_1_441' title='bbox 3388 3317 3519 3378; x_wconf 89' lang='lat' dir='ltr'><strong>ani·</strong></span> <span class='ocrx_word' id='word_1_442' title='bbox 3544 3310 3648 3348; x_wconf 71' lang='lat'><strong>⁰²⁸·</strong></span> 
     </span>
    </p>
   </div>
   <div class='ocr_carea' id='block_1_15' title="bbox 2026 3411 3532 4180">
    <p class='ocr_par' dir='ltr' id='par_1_17' title="bbox 2026 3411 3532 4180">
     <span class='ocr_line' id='line_1_74' title="bbox 2029 3411 3521 3494; baseline 0.002 -20"><span class='ocrx_word' id='word_1_443' title='bbox 2029 3431 2148 3474; x_wconf 82' lang='lat' dir='ltr'>111ae</span> <span class='ocrx_word' id='word_1_444' title='bbox 2197 3411 2541 3482; x_wconf 84' lang='lat' dir='ltr'><strong>rationaliS‚</strong></span> <span class='ocrx_word' id='word_1_445' title='bbox 2578 3411 2643 3472; x_wconf 88' lang='lat' dir='ltr'><strong>in</strong></span> <span class='ocrx_word' id='word_1_446' title='bbox 2692 3430 2768 3474; x_wconf 91' lang='lat' dir='ltr'><strong>eo</strong></span> <span class='ocrx_word' id='word_1_447' title='bbox 2815 3412 2984 3494; x_wconf 93' lang='lat' dir='ltr'><strong>quod</strong></span> <span class='ocrx_word' id='word_1_448' title='bbox 3032 3414 3264 3476; x_wconf 90' lang='lat' dir='ltr'><strong>dicitur</strong></span> <span class='ocrx_word' id='word_1_449' title='bbox 3294 3436 3328 3474; x_wconf 88' lang='lat'>«</span> <span class='ocrx_word' id='word_1_450' title='bbox 3358 3414 3521 3477; x_wconf 88' lang='lat' dir='ltr'><strong>arbi-</strong></span> 
     </span>
     <span class='ocr_line' id='line_1_75' title="bbox 2027 3507 3522 3588; baseline 0.003 -17"><span class='ocrx_word' id='word_1_451' title='bbox 2027 3509 2149 3572; x_wconf 91' lang='lat' dir='ltr'><strong>trio</strong></span> <span class='ocrx_word' id='word_1_452' title='bbox 2181 3530 2238 3581; x_wconf 85' lang='lat'><strong>›&gt;,</strong></span> <span class='ocrx_word' id='word_1_453' title='bbox 2271 3507 2335 3588; x_wconf 62' lang='lat' dir='ltr'><strong>ffl</strong></span> <span class='ocrx_word' id='word_1_454' title='bbox 2366 3516 2460 3570; x_wconf 89' lang='lat' dir='ltr'><strong>est</strong></span> <span class='ocrx_word' id='word_1_455' title='bbox 2487 3508 2753 3588; x_wconf 84' lang='lat' dir='ltr'><strong>judicie,</strong></span> <span class='ocrx_word' id='word_1_456' title='bbox 2789 3532 2823 3570; x_wconf 87' lang='lat'>«</span> <span class='ocrx_word' id='word_1_457' title='bbox 2854 3509 3056 3572; x_wconf 87' lang='lat' dir='ltr'><strong>libera</strong></span> <span class='ocrx_word' id='word_1_458' title='bbox 3085 3533 3142 3585; x_wconf 87' lang='lat'><strong>»,</strong></span> <span class='ocrx_word' id='word_1_459' title='bbox 3171 3513 3522 3575; x_wconf 89' lang='lat' dir='ltr'><strong>secundum</strong></span> 
     </span>
     <span class='ocr_line' id='line_1_76' title="bbox 2029 3605 3525 3690; baseline 0.003 -21"><span class='ocrx_word' id='word_1_460' title='bbox 2029 3607 2199 3690; x_wconf 91' lang='lat' dir='ltr'><strong>quod</strong></span> <span class='ocrx_word' id='word_1_461' title='bbox 2236 3605 2468 3688; x_wconf 91' lang='lat' dir='ltr'><strong>aliquis</strong></span> <span class='ocrx_word' id='word_1_462' title='bbox 2507 3615 2715 3688; x_wconf 89' lang='lat' dir='ltr'><strong>potest</strong></span> <span class='ocrx_word' id='word_1_463' title='bbox 2756 3609 2991 3689; x_wconf 87' lang='lat' dir='ltr'><strong>eligere</strong></span> <span class='ocrx_word' id='word_1_464' title='bbox 3035 3608 3235 3672; x_wconf 91' lang='lat' dir='ltr'><strong>libere</strong></span> <span class='ocrx_word' id='word_1_465' title='bbox 3284 3609 3525 3674; x_wconf 88' lang='lat' dir='ltr'><strong>bonum</strong></span> 
     </span>
     <span class='ocr_line' id='line_1_77' title="bbox 2027 3704 3530 3778; baseline 0.003 -10"><span class='ocrx_word' id='word_1_466' title='bbox 2027 3724 2139 3768; x_wconf 87' lang='lat' dir='ltr'><strong>seu</strong></span> <span class='ocrx_word' id='word_1_467' title='bbox 2172 3704 2427 3767; x_wconf 89' lang='lat' dir='ltr'><strong>malum.</strong></span> <span class='ocrx_word' id='word_1_468' title='bbox 2444 3704 2619 3778; x_wconf 84' lang='lat' dir='ltr'><strong>Quod</strong></span> <span class='ocrx_word' id='word_1_469' title='bbox 2650 3706 3073 3769; x_wconf 89' lang='lat' dir='ltr'><strong>diversimode</strong></span> <span class='ocrx_word' id='word_1_470' title='bbox 3104 3710 3401 3772; x_wconf 87' lang='lat' dir='ltr'><strong>convenit</strong></span> <span class='ocrx_word' id='word_1_471' title='bbox 3428 3729 3530 3772; x_wconf 90' lang='lat' dir='ltr'><strong>an-</strong></span> 
     </span>
     <span class='ocr_line' id='line_1_78' title="bbox 2026 3803 3530 3890; baseline 0.003 -24"><span class='ocrx_word' id='word_1_472' title='bbox 2026 3804 2168 3886; x_wconf 88' lang='lat' dir='ltr'><strong>gelo</strong></span> <span class='ocrx_word' id='word_1_473' title='bbox 2207 3812 2271 3866; x_wconf 89' lang='lat' dir='ltr'><strong>ct</strong></span> <span class='ocrx_word' id='word_1_474' title='bbox 2309 3803 2538 3868; x_wconf 82' lang='lat' dir='ltr'><strong>animae</strong></span> <span class='ocrx_word' id='word_1_475' title='bbox 2572 3822 2585 3866; x_wconf 92' lang='lat'><strong>:</strong></span> <span class='ocrx_word' id='word_1_476' title='bbox 2620 3805 2771 3886; x_wconf 92' lang='lat' dir='ltr'><strong>quia</strong></span> <span class='ocrx_word' id='word_1_477' title='bbox 2800 3805 2937 3868; x_wconf 90' lang='lat' dir='ltr'><strong>sine</strong></span> <span class='ocrx_word' id='word_1_478' title='bbox 2978 3805 3310 3869; x_wconf 85' lang='lat' dir='ltr'><strong>collatione</strong></span> <span class='ocrx_word' id='word_1_479' title='bbox 3340 3815 3530 3890; x_wconf 87' lang='lat' dir='ltr'><strong>atque</strong></span> 
     </span>
     <span class='ocr_line' id='line_1_79' title="bbox 2028 3902 3531 3988; baseline 0.003 -24"><span class='ocrx_word' id='word_1_480' title='bbox 2028 3903 2323 3964; x_wconf 85' lang='lat' dir='ltr'><strong>discursu</strong></span> <span class='ocrx_word' id='word_1_481' title='bbox 2362 3902 2667 3984; x_wconf 89' lang='lat' dir='ltr'><strong>competit</strong></span> <span class='ocrx_word' id='word_1_482' title='bbox 2708 3902 2953 3984; x_wconf 84' lang='lat' dir='ltr'><strong>angelo,</strong></span> <span class='ocrx_word' id='word_1_483' title='bbox 2988 3903 3097 3985; x_wconf 92' lang='lat' dir='ltr'><strong>qui</strong></span> <span class='ocrx_word' id='word_1_484' title='bbox 3140 3906 3395 3988; x_wconf 90' lang='lat' dir='ltr'><strong>proprie</strong></span> <span class='ocrx_word' id='word_1_485' title='bbox 3439 3906 3531 3968; x_wconf 91' lang='lat' dir='ltr'><strong>in-</strong></span> 
     </span>
     <span class='ocr_line' id='line_1_80' title="bbox 2028 3999 3532 4080; baseline 0.003 -19"><span class='ocrx_word' id='word_1_486' title='bbox 2028 3999 2407 4062; x_wconf 88' lang='lat' dir='ltr'><strong>tellectualis</strong></span> <span class='ocrx_word' id='word_1_487' title='bbox 2438 4008 2735 4080; x_wconf 83' lang='lat' dir='ltr'><strong>vocatur3</strong></span> <span class='ocrx_word' id='word_1_488' title='bbox 2767 4008 2830 4062; x_wconf 87' lang='lat' dir='ltr'><strong>et</strong></span> <span class='ocrx_word' id='word_1_489' title='bbox 2857 4000 3087 4064; x_wconf 83' lang='lat' dir='ltr'><strong>animae</strong></span> <span class='ocrx_word' id='word_1_490' title='bbox 3117 4021 3263 4063; x_wconf 91' lang='lat' dir='ltr'><strong>cum</strong></span> <span class='ocrx_word' id='word_1_491' title='bbox 3296 4003 3532 4066; x_wconf 87' lang='lat' dir='ltr'><strong>discur-</strong></span> 
     </span>
     <span class='ocr_line' id='line_1_81' title="bbox 2029 4098 3522 4180; baseline 0.003 -19"><span class='ocrx_word' id='word_1_492' title='bbox 2029 4118 2125 4173; x_wconf 93' lang='lat' dir='ltr'><strong>su,</strong></span> <span class='ocrx_word' id='word_1_493' title='bbox 2178 4118 2319 4180; x_wconf 78' lang='lat' dir='ltr'><strong>quae</strong></span> <span class='ocrx_word' id='word_1_494' title='bbox 2368 4098 2608 4161; x_wconf 90' lang='lat' dir='ltr'><strong>idcirco</strong></span> <span class='ocrx_word' id='word_1_495' title='bbox 2663 4099 2988 4161; x_wconf 90' lang='lat' dir='ltr'><strong>rationalis</strong></span> <span class='ocrx_word' id='word_1_496' title='bbox 3038 4100 3155 4162; x_wconf 90' lang='lat' dir='ltr'><strong>rite</strong></span> <span class='ocrx_word' id='word_1_497' title='bbox 3201 4101 3522 4168; x_wconf 89' lang='lat' dir='ltr'><strong>asseritur.</strong></span> 
     </span>
    </p>
   </div>
   <div class='ocr_carea' id='block_1_16' title="bbox 1945 4197 3527 4280">
    <p class='ocr_par' dir='ltr' id='par_1_18' title="bbox 1945 4197 3527 4280">
     <span class='ocr_line' id='line_1_82' title="bbox 1945 4197 3527 4280; baseline 0.003 -20"><span class='ocrx_word' id='word_1_498' title='bbox 1945 4203 1998 4266; x_wconf 91' lang='lat' dir='ltr'>D</span> <span class='ocrx_word' id='word_1_499' title='bbox 2029 4198 2149 4260; x_wconf 90' lang='lat' dir='ltr'><strong>Sed</strong></span> <span class='ocrx_word' id='word_1_500' title='bbox 2181 4205 2244 4259; x_wconf 92' lang='lat' dir='ltr'><strong>et</strong></span> <span class='ocrx_word' id='word_1_501' title='bbox 2272 4216 2411 4260; x_wconf 88' lang='lat' dir='ltr'><strong>esse</strong></span> <span class='ocrx_word' id='word_1_502' title='bbox 2450 4197 2873 4259; x_wconf 88' lang='lat' dir='ltr'><strong>substantiam</strong></span> <span class='ocrx_word' id='word_1_503' title='bbox 2915 4197 3351 4280; x_wconf 87' lang='lat' dir='ltr'><strong>incorpoream</strong></span> <span class='ocrx_word' id='word_1_504' title='bbox 3384 4219 3527 4265; x_wconf 89' lang='lat' dir='ltr'><strong>con-</strong></span> 
     </span>
    </p>
   </div>
   <div class='ocr_carea' id='block_1_17' title="bbox 2028 4294 3531 5367">
    <p class='ocr_par' dir='ltr' id='par_1_19' title="bbox 2028 4294 3531 5367">
     <span class='ocr_line' id='line_1_83' title="bbox 2029 4294 3520 4381; baseline 0.003 -22"><span class='ocrx_word' id='word_1_505' title='bbox 2029 4296 2205 4359; x_wconf 88' lang='lat' dir='ltr'><strong>venit</strong></span> <span class='ocrx_word' id='word_1_506' title='bbox 2232 4296 2454 4376; x_wconf 88' lang='lat' dir='ltr'><strong>angelo</strong></span> <span class='ocrx_word' id='word_1_507' title='bbox 2485 4294 2741 4379; x_wconf 89' lang='lat' dir='ltr'><strong>proprie</strong></span> <span class='ocrx_word' id='word_1_508' title='bbox 2782 4296 2982 4378; x_wconf 84' lang='lat' dir='ltr'><strong>magis</strong></span> <span class='ocrx_word' id='word_1_509' title='bbox 3023 4316 3214 4381; x_wconf 89' lang='lat' dir='ltr'><strong>quam</strong></span> <span class='ocrx_word' id='word_1_510' title='bbox 3243 4300 3471 4364; x_wconf 71' lang='lat' dir='ltr'><strong>animae</strong></span> <span class='ocrx_word' id='word_1_511' title='bbox 3505 4317 3520 4364; x_wconf 76' lang='grc' dir='ltr'><em>τ</em></span> 
     </span>
     <span class='ocr_line' id='line_1_84' title="bbox 2028 4395 3524 4480; baseline 0.004 -24"><span class='ocrx_word' id='word_1_512' title='bbox 2028 4415 2170 4477; x_wconf 81' lang='lat' dir='ltr'><strong>quae</strong></span> <span class='ocrx_word' id='word_1_513' title='bbox 2202 4395 2493 4477; x_wconf 88' lang='lat' dir='ltr'><strong>quamvis</strong></span> <span class='ocrx_word' id='word_1_514' title='bbox 2524 4395 2591 4456; x_wconf 92' lang='lat' dir='ltr'><strong>in</strong></span> <span class='ocrx_word' id='word_1_515' title='bbox 2622 4413 2689 4457; x_wconf 90' lang='lat' dir='ltr'><strong>se</strong></span> <span class='ocrx_word' id='word_1_516' title='bbox 2728 4395 3101 4478; x_wconf 86' lang='lat' dir='ltr'><strong>incorporea</strong></span> <span class='ocrx_word' id='word_1_517' title='bbox 3138 4397 3240 4472; x_wconf 86' lang='lat' dir='ltr'><strong>sit,</strong></span> <span class='ocrx_word' id='word_1_518' title='bbox 3274 4399 3524 4480; x_wconf 89' lang='lat' dir='ltr'><strong>corpori</strong></span> 
     </span>
     <span class='ocr_line' id='line_1_85' title="bbox 2029 4494 3525 4574; baseline 0.003 -18"><span class='ocrx_word' id='word_1_519' title='bbox 2029 4501 2243 4556; x_wconf 86' lang='lat' dir='ltr'><strong>tamen</strong></span> <span class='ocrx_word' id='word_1_520' title='bbox 2284 4494 2522 4568; x_wconf 88' lang='lat' dir='ltr'><strong>unitur,</strong></span> <span class='ocrx_word' id='word_1_521' title='bbox 2556 4511 2683 4556; x_wconf 90' lang='lat' dir='ltr'><strong>non</strong></span> <span class='ocrx_word' id='word_1_522' title='bbox 2722 4494 3005 4574; x_wconf 84' lang='lat' dir='ltr'><strong>angeluS,</strong></span> <span class='ocrx_word' id='word_1_523' title='bbox 3042 4495 3121 4556; x_wconf 97' lang='lat' dir='ltr'><strong>ad</strong></span> <span class='ocrx_word' id='word_1_524' title='bbox 3160 4495 3525 4560; x_wconf 90' lang='lat' dir='ltr'><strong>faciendum</strong></span> 
     </span>
     <span class='ocr_line' id='line_1_86' title="bbox 2030 4593 3525 4676; baseline 0.003 -22"><span class='ocrx_word' id='word_1_525' title='bbox 2030 4612 2231 4656; x_wconf 89' lang='lat' dir='ltr'><strong>unum</strong></span> <span class='ocrx_word' id='word_1_526' title='bbox 2272 4593 2715 4675; x_wconf 89' lang='lat' dir='ltr'><strong>compositum.</strong></span> <span class='ocrx_word' id='word_1_527' title='bbox 2752 4593 2996 4655; x_wconf 89' lang='lat' dir='ltr'><strong>Dicitur</strong></span> <span class='ocrx_word' id='word_1_528' title='bbox 3033 4595 3223 4656; x_wconf 88' lang='lat' dir='ltr'><strong>etiam</strong></span> <span class='ocrx_word' id='word_1_529' title='bbox 3264 4597 3525 4676; x_wconf 85' lang='lat' dir='ltr'><strong>angelus</strong></span> 
     </span>
     <span class='ocr_line' id='line_1_87' title="bbox 2032 4692 3528 4773; baseline 0.004 -23"><span class='ocrx_word' id='word_1_530' title='bbox 2032 4692 2316 4773; x_wconf 77' lang='lat' dir='ltr'><strong>«gratia,</strong></span> <span class='ocrx_word' id='word_1_531' title='bbox 2348 4710 2475 4755; x_wconf 89' lang='lat' dir='ltr'><strong>non</strong></span> <span class='ocrx_word' id='word_1_532' title='bbox 2518 4701 2762 4766; x_wconf 90' lang='lat' dir='ltr'><strong>natura,</strong></span> <span class='ocrx_word' id='word_1_533' title='bbox 2808 4692 3348 4756; x_wconf 86' lang='lat' dir='ltr'><strong>immortalitatem</strong></span> <span class='ocrx_word' id='word_1_534' title='bbox 3396 4715 3528 4756; x_wconf 92' lang='lat' dir='ltr'><strong>sus—</strong></span> 
     </span>
     <span class='ocr_line' id='line_1_88' title="bbox 2029 4790 3528 4875; baseline 0.002 -22"><span class='ocrx_word' id='word_1_535' title='bbox 2029 4791 2275 4872; x_wconf 91' lang='lat' dir='ltr'><strong>cipiens</strong></span> <span class='ocrx_word' id='word_1_536' title='bbox 2308 4811 2365 4864; x_wconf 71' lang='lat'><strong>2),</strong></span> <span class='ocrx_word' id='word_1_537' title='bbox 2401 4790 2499 4852; x_wconf 90' lang='lat' dir='ltr'><strong>vel</strong></span> <span class='ocrx_word' id='word_1_538' title='bbox 2529 4790 2681 4872; x_wconf 93' lang='lat' dir='ltr'><strong>quia</strong></span> <span class='ocrx_word' id='word_1_539' title='bbox 2708 4810 2786 4852; x_wconf 84' lang='lat' dir='ltr'><strong>ex</strong></span> <span class='ocrx_word' id='word_1_540' title='bbox 2817 4810 2931 4853; x_wconf 92' lang='lat' dir='ltr'><strong>sua</strong></span> <span class='ocrx_word' id='word_1_541' title='bbox 2960 4798 3205 4867; x_wconf 88' lang='lat' dir='ltr'><strong>natura,</strong></span> <span class='ocrx_word' id='word_1_542' title='bbox 3230 4792 3296 4854; x_wconf 91' lang='lat' dir='ltr'><strong>in</strong></span> <span class='ocrx_word' id='word_1_543' title='bbox 3330 4811 3528 4875; x_wconf 85' lang='lat' dir='ltr'><strong>quan-</strong></span> 
     </span>
     <span class='ocr_line' id='line_1_89' title="bbox 2029 4888 3529 4968; baseline 0.004 -18"><span class='ocrx_word' id='word_1_544' title='bbox 2029 4897 2166 4952; x_wconf 86' lang='lat' dir='ltr'><strong>tum</strong></span> <span class='ocrx_word' id='word_1_545' title='bbox 2198 4896 2503 4964; x_wconf 89' lang='lat' dir='ltr'><strong>creatura,</strong></span> <span class='ocrx_word' id='word_1_546' title='bbox 2537 4888 2850 4952; x_wconf 86' lang='lat' dir='ltr'><strong>vertibilis</strong></span> <span class='ocrx_word' id='word_1_547' title='bbox 2880 4899 2977 4953; x_wconf 88' lang='lat' dir='ltr'><strong>est</strong></span> <span class='ocrx_word' id='word_1_548' title='bbox 3006 4890 3072 4952; x_wconf 91' lang='lat' dir='ltr'><strong>in</strong></span> <span class='ocrx_word' id='word_1_549' title='bbox 3102 4909 3229 4954; x_wconf 90' lang='lat' dir='ltr'><strong>non</strong></span> <span class='ocrx_word' id='word_1_550' title='bbox 3260 4910 3420 4968; x_wconf 89' lang='lat' dir='ltr'><strong>esse,</strong></span> <span class='ocrx_word' id='word_1_551' title='bbox 3452 4909 3529 4956; x_wconf 88' lang='lat' dir='ltr'><strong>eo</strong></span> 
     </span>
     <span class='ocr_line' id='line_1_90' title="bbox 2033 4987 3527 5072; baseline 0.003 -22"><span class='ocrx_word' id='word_1_552' title='bbox 2033 4989 2221 5050; x_wconf 91' lang='lat' dir='ltr'><strong>modo</strong></span> <span class='ocrx_word' id='word_1_553' title='bbox 2251 5006 2377 5069; x_wconf 89' lang='lat' dir='ltr'><strong>quo</strong></span> <span class='ocrx_word' id='word_1_554' title='bbox 2406 4987 2631 5050; x_wconf 88' lang='lat' dir='ltr'><strong>asserit</strong></span> <span class='ocrx_word' id='word_1_555' title='bbox 2661 4987 3106 5065; x_wconf 79' lang='lat' dir='ltr'><strong>DamascenuS,</strong></span> <span class='ocrx_word' id='word_1_556' title='bbox 3139 4991 3308 5072; x_wconf 91' lang='lat' dir='ltr'><strong>quod</strong></span> <span class='ocrx_word' id='word_1_557' title='bbox 3338 5009 3527 5056; x_wconf 89' lang='lat' dir='ltr'><strong>omne</strong></span> 
     </span>
     <span class='ocr_line' id='line_1_91' title="bbox 2031 5085 3524 5166; baseline 0.003 -18"><span class='ocrx_word' id='word_1_558' title='bbox 2031 5105 2110 5148; x_wconf 84' lang='lat' dir='ltr'><strong>ex</strong></span> <span class='ocrx_word' id='word_1_559' title='bbox 2139 5086 2343 5149; x_wconf 86' lang='lat' dir='ltr'><strong>nihilo</strong></span> <span class='ocrx_word' id='word_1_560' title='bbox 2372 5085 2611 5149; x_wconf 88' lang='lat' dir='ltr'><strong>factum</strong></span> <span class='ocrx_word' id='word_1_561' title='bbox 2650 5095 2713 5148; x_wconf 91' lang='lat' dir='ltr'><strong>et</strong></span> <span class='ocrx_word' id='word_1_562' title='bbox 2743 5087 2999 5150; x_wconf 90' lang='lat' dir='ltr'><strong>aliunde</strong></span> <span class='ocrx_word' id='word_1_563' title='bbox 3039 5107 3177 5151; x_wconf 89' lang='lat' dir='ltr'><strong>esse</strong></span> <span class='ocrx_word' id='word_1_564' title='bbox 3207 5091 3524 5166; x_wconf 87' lang='lat' dir='ltr'><strong>sortitum,</strong></span> 
     </span>
     <span class='ocr_line' id='line_1_92' title="bbox 2033 5185 3529 5266; baseline 0.003 -16"><span class='ocrx_word' id='word_1_565' title='bbox 2033 5194 2130 5250; x_wconf 90' lang='lat' dir='ltr'><strong>est</strong></span> <span class='ocrx_word' id='word_1_566' title='bbox 2178 5185 2243 5248; x_wconf 90' lang='lat' dir='ltr'><strong>in</strong></span> <span class='ocrx_word' id='word_1_567' title='bbox 2292 5185 2453 5248; x_wconf 91' lang='lat' dir='ltr'><strong>nihil</strong></span> <span class='ocrx_word' id='word_1_568' title='bbox 2504 5186 2799 5249; x_wconf 88' lang='lat' dir='ltr'><strong>vertibile</strong></span> <span class='ocrx_word' id='word_1_569' title='bbox 2848 5206 2925 5249; x_wconf 86' lang='lat' dir='ltr'><strong>ex</strong></span> <span class='ocrx_word' id='word_1_570' title='bbox 2973 5207 3089 5250; x_wconf 90' lang='lat' dir='ltr'><strong>sua</strong></span> <span class='ocrx_word' id='word_1_571' title='bbox 3144 5198 3389 5266; x_wconf 88' lang='lat' dir='ltr'><strong>natura,</strong></span> <span class='ocrx_word' id='word_1_572' title='bbox 3442 5192 3529 5255; x_wconf 91' lang='lat' dir='ltr'><strong>ita</strong></span> 
     </span>
     <span class='ocr_line' id='line_1_93' title="bbox 2037 5283 3531 5367; baseline 0.005 -20"><span class='ocrx_word' id='word_1_573' title='bbox 2037 5285 2207 5367; x_wconf 93' lang='lat' dir='ltr'><strong>quod</strong></span> <span class='ocrx_word' id='word_1_574' title='bbox 2238 5284 2291 5346; x_wconf 93' lang='lat' dir='ltr'><strong>si</strong></span> <span class='ocrx_word' id='word_1_575' title='bbox 2321 5283 2444 5346; x_wconf 90' lang='lat' dir='ltr'><strong>sibi</strong></span> <span class='ocrx_word' id='word_1_576' title='bbox 2474 5283 2598 5367; x_wconf 89' lang='lat' dir='ltr'><strong>ipsi</strong></span> <span class='ocrx_word' id='word_1_577' title='bbox 2640 5284 3128 5366; x_wconf 89' lang='lat' dir='ltr'><strong>relinqueretur,</strong></span> <span class='ocrx_word' id='word_1_578' title='bbox 3162 5306 3307 5351; x_wconf 85' lang='lat' dir='ltr'><strong>mox</strong></span> <span class='ocrx_word' id='word_1_579' title='bbox 3342 5290 3407 5352; x_wconf 91' lang='lat' dir='ltr'><strong>in</strong></span> <span class='ocrx_word' id='word_1_580' title='bbox 3438 5290 3531 5354; x_wconf 86' lang='lat' dir='ltr'><strong>ni-</strong></span> 
     </span>
    </p>
   </div>
   <div class='ocr_carea' id='block_1_18' title="bbox 3224 5425 3284 5475">
    <p class='ocr_par' dir='ltr' id='par_1_20' title="bbox 3224 5425 3284 5475">
     <span class='ocr_line' id='line_1_94' title="bbox 3224 5425 3284 5475; baseline 0 0"><span class='ocrx_word' id='word_1_581' title='bbox 3224 5425 3284 5475; x_wconf 89' lang='grc'><strong>33</strong></span> 
     </span>
    </p>
   </div>
   <div class='ocr_carea' id='block_1_19' title="bbox 4301 2693 4306 3424">
    <p class='ocr_par' dir='ltr' id='par_1_21' title="bbox 4301 2693 4306 3424">
     <span class='ocr_line' id='line_1_95' title="bbox 4301 2693 4306 3424; baseline 0 0"><span class='ocrx_word' id='word_1_582' title='bbox 4301 2693 4306 3424; x_wconf 95' lang='lat' dir='ltr'><strong> </strong></span> 
     </span>
    </p>
   </div>
  </div>
 </body>
</html>
