4334 6242
564 1857 606 1898 p.
624 1846 701 1886 ³08
714 1842 771 1887 θ’.

804 471 925 540 310

804 671 929 726 test
978 663 1245 744 intelligi
1300 681 1313 725 :

806 763 1106 836 secund0‚
1143 771 1208 824 ut
1249 782 1285 824 a
1324 762 1501 824 nullo
1546 760 1863 823 influxum
1909 768 2017 823 aut
2056 777 2305 822 conser-

806 861 1126 923 vationem
1180 861 1514 940 acciperet.
1570 860 1646 920 Et
1704 860 1912 941 primo
1972 858 2159 920 modo
2205 857 2303 936 (ut

807 959 975 1038 reor)
1005 958 1303 1039 intelligit
1332 958 1621 1030 ThomaS,
1658 964 1718 1018 et
1747 957 1839 1036 (ni
1872 956 2084 1036 fallor)
2112 955 2302 1017 etiam

808 1056 901 1118 illi
945 1075 1104 1138 quos
1149 1056 1483 1138 improbat.

888 1155 1074 1217 Porro
1114 1156 1349 1237 scripta
1388 1155 1550 1217 Petri
1592 1154 1777 1216 dictis
1808 1155 2061 1217 Thomae
2101 1153 2305 1214 omni-

807 1271 889 1314 no
922 1253 1403 1326 concordant,et
1434 1253 2062 1334 comprehenduntur
2094 1251 2155 1311 in
2188 1251 2300 1312 eiS.

805 1350 1101 1413 Attamen
1141 1351 1359 1413 Petrus
1405 1351 1717 1424 concedit,
1752 1350 1919 1431 quod
1963 1349 2026 1411 in
2065 1348 2306 1428 angelis

810 1448 1003 1529 lapsis
1056 1448 1288 1528 aliquis
1340 1465 1516 1510 error
1564 1447 1924 1509 intellectus
1985 1445 2310 1528 praecessit

810 1545 1036 1607 vitium
1070 1545 1414 1607 voluntatis
1442 1563 1456 1606 :
1486 1563 1611 1606 non
1643 1545 1811 1626 quod
1843 1563 2017 1606 error
2048 1543 2155 1604 ille
2185 1542 2310 1604 suit

813 1644 1070 1725 proprie
1110 1643 1318 1725 culpa,
1360 1644 1470 1705 sed
1513 1642 1913 1724 imperfectio
1952 1643 2310 1704 considera-

811 1741 1025 1814 tionis,
1058 1761 1169 1803 seu
1202 1742 1486 1822 quaedam
1521 1741 1805 1814 omissi0‚
1836 1741 2017 1820 juxta
2046 1758 2306 1801 sensum

1498 492 1563 538 IN
1604 492 1825 538 unium
1867 492 1907 537 u
1952 488 2434 538 SENTENUARUM.
2479 505 2560 518 --
2601 488 2753 534 DtsT.
2801 487 2878 551 νζ
2921 487 3145 543 QUAEST.
3193 484 3212 532 Ι

1369 663 1596 745 primo,
1648 669 1718 723 ut
1766 660 1928 723 nulli
1976 660 2299 738 obediret3
2332 657 2557 721 Aante
2605 657 2914 721 actualem
2961 676 3141 718 suam
3191 654 3556 736 superbiam
3608 671 3736 715 non
3785 651 3916 714 fuit

2411 757 2644 839 aliquis
2704 775 2884 818 amor
2941 755 3284 817 habitualis
3347 753 3740 816 inordinatus
3799 758 3920 812 aut

2415 857 2641 939 passio.

2494 955 2726 1029 Quaerit
2764 973 3018 1038 quoque
3059 954 3428 1025 RicharduS,
3461 972 3538 1014 an
3577 958 3918 1033 peccatum

2414 1055 2782 1135 angelorum
2835 1073 2980 1116 cum
3027 1054 3236 1135 primo
3281 1059 3564 1133 apostata
3612 1050 3720 1112 illo
3771 1067 3926 1131 pec-

2416 1154 2721 1226 cantium,
2764 1151 2957 1214 fuerit
3005 1151 3327 1233 superbia,
3361 1169 3440 1212 an
3491 1147 3923 1231 pusillanimi-

2419 1259 2530 1313 tas,
2555 1250 2910 1332 Respondet
2937 1249 3258 1312 :Primum
3293 1255 3622 1330 peccatum
3655 1245 3918 1309 illorum

2418 1349 2541 1411 fuit
2589 1348 2910 1431 superbia,
2943 1347 3096 1429 quia
3141 1347 3494 1408 secundum
3537 1344 3920 1407 Anselmum

2420 1447 2584 1509 libro
2613 1447 2689 1508 de
2722 1446 2880 1508 Casu
2913 1445 3174 1518 diaboli,
3195 1444 3258 1506 id
3289 1445 3458 1526 quod
3493 1443 3670 1524 impii
3703 1441 3922 1522 angeli

2417 1545 2845 1628 appetierunt,
2879 1543 3001 1605 fuit
3030 1543 3270 1625 aliquid
3308 1543 3386 1604 ad
3422 1541 3590 1624 quod
3629 1559 3924 1603 crescere

2420 1650 2784 1726 potuerunt,
2819 1643 2986 1724 quod
3033 1643 3096 1704 in
3139 1661 3252 1703 sua
3294 1641 3610 1702 creatione
3649 1657 3774 1700 non
3821 1657 3930 1700 ac-

2421 1749 2748 1825 ceperunt,
2799 1750 3113 1824 quatenus
3172 1739 3398 1802 merito
3457 1757 3573 1801 suo
3625 1738 3703 1799 ad
3756 1737 3926 1799 illud

814 1839 1178 1916 inductum3
1210 1847 1318 1900 aut
1356 1840 1407 1900 si
1447 1839 1686 1901 exstitit
1727 1839 1935 1919 culpa,
1980 1839 2044 1900 in
2088 1856 2307 1919 pecca·
2347 1839 2393 1900 B
2423 1841 2826 1922 proficerent.
2863 1839 3407 1912 Quemadmodum
3449 1837 3618 1900 enim
3661 1834 3928 1898 Lucifer

811 1945 875 1998 to
925 1937 1267 1999 voluntatis
1314 1937 1682 2011 includitur,
1730 1945 2029 2018 tanquam
2080 1937 2183 1998 via
2231 1936 2308 1997 ad

810 2035 988 2097 illud.
1068 2086 1077 2100 .

890 2235 1067 2296 Circa
1116 2235 1249 2295 haec
1300 2233 1522 2295 scribit
1570 2234 1918 2296 Richardus
1968 2251 1981 2295 :
2029 2233 2309 2294 Primum

810 2339 1140 2414 peccatum
1172 2331 1445 2393 Luciferi
1481 2331 1604 2393 fuit
1634 2330 1950 2413 superbia.
1970 2331 2103 2393 Non
2136 2331 2309 2392 enim

809 2430 931 2492 fuit
960 2430 1263 2511 gaudium
1308 2429 1737 2492 inordinatum
1774 2447 1788 2491 :
1826 2429 2123 2510 quoniam
2165 2449 2314 2510 gau-

811 2528 985 2591 dium
1020 2536 1117 2591 est
1147 2528 1328 2609 quies
1362 2527 1561 2610 ipsius
1597 2528 1915 2608 appetitus
1949 2526 2013 2588 in
2046 2546 2112 2588 re
2142 2547 2310 2589 ama-

812 2635 875 2688 ta
924 2626 1263 2707 praesenti3
1316 2625 1457 2688 ideo
1508 2625 1943 2707 praesupponit
1991 2625 2308 2688 inordina-

812 2733 947 2786 tum
981 2741 1280 2786 amorem.
1302 2723 1427 2785 Nee
1460 2722 1581 2784 fuit
1612 2723 2038 2785 inordinatum
2068 2723 2305 2784 odium.

812 2822 971 2884 Nam
1016 2822 1328 2904 quidquid
1372 2822 1605 2894 oditur,
1638 2821 1853 2882 oditur
1897 2821 1958 2881 in
1999 2830 2310 2902 quantum

813 2919 1314 3001 apprehenditur
1362 2928 1431 2980 ut
1479 2937 1839 3000 repugnans
1890 2919 1979 2981 rei
2028 2928 2252 2982 amatae
2294 2939 2307 2982 :

2420 1939 2861 2002 excellentiam
2906 1939 2984 1999 ad
3027 1956 3218 2019 quam
3265 1937 3558 1998 conditus
3601 1935 3744 2008 fuit,
3779 1951 3928 2016 pro-

2422 2039 2561 2120 pria
2608 2037 2842 2099 virtute
2893 2054 3040 2098 mox
3088 2035 3290 2097 voluit
3337 2034 3627 2096 obtinere
3675 2033 3928 2113 absque

2326 2153 2336 2164 ·
2422 2136 2649 2197 merito
2679 2153 2830 2209 suo;
2865 2134 2950 2195 ita
2979 2141 3042 2195 et
3080 2133 3284 2213 angeli
3324 2132 3382 2194 ei
3425 2131 3924 2200 consentientes,

2422 2242 2631 2295 tamen
2673 2251 2794 2314 ope
2833 2230 3107 2293 Luciferi
3147 2249 3160 2292 ε
3193 2239 3257 2292 et
3294 2231 3413 2292 hac
3454 2230 3530 2292 de
3571 2248 3760 2290 causa
3793 2228 3925 2290 sibi

2421 2331 2684 2393 subesse
2719 2331 3022 2393 volentes
3059 2330 3272 2392 Posset
3313 2337 3522 2391 tamen
3565 2327 3764 2389 videri
3803 2326 3926 2388 ali-

2421 2429 2680 2511 quibuS,
2709 2428 2878 2510 quod
2911 2428 3117 2509 prima
3149 2426 3433 2509 ipsorum
3467 2425 3768 2507 superbia
3797 2425 3928 2486 fuit

2423 2529 2488 2589 in
2533 2527 2855 2608 diligendo
2901 2526 3313 2589 deliberative
3363 2525 3562 2606 magis
3606 2523 3926 2586 excellen-

2422 2627 2575 2687 tiam
2608 2625 2930 2707 propriam
2972 2643 3165 2705 quam
3203 2623 3506 2685 divinam.
3540 2622 3794 2703 Hacque
3825 2622 3926 2683 in-

2423 2723 2732 2786 tolerabili
2787 2722 3085 2804 superbia
3143 2721 3616 2792 obtenebratuS,
3665 2719 3928 2782 Lucifer

2421 2822 2668 2903 putavit
2707 2820 2995 2884 obtinere
3025 2839 3092 2882 se
3126 2838 3308 2901 posse
3347 2818 3785 2881 excellentiam
3815 2837 3927 2880 su-

2421 2939 2521 2982 am
2585 2938 2697 3001 per
2747 2926 3034 2980 naturam
3083 2918 3514 2999 virtutemque
3573 2916 3924 2998 propriam,

814 3036 964 3098 ergo
1022 3018 1455 3099 praesupponit
1516 3017 1943 3079 inordinatum
2003 3036 2305 3079 amorem.
2351 3018 2394 3082 C
2423 3018 2530 3080 alii
2571 3035 2722 3079 vero
2765 3035 2878 3098 per
2914 3016 3055 3096 ejus
3101 3016 3450 3097 potentiam
3485 3033 3500 3076 :
3533 3034 3674 3096 quae
3716 3015 3926 3077 excel-

812 3117 941 3180 Nec
987 3115 1111 3178 fuit
1162 3116 1588 3179 inordinatum
1650 3116 2035 3178 desiderium
2095 3135 2109 3178 :
2162 3137 2314 3198 quo-

813 3215 987 3277 niam
1019 3213 1407 3276 desiderium
1436 3223 1532 3276 est
1572 3222 1863 3296 respectu
1904 3214 2054 3276 boni
2087 3214 2309 3290 futuri,

815 3329 992 3374 amor
1041 3320 1253 3374 autem
1310 3321 1598 3393 respectu
1661 3312 1809 3373 boni
1864 3313 2244 3395 simpliciter
2296 3333 2309 3377 :

816 3429 965 3491 ergo
997 3410 1425 3472 inordinatum
1461 3409 1845 3472 desiderium
1880 3413 2316 3494 praesupponit

820 3509 1250 3571 inordinatum
1295 3527 1600 3570 amorem.
1644 3508 1818 3581 Quod
1872 3509 2061 3572 homo
2108 3519 2318 3591 potest

818 3606 1093 3688 experiri
1137 3607 1203 3667 in
1245 3625 1331 3667 se.
1367 3606 1905 3688 Quandocumque
1942 3608 2110 3670 euim
2158 3610 2319 3670 desi-

818 3706 995 3766 derat
1042 3704 1299 3785 aliquod
1350 3704 1587 3765 bonum
1640 3723 1765 3766 non
1817 3704 2129 3778 habitum,
2179 3707 2319 3770 ideo

820 3802 979 3864 illud
1011 3803 1345 3874 desiderat,
1379 3803 1679 3883 quoniam
1713 3803 2068 3884 complacet
2094 3805 2221 3867 sibi
2255 3807 2316 3868 in

822 3901 951 3974 illo,
988 3899 1106 3961 hoc
1154 3907 1269 3970 est,
1311 3900 1461 3980 quia
1511 3899 1575 3960 in
1625 3899 1860 3961 affectu
1911 3920 2026 3963 suo
2073 3910 2169 3964 est
2219 3923 2319 3966 co-

818 3997 1055 4080 aptatio
1105 3999 1390 4078 quaedam
1442 3998 1519 4059 ad
1570 3997 1749 4066 illud,
1790 4018 1929 4079 quae
1978 4009 2073 4061 est
2120 4020 2314 4066 amor.

819 4097 944 4160 Nee
991 4095 1110 4156 fuit
1160 4095 1330 4176 fuga,
1364 4114 1571 4176 neque
1621 4096 1898 4170 tristitia,
1935 4105 2003 4158 ut
2051 4109 2314 4162 constat.

2426 3117 2620 3178 lentia
2679 3115 2773 3176 eis
2839 3114 3180 3176 convenire
3243 3112 3549 3195 nequibat
3615 3112 3740 3174 nisi
3807 3133 3929 3194 per

2423 3215 2711 3296 gratiam.
2747 3215 2821 3275 Et
2860 3214 3026 3275 sicut
3064 3213 3560 3284 aestimaverunt,
3602 3212 3694 3274 sic
3735 3231 3930 3294 appe-

2429 3315 2682 3376 tierunt.
2718 3312 2950 3373 Taliter
2993 3331 3247 3393 quoque
3287 3311 3638 3393 approbare
3689 3310 3926 3372 falsum

2429 3431 2542 3495 pro
2582 3430 2752 3485 vero,
2791 3430 2916 3473 non
2957 3411 3080 3472 fuit
3125 3411 3188 3471 iu
3233 3410 3325 3471 eis
3369 3418 3515 3471 ante
3553 3427 3742 3472 omne
3783 3429 3932 3490 pee-

2427 3519 2635 3573 catum
2674 3528 2687 3571 :
2725 3511 2854 3572 imo
2884 3509 3217 3571 aestimatio
3249 3507 3389 3569 talis
3420 3525 3538 3569 nec
3571 3508 3632 3569 in
3667 3507 3928 3570 homine

2426 3627 2634 3689 neque
2668 3607 2730 3668 in
2771 3607 2995 3686 angelo
3025 3605 3148 3666 fuit
3176 3613 3321 3666 ante
3360 3612 3712 3686 peccatum.
3747 3606 3928 3667 [ude

2427 3706 2817 3786 Augustinus
2850 3704 3012 3766 libro
3043 3703 3230 3765 tertio
3261 3703 3337 3764 de
3368 3702 3596 3764 Libero
3624 3702 3922 3766 arbitrio:

2427 3804 2794 3886 Approbare
2833 3802 2990 3864 falsa
3025 3819 3140 3884 pro
3181 3801 3369 3875 veriS‚
3401 3819 3528 3864 non
3568 3809 3663 3863 est
3701 3809 3930 3862 natura

2431 3902 2707 3964 hominis
2740 3900 3034 3972 instituti,
3060 3901 3170 3961 sed
3201 3918 3388 3981 poena
3418 3900 3718 3961 damnati.
3744 3899 3926 3972 Quod

2429 4019 2465 4061 a
2513 3999 2706 4060 simili
2757 4005 2963 4080 potest
3011 3997 3137 4059 dici
3186 3999 3263 4061 de
3308 3997 3548 4078 angele.
3591 4031 3672 4042 —
3707 3997 3926 4072 Pori-0,

2431 4096 2598 4179 quod
2637 4096 2842 4177 angeli
2887 4096 2976 4156 illi
3022 4096 3300 4178 perversi
3348 4095 3545 4176 magis
3584 4096 3932 4158 voluerunt

819 4196 947 4258 Nec
998 4194 1117 4256 fuit
1168 4194 1523 4256 inordinata
1571 4215 1715 4276 spes
1766 4213 1780 4256 :
1823 4197 2122 4277 quoniam
2173 4219 2317 4281 spes
2350 4199 2398 4261 D
2429 4195 2690 4258 subesse
2739 4213 2921 4257 servo
2964 4213 3157 4276 quam
3199 4193 3479 4268 domino,
3523 4213 3634 4256 seu
3678 4193 3932 4256 Lucife-

820 4301 918 4355 est
959 4301 1250 4373 respectu
1296 4292 1442 4354 boni
1488 4293 1823 4355 desiderati
1851 4311 1867 4372 3
1898 4295 2117 4376 sicque
2160 4316 2315 4378 prae-

822 4392 1127 4476 supponit
1156 4391 1541 4452 desiderium
1576 4391 2023 4455 inordinatum.
2044 4395 2188 4457 Haec
2220 4397 2318 4458 Ri-

822 4490 1117 4562 chardus,
1179 4490 1287 4571 qui
1358 4490 1525 4550 istud
1595 4490 1838 4572 prolixe
1901 4492 1977 4553 de
2046 4493 2315 4556 diversis

823 4587 1228 4671 passionibus
1270 4595 1333 4649 et
1379 4588 1654 4669 peccatis
1698 4590 2122 4670 prosequitur.

900 4688 1345 4749 Verumtamen
1386 4694 1605 4747 contra
1645 4685 1706 4747 id
1736 4688 1904 4768 quod
1940 4688 2048 4761 ait,
2084 4688 2317 4751 inordi-

818 4794 1037 4848 natum
1098 4783 1481 4847 desiderium
1546 4802 1668 4845 non
1724 4784 1923 4846 fuisse
1982 4796 2313 4868 peccatum

818 4884 1118 4956 Luciferi,
1152 4881 1345 4962 objici
1399 4890 1622 4964 potest.
1666 4884 1807 4944 Fuit
1851 4885 2023 4946 enim
2072 4887 2315 4967 appeti-

822 4991 921 5044 tus
972 4981 1243 5063 propriae
1287 4980 1677 5043 excellentiae
1720 4983 2003 5043 noudum
2048 4983 2312 5065 adeptae,

820 5081 929 5142 scd
968 5087 1253 5162 speratae,
1289 5079 1387 5140 vel
1432 5078 1631 5158 magis
1673 5087 2107 5162 praesumptae;
2152 5083 2318 5144 talis-

823 5199 947 5261 que
974 5179 1293 5260 appetitus
1325 5176 1710 5238 desiderium
1745 5177 1997 5257 proprie
2038 5180 2315 5259 appella-

824 5286 943 5340 tur.
1000 5277 1071 5340 Et
1120 5278 1284 5340 sicut
1334 5274 1753 5361 praehabitum
1806 5283 1922 5350 est,
1978 5276 2039 5337 in
2090 5278 2314 5358 angelo

2429 4311 2500 4356 ro
2547 4313 2737 4374 quam
2783 4295 2957 4355 Deo:
2992 4293 3112 4354 hoc
3161 4310 3286 4354 non
3333 4292 3451 4354 fuit
3503 4292 3932 4374 pusillanimi-

2427 4393 2595 4466 tatis,
2629 4393 2738 4453 sed
2769 4392 3060 4454 elationis
3085 4408 3099 4452 ε
3125 4392 3274 4473 quia
3301 4392 3378 4452 ad
3411 4392 3530 4454 hoc
3563 4393 3931 4457 maluerunt

2427 4492 2687 4554 subesse
2727 4490 3041 4563 Lucifer0‚
3077 4499 3145 4552 ut
3188 4491 3388 4571 magis
3424 4503 3750 4555 manerent
3780 4513 3926 4575 pro-

2429 4590 2582 4672 priae
2613 4589 3160 4670 voluntatis‚quod
3191 4589 3314 4651 fuit
3343 4591 3691 4672 superbia-3
3713 4611 3932 4673 quem·

2426 4688 2768 4750 admodum
2803 4688 3057 4769 quidam
3094 4688 3354 4770 superbi
3388 4689 3627 4751 malunt
3659 4690 3928 4754 subesse

2429 4787 2702 4868 principi
2739 4787 3166 4868 impotentiori
3198 4806 3388 4868 quam
3423 4791 3818 4869 praepotenti‚
3855 4801 3928 4854 ut

2431 4886 2641 4947 minus
2687 4893 3115 4947 coerceantur.
3164 4886 3305 4948 Ilaec
3351 4887 3717 4949 RicharduS.

2507 4985 2738 5045 Verum
2782 4983 2882 5045 his
2916 4983 3110 5063 objici
3153 4992 3380 5065 potest,
3414 4985 3580 5065 quod
3622 4987 3790 5048 actio
3831 4987 3925 5049 in-

2429 5083 2717 5144 tellectus
2765 5081 2934 5163 prior
2977 5089 3072 5143 est
3114 5083 3478 5163 operatione
3521 5083 3865 5146 voluntatis
3907 5107 3922 5150 :

2425 5181 2646 5261 sicque
2703 5180 3035 5242 aestimatio
3083 5179 3192 5240 illa
3248 5179 3404 5242 falsa
3463 5180 3740 5243 Luciferi
3797 5202 3928 5262 qua

2429 5278 2672 5363 putavit
2701 5297 2768 5342 se
2809 5277 2941 5340 suis
2974 5277 3220 5339 viribus
3253 5296 3436 5362 posse
3474 5280 3922 5344 excellentiam
