4334 6242
435 1567 515 1609 Pu.
528 1569 700 1614 xxxvff.

434 1664 697 1714 Romana.

490 4703 567 4745 Ps.
584 4715 627 4753 x,
644 4705 709 4752 ta.

445 4779 529 4809 sce.
556 4764 685 4808 Hebr.

732 477 852 544 294

1392 495 1458 542 m
1498 495 1720 541 manvu
1763 494 1806 539 11
1849 493 2331 540 SENTENTIARUI.
2375 511 2458 522 --
2496 494 2649 539 msr.
2695 493 2798 555 1v;
2842 493 3066 550 QUAEST.
3113 493 3182 540 111

732 687 883 730 eum
944 667 1291 750 unicuique
1350 684 1465 749 pro
1522 666 1655 728 suis
1714 663 1959 726 meritis
2022 662 2230 725 reddi·
2260 660 2311 723 A
2420 663 2594 736 Quod
2634 671 2846 725 autem
2886 665 3111 727 asserit
3146 664 3558 746 AugustinuS,
3591 665 3854 747 sapien-

732 773 969 827 turum.

812 864 907 926 Ad
957 884 1099 945 quae
1142 863 1677 944 respondendum,
1712 861 1879 942 quod
1928 860 2113 922 scivit
2160 878 2230 920 se

732 980 862 1025 non
902 962 1133 1024 debere
1175 961 1432 1023 deflecti
1475 980 1510 1022 a
1554 959 1721 1022 bono
1764 959 1831 1020 in
1877 976 2003 1039 quo
2044 965 2176 1020 erat
2211 975 2225 1018 :

732 1079 859 1123 non
890 1062 1060 1123 enim
1108 1061 1313 1143 potuit
1350 1079 1498 1122 eum
1530 1059 1723 1121 latere
1758 1058 1916 1120 ratio
1942 1056 2227 1138 justitiae,

733 1159 843 1240 qui
873 1158 1201 1220 deiformis
1243 1157 1484 1219 exstitit
1524 1156 1901 1218 intellectus.
1934 1189 2017 1199 —-
2045 1152 2230 1214 Deni-

731 1275 857 1338 que
911 1275 987 1318 ex
1040 1257 1281 1318 ratione
1330 1255 1614 1336 justitiae,
1666 1272 1859 1336 quam
1911 1251 2228 1333 cognovit,

731 1354 919 1417 scivit
948 1362 1011 1415 et
1041 1372 1296 1435 poenam
1325 1352 1557 1414 debere
1586 1352 1768 1433 sequi
1807 1351 2059 1432 culpam
2095 1367 2109 1410 ε
2142 1356 2234 1410 at-

731 1460 943 1514 tamen
1005 1452 1293 1513 eamdem
1359 1469 1611 1532 poenam
1677 1449 1811 1511 fore
1867 1455 2228 1510 secuturam

731 1569 858 1613 non
918 1549 1344 1632 praesumpsit.
1398 1549 1555 1610 Nam
1613 1548 1764 1630 quia
1817 1545 2058 1627 judicia
2116 1545 2228 1606 Dei

728 1650 996 1732 abyssus
1038 1648 1257 1720 multa,
1291 1655 1352 1708 et
1395 1645 1871 1727 investigabiles
1910 1645 2029 1706 viae
2062 1644 2226 1724 ejuS‚

727 1748 1019 1829 nequivit
1069 1746 1609 1828 comprehendere
1649 1764 1729 1806 an
1782 1745 1944 1805 Deus
1995 1743 2230 1804 faceret

728 1847 895 1928 quod
925 1846 1095 1926 juste
1124 1843 1333 1905 facere
1366 1849 1595 1925 posset.
1632 1842 1751 1904 Sed
1782 1849 1845 1902 et
1876 1841 1928 1902 si
1960 1840 2105 1921 quis
2138 1839 2230 1901 di·
2265 1843 2312 1904 B
2341 1843 2538 1905 visset
2586 1845 2886 1906 revelatio
2936 1845 3096 1906 talis,
3139 1881 3222 1890 —
3270 1845 3390 1907 Sed
3441 1854 3659 1908 contra
3708 1847 3866 1908 haec·

728 1953 850 2017 cat,
882 1943 1053 2025 quod
1092 1943 1455 2006 nullatenus
1496 1941 1751 2003 credere
1791 1939 1998 2021 potuit
2026 1940 2228 2000 Deum

728 2045 1177 2106 damnaturum
1211 2059 1349 2102 esse
1382 2039 1704 2121 propriam
1736 2046 2087 2100 creaturam
2121 2055 2233 2118 pro

728 2142 923 2223 culpa
965 2139 1191 2222 ipsius,
1224 2156 1417 2219 quam
1464 2144 1635 2198 tanta
1669 2135 1952 2198 condidit
1991 2134 2232 2197 bonita-

725 2248 787 2303 te
822 2257 837 2301 :
873 2238 1225 2320 praesertim
1256 2235 1409 2317 quia
1436 2234 1643 2296 adhuc
1675 2234 1923 2296 nullum
1966 2252 2233 2314 praeces-

725 2339 808 2402 sit
837 2336 1205 2418 exemplum
1238 2334 1495 2396 ultionis
1526 2333 1757 2395 divinae
1784 2331 2079 2412 justitiae3
2103 2350 2233 2393 cer-

728 2445 961 2518 tusque
1010 2441 1177 2496 esset
1230 2451 1570 2495 numerum
1627 2430 1811 2493 illum
1860 2430 2230 2510 angelorum

727 2534 793 2596 in
844 2550 972 2615 quo
1020 2531 1218 2594 futuri
1268 2539 1446 2592 erant
1496 2529 1606 2610 qui
1662 2530 1788 2590 Deo
1840 2526 2228 2601 fruerentur,

728 2639 902 2694 tanta
930 2629 1243 2712 sapientia
1282 2647 1420 2690 esse
1463 2627 1878 2709 praefinitum,
1914 2626 2082 2706 quod
2113 2626 2232 2688 sic-

728 2738 798 2790 ut
846 2728 1008 2790 nihil
1058 2725 1460 2808 superfluum
1513 2724 1757 2796 habuit,
1810 2724 1898 2785 ita
1944 2723 1996 2784 si
2047 2722 2233 2784 dimi-

728 2833 1053 2899 nueretur,
1116 2822 1435 2906 perfectus
1492 2840 1618 2884 non
1678 2829 1865 2895 esset,
1925 2840 2042 2883 nec
2101 2829 2229 2882 tam

730 2925 1105 3008 praeclarum
1153 2940 1313 3004 opus
1357 2922 1466 2984 Dei
1509 2940 1586 2983 ex
1629 2921 1843 3002 aliqua
1887 2926 2062 3002 parte
2113 2920 2231 2981 im-

729 3023 1087 3106 perfectum
1134 3039 1272 3082 esse
1323 3037 1694 3080 mansurum
1744 3035 1757 3078 :
1808 3019 1884 3092 si,
1941 3018 2226 3099 inquam,
2267 3015 2310 3078 C
2341 3019 2651 3100 subjecta,
2713 3020 3166 3102 passibilisque
3228 3021 3458 3084 effecta

727 3121 961 3202 aliquis
992 3119 1159 3182 dicat
1191 3119 1331 3192 hoc,
1367 3136 1507 3199 quae
1546 3116 2058 3178 inconvenientia
2088 3119 2228 3178 est?

726 3219 957 3300 Utique
998 3217 1191 3279 nulla.

804 3316 1082 3398 Angelus
1122 3315 1313 3376 etiam
1355 3313 1562 3375 bonus
1601 3330 1727 3374 non
1770 3311 2092 3393 prae-scivit
2122 3330 2229 3372 ne-

726 3435 851 3498 que
899 3432 1291 3497 praenoscere
1336 3411 1555 3474 debuit
1598 3411 1850 3492 culpam
1898 3418 1960 3471 et
2010 3428 2228 3471 casum

726 3513 935 3594 angeli
982 3512 1132 3574 mali
1169 3529 1182 3572 ε
1217 3510 1366 3592 quia
1408 3517 1560 3571 tunc
1599 3526 1727 3571 non
1768 3508 1975 3569 solum
2014 3525 2230 3569 amore

726 3610 1012 3692 justitiae,
1045 3609 1155 3671 sed
1199 3616 1261 3670 et
1302 3605 1645 3669 formidine
1691 3623 1915 3686 poenae‚
1960 3605 2232 3666 cavisset

730 3715 1085 3792 peccatum.
1120 3706 1255 3768 Non
1302 3712 1514 3766 autem
1558 3703 1773 3764 decuit
1814 3721 1962 3764 eum
2002 3702 2230 3764 timore

730 3806 1029 3889 supplicii
1082 3824 1119 3866 a
1169 3803 1333 3866 malo
1384 3803 1699 3875 recedere,
1734 3820 1934 3882 quum
1986 3800 2103 3863 hoc
2152 3801 2230 3861 ad

732 3903 1281 3986 imperfectionem
1335 3899 1665 3983 pertineat.
1703 3934 1784 3945 —
1827 3900 1969 3961 Haec
2018 3898 2234 3960 Alber-

735 4014 835 4066 tus
884 4022 959 4064 ex
1010 4001 1222 4064 verbis
1270 3999 1573 4062 Anselmi.
1619 3999 1695 4058 Et
1740 3998 1913 4058 addit
1953 4015 1965 4058 :
2006 3997 2232 4059 Beatus

732 4101 1087 4164 Bernardus
1138 4099 1301 4161 libro
1344 4099 1422 4159 de
1467 4095 1780 4160 Gradibus
1828 4095 2230 4166 humititatis,

2339 761 2494 823 tiam
2525 779 2664 824 esse
2698 761 2975 824 fructum
3015 763 3291 844 pietatiS,
3326 763 3595 845 ideoque
3625 763 3853 826 diabo-

2341 860 2474 922 lum
2511 879 2634 922 non
2673 861 3002 943 praescisse
3037 881 3218 923 suam
3263 863 3534 936 ruinam,
3571 863 3850 944 intelligi

2343 947 2549 1041 potest
2596 960 2674 1021 de
2725 960 3001 1022 increata
3059 960 3294 1042 pietate
3347 978 3362 1022 :
3413 981 3555 1042 quae
3605 961 3854 1024 ideirco

2341 1075 2468 1120 non
2524 1057 2674 1120 tecit
2721 1058 3044 1120 diabolum
3103 1059 3202 1120 sui
3255 1079 3440 1124 casus
3487 1061 3850 1142 sapientem

2341 1175 2454 1218 seu
2499 1157 2860 1238 praescium,
2895 1157 3196 1238 quoniam
3238 1158 3594 1220 induxisset
3631 1158 3856 1220 diabo-

2340 1252 2475 1315 lum
2515 1255 2817 1317 revelatio
2855 1255 2998 1317 talis
3039 1256 3104 1317 in
3145 1255 3469 1319 tristitiam
3513 1275 3626 1318 seu
3661 1257 3854 1318 timo-

2341 1371 2477 1414 rem
2539 1361 2683 1415 ante
2747 1373 2934 1415 suum
3000 1361 3355 1434 peccatum.
3417 1355 3624 1416 Potest
3686 1355 3852 1417 item

2341 1451 2569 1532 exponi
2612 1452 2689 1512 de
2731 1451 2964 1532 pietate
3005 1460 3232 1525 creata,
3266 1471 3408 1533 quae
3445 1452 3679 1514 dicitur
3719 1461 3853 1516 θεο-

2342 1553 2554 1631 σὲξεια,
2598 1558 2660 1610 et
2707 1557 2803 1611 est
2853 1550 3062 1611 cultus
3110 1550 3222 1611 Dei
3257 1569 3382 1612 :ex
3431 1551 3616 1632 cujus
3665 1551 3852 1613 cultu

2341 1647 2543 1709 oritur
2590 1666 2778 1729 sapor
2826 1648 3188 1710 divinorum
3243 1648 3554 1723 internuS,
3587 1651 3698 1730 qui
3745 1658 3852 1712 est

2341 1745 2668 1826 sapientiae
2697 1746 2956 1826 quidam
3001 1745 3296 1820 arrectus,
3335 1767 3528 1828 quem
3576 1748 3853 1830 impedi-

2341 1941 2570 2004 sortius
2608 1942 2832 2022 objicit
2870 1943 3208 2004 Anselmus
3244 1962 3258 2004 :
3293 1945 3594 2026 quoniam
3633 1945 3852 2027 primo

2341 2039 2585 2102 homini
2625 2041 2832 2102 adhuc
2872 2041 3192 2103 innocenti
3237 2042 3401 2103 Deus
3442 2042 3745 2104 revelavit
3777 2043 3848 2104 in

2341 2156 2468 2219 quo
2513 2147 2825 2220 peccaret,
2869 2139 3167 2201 videlicet
3209 2141 3262 2201 si
3305 2140 3382 2202 de
3425 2139 3638 2203 fructu
3684 2140 3848 2221 ligni

2341 2237 2622 2300 scientiae
2663 2236 2812 2299 boni
2858 2245 2920 2298 et
2965 2238 3118 2300 mali
3157 2240 3554 2319 comederet3
3587 2258 3846 2321 poenam

2340 2353 2596 2416 quoque
2626 2355 2817 2417 quam
2850 2336 3214 2410 sustineret,
3241 2337 3529 2400 addendo
3555 2355 3570 2400 ε
3595 2339 3664 2400 ln
3697 2357 3856 2419 qua-

2343 2452 2618 2514 cumque
2663 2434 2764 2496 die
2809 2434 3161 2496 comederis
3203 2453 3281 2496 ex
3323 2453 3419 2509 e0‚
3463 2444 3668 2498 morte
3719 2454 3858 2499 mo·

2341 2530 2544 2592 rieris.
2580 2531 2742 2612 Ergo
2780 2539 2844 2593 et
2882 2531 3107 2612 angelo
3147 2533 3351 2614 potuit
3391 2541 3454 2594 et
3493 2533 3715 2596 debuit
3755 2554 3857 2596 re-

2342 2628 2552 2690 velare
2594 2637 2956 2710 utrumque.
2993 2631 3069 2691 Et
3109 2632 3468 2712 respondet,
3507 2632 3675 2713 quod
3719 2651 3852 2694 non

2341 2733 2437 2788 est
2481 2727 2689 2788 simile
2733 2728 2809 2788 de
2855 2735 3143 2809 utroque.
3178 2729 3522 2790 Hominum
3569 2749 3854 2812 namque

2340 2831 2566 2885 natura
2623 2833 2882 2906 propter
2931 2825 3218 2906 priorum
3276 2828 3846 2906 transgressionem

2342 2930 2674 3004 parentum
2711 2923 3283 2986 innumerabilibus
3315 2924 3720 2987 incommodis
3748 2935 3854 2988 est:

3512 3040 3526 3082 :
3581 3043 3658 3084 ex
3720 3043 3852 3105 qua

2341 3117 2760 3199 passibilitate
2803 3119 3021 3181 multis
3063 3119 3266 3182 modis
3306 3121 3506 3200 gratia
3546 3130 3854 3202 operatur

2341 3215 3014 3297 incorruptibilitatem
3046 3218 3113 3279 in
3145 3217 3348 3280 nobiS.
3385 3218 3662 3299 Angelus
3693 3238 3853 3282 vero

2341 3313 2518 3376 nullo
2549 3315 2944 3394 praecede-nte
2977 3315 3506 3396 peccato‚nullius
3537 3317 3688 3378 mali
3723 3337 3855 3379 me.-

2342 3420 2552 3473 ruerat
2601 3412 2962 3493 passionem
3010 3430 3024 3474 :
3069 3413 3307 3475 idcirco
3356 3432 3470 3494 per
3519 3414 3854 3477 revelatio-

2341 3529 2488 3572 nem
2520 3511 2617 3571 sui
2662 3530 2867 3584 casim,
2903 3511 2968 3572 in
3007 3510 3353 3585 tristitiam,
3386 3531 3529 3593 quai
3569 3512 3854 3575 maxima

2343 3627 2530 3690 poena
2563 3616 2680 3680 est,
2717 3609 2933 3670 induci
2975 3627 3098 3670 non
3141 3608 3383 3671 debuit.
3419 3609 3542 3670 Atii
3583 3610 3848 3691 quidam

2341 3707 2660 3780 dixerunt,
2695 3706 2862 3787 quod
2906 3707 3139 3788 duplex
3170 3715 3266 3768 est
3303 3726 3511 3788 poena,
3545 3707 3852 3772 videlicet

2342 3821 2723 3885 promovens
2782 3813 2845 3866 et
2903 3804 3244 3866 suffocans,
3311 3807 3690 3868 Promovens
3748 3815 3848 3868 est

2342 3921 2483 3983 quae
2529 3902 2695 3963 valet
2740 3903 2817 3963 ad
2867 3902 3184 3964 meritum.
3221 3903 3394 3964 Hanc
3443 3905 3607 3966 Deus
3657 3905 3850 3966 inter-

2343 4000 2496 4061 dum
2542 3999 2776 4080 infligit
2826 4000 2961 4061 sine
3005 4000 3214 4082 culpa,
3265 4009 3330 4062 ut
3375 4010 3544 4083 patet
3589 4003 3654 4064 in
3702 4003 3840 4065 Job.

2344 4096 2678 4159 Suffocans
2707 4105 2800 4159 est
2843 4117 2982 4179 quae
3013 4116 3140 4160 non
3184 4099 3429 4161 inducit
3466 4100 3589 4163 nisi
3625 4102 3848 4183 despe—

3885 2163 4034 2206 Gen.
4063 2175 4118 2214 ιι,
4145 2165 4222 2205 17.

3907 4033 4012 4076 th
4052 4047 4180 4083 =,tn

733 4201 917 4262 aliter
964 4199 1043 4260 ad
1104 4217 1303 4259 unum
1362 4195 1809 4277 praedictorum
1871 4194 2231 4275 respondet,
2266 4196 2314 4258 D
2344 4196 2648 4258 rationem
2682 4204 2872 4276 atque
2898 4197 3242 4270 tristitiam,
3275 4216 3416 4278 quae
3447 4207 3715 4261 mortem
3747 4219 3846 4262 se·
3908 4227 3946 4270 n
3973 4229 4212 4282 con-m,

2345 4293 2622 4355 cundum
2673 4294 3048 4376 Apostolum
3098 4297 3626 4384 operatum-Hinc
3675 4298 3845 4360 Deus
3885 4293 3956 4331 ¹⁰·

734 4297 1065 4378 dirigendo
1104 4313 1463 4357 sermonem
1502 4293 1580 4355 ad
1621 4292 1945 4353 diabolum
1984 4291 2104 4352 sub
2136 4291 2236 4353 his

736 4396 951 4458 verbis
994 4412 1009 4456 ε
1053 4392 1435 4456 Credibilius
1477 4399 1573 4453 est
1617 4390 1785 4471 quod
1835 4407 1962 4451 non
2013 4389 2235 4470 praevi-

738 4493 886 4556 disti
948 4510 1163 4554 casum
1226 4498 1428 4562 tuum,
1489 4497 1597 4550 aut
1662 4495 1920 4569 propter
1979 4507 2234 4548 causam

740 4611 931 4674 quam
976 4591 1129 4664 dixi,
1175 4588 1493 4660 videlicet,-
1540 4586 1841 4669 quoniam
1887 4585 2236 4647 bonitatem

738 4692 848 4754 Dei
883 4686 1468 4760 attendens‚dixisti
1503 4685 1565 4746 in
1598 4685 1786 4747 corde
1818 4690 1926 4745 tuo
1952 4701 1965 4745 :
1989 4684 2125 4745 Non
2154 4702 2240 4745 re-

741 4791 951 4873 quiret
973 4789 1151 4851 DeuS.
1177 4787 1510 4867 Propterea
1542 4783 1737 4864 impie
1769 4781 2006 4862 putasti
2036 4781 2236 4842 Deum

741 4907 867 4951 non
916 4886 1134 4948 ulcisci
1188 4893 1540 4967 peccatum.
1586 4881 1707 4942 Aut
1752 4880 2054 4962 quoniam
2100 4880 2238 4942 viso

743 4986 1209 5068 concupitoque
1264 4981 1648 5064 principatu,
1691 4980 1858 5060 quod
1906 4998 2097 5059 supra
2141 4999 2236 5039 as-

744 5096 837 5148 tra
878 5085 1019 5148 coeli
1061 5083 1367 5146 exaltares
1408 5079 1639 5142 solium
1679 5087 1883 5150 tuum,
1919 5076 2128 5138 statim
2170 5077 2233 5138 in
2342 5078 2577 5140 fructu.
2611 5079 2852 5160 Nempe
2896 5080 3066 5160 quod
3112 5079 3294 5153 dixit,
3329 5080 3394 5141 In
3441 5098 3846 5162 quacumque
3881 5100 4014 5146 Gen.
4045 5119 4062 5145 ι

742 5185 928 5247 oculo
964 5181 1278 5264 superbiae
1325 5179 1493 5242 trabs
1532 5177 1831 5246 excrevit,
1870 5195 1997 5256 qua
2042 5174 2233 5236 inter-

744 5284 970 5370 posita,
1005 5301 1217 5347 casum
1252 5291 1433 5344 tuum
1466 5279 1681 5342 vide-re
1712 5295 1835 5339 non
1870 5275 2153 5360 potuisti.

2346 4393 2508 4452 hanc
2565 4410 2692 4453 non
2745 4392 2982 4472 infligit
3037 4393 3174 4454 sine
3225 4394 3458 4474 praevia
3505 4395 3712 4476 culpa.
3765 4433 3849 4442 —

2344 4491 2486 4553 Haec
2531 4490 2846 4552 AlbertuS.
2895 4526 2972 4534 —
3019 4491 3109 4552 Ex
3155 4491 3389 4572 quibus
3435 4493 3628 4554 etiam
3675 4503 3850 4575 patet.

2345 4589 2744 4668 objectorum
2789 4590 3038 4651 solutio.

2423 4688 2874 4748 Verumtamen
2927 4695 3145 4749 contra
3187 4687 3320 4750 haec
3363 4687 3557 4768 objici
3610 4700 3846 4771 posset,

2347 4786 2518 4867 quod
2571 4786 2736 4847 Deus
2791 4785 3001 4866 primo
3058 4786 3303 4847 homini
3362 4804 3488 4848 non
3543 4787 3850 4850 revelavit

2347 4903 2527 4944 suam
2579 4883 3140 4964 transgressionem
3189 4883 3499 4955 absolute,
3543 4886 3653 4947 sed
3701 4903 3850 4947 con-

2345 4980 2753 5054 ditionaliter,
2790 4988 3028 5062 utpote,
3062 4981 3115 5042 si
3157 4983 3235 5043 de
3277 4982 3597 5063 prohibito
3631 4984 3847 5045 ederet

2344 5177 2445 5239 die
2494 5196 2570 5238 ex
2618 5195 2693 5239 eo
2744 5177 3116 5250 comederis,
3159 5178 3320 5239 dixit
3370 5177 3846 5258 praeadvisando

2343 5285 2404 5338 et
2433 5276 2825 5340 admonendo
2857 5295 2934 5338 ne
2967 5277 3112 5340 inde
3143 5277 3657 5352 comederet,non
3689 5297 3844 5360 prae-

4063 5119 4098 5156 ι,
4125 5110 4199 5150 Π.
