4334 6242
601 1073 711 1120 Gen.
725 1088 838 1120 xviu.

881 481 1003 548 452

1542 498 1606 548 IN
1646 499 1866 548 LIBRUM
1906 497 1950 546 11
1993 497 2473 548 SENTENTIARUM.
2517 519 2598 530 --
2639 499 2791 547 msr.
2828 499 2977 562 vm3
3022 497 3246 556 QUAEST.
3290 498 3333 545 11

880 670 1030 733 bile.
1083 671 1228 734 Ideo
1277 689 1403 734 non
1455 673 1708 755 proprie
1759 673 2122 746 comedunt,
2174 690 2381 754 neque
2411 670 2462 735 A
2492 680 2587 734 est
2631 671 2695 733 in
2740 689 2868 734 uno
2910 671 3076 754 quod
3121 670 3312 732 etiam
3356 669 3423 732 in
3467 669 3591 732 alio
3633 687 3647 730 ε
3690 669 3995 751 quemad-

881 769 1114 832 bibunt
1161 789 1175 834 :
1228 771 1378 852 quia
1425 770 1544 834 etsi
1594 771 1810 833 cibum
1863 771 2148 833 dividant
2192 777 2381 852 atque

881 867 1222 949 trajiciant,
1257 886 1386 931 non
1420 877 1633 932 tamen
1673 877 1851 931 actus
1893 869 1986 930 illi
2028 869 2380 951 procedunt

881 985 919 1028 a
962 967 1246 1048 potentia
1286 967 1534 1030 valente
1584 968 1869 1048 digerere
1915 976 2104 1049 atque
2154 967 2221 1028 in
2264 986 2379 1028 nu-

884 1065 1258 1127 trimentum
1290 1075 1677 1128 convertere.
1710 1065 2025 1127 Abraham
2063 1071 2276 1126 autem
2313 1064 2378 1125 in

785 1204 788 1207 -
882 1163 1201 1245 principio
1251 1181 1379 1226 non
1429 1164 1724 1245 cognovit
1771 1171 1900 1225 tres
1949 1163 2092 1225 illos
2142 1163 2378 1244 quibus

586 1775 704 1819 laid.
725 1787 784 1825 vi,
809 1773 850 1815 2.

882 1261 1115 1324 obtulit
1162 1262 1360 1336 cibos,
1406 1263 1662 1344 angelos
1715 1281 1874 1336 esse,
1921 1263 2030 1324 sed
2087 1262 2152 1322 in
2207 1261 2375 1340 fine3

881 1360 984 1422 vel
1029 1361 1080 1422 si
1128 1361 1192 1422 in
1239 1360 1558 1443 principio
1599 1360 1785 1424 scivit
1830 1361 1972 1434 hoc,
2011 1359 2245 1422 obtulit
2285 1359 2378 1421 eis

882 1457 1060 1522 cibos
1117 1459 1184 1520 in
1240 1460 1858 1522 commendationem
1917 1458 2191 1540 alicujus
2248 1477 2381 1541 my-

881 1557 1076 1619 sterii.
1124 1593 1204 1603 —
1253 1557 1464 1639 Aliqui
1515 1575 1768 1640 quoque
1817 1557 2165 1630 affirmant,
2208 1555 2377 1638 quod

881 1655 1198 1718 daemones
1233 1656 1299 1717 in
1328 1656 1672 1738 assumptis
1704 1655 2076 1738 corporibus
2119 1671 2246 1717 non
2278 1672 2380 1715 va-

883 1753 1051 1816 leant
1087 1772 1423 1834 generare3
1460 1774 1578 1816 nec
1616 1773 1730 1837 per
1759 1754 1930 1817 filios
1961 1753 2070 1816 Dei
2113 1752 2179 1815 in
2218 1771 2376 1834 prae-

2492 771 2754 833 modum
2791 770 3005 832 anima
3044 787 3169 831 non
3212 777 3505 832 movetur
3542 787 3658 851 per
3696 767 3994 830 accidens

2487 869 2567 930 ad
2620 877 2863 930 motum
2912 887 3161 941 manuS,
3212 867 3323 929 sed
3369 867 3447 929 ad
3501 873 3746 930 motum
3798 865 3994 928 totius

2490 967 2792 1050 corporis
2815 967 3121 1030 Similiter
3148 973 3350 1028 motor
3377 965 3552 1028 orbis
3582 963 3996 1045 conjungitur

2488 1065 2627 1129 orbi
2676 1066 3030 1128 secundum
3066 1073 3293 1139 totum,
3337 1072 3407 1126 ut
3450 1063 3671 1126 dicunt
3714 1062 3992 1144 philoso-

2490 1164 2624 1246 phi,
2678 1172 2741 1226 et
2796 1182 2925 1227 non
2984 1163 3094 1224 uni
3153 1163 3317 1245 parti
3374 1169 3645 1235 tantum,
3697 1160 3993 1242 quamvis

2488 1263 2691 1325 virtus
2722 1263 2863 1343 ejus
2894 1263 3103 1343 primo
3132 1268 3433 1343 appareat
3464 1260 3529 1323 in
3566 1260 3825 1322 dextera
3854 1277 3992 1340 par-

2489 1369 2550 1423 te
2593 1360 2766 1424 orbis
2812 1360 2978 1422 unde
3022 1359 3250 1441 incipit
3292 1367 3501 1422 motus
3538 1376 3551 1419 :
3584 1366 3647 1420 et
3678 1357 3821 1420 ideo
3864 1374 3991 1419 non

2490 1466 2781 1523 movetur
2823 1478 2936 1541 per
2977 1458 3295 1533 accidenS,
3338 1457 3638 1540 quoniam
3682 1463 3853 1520 totus
3898 1474 3999 1518 or«

2488 1558 2589 1620 bis
2636 1576 2760 1620 non
2806 1564 3100 1619 movetur
3142 1564 3317 1618 extra
3359 1575 3549 1618 suum
3601 1554 3837 1630 locum,
3878 1554 3988 1616 sed

2488 1657 2581 1718 sic
2627 1656 2797 1738 quod
2842 1655 2925 1718 sit
2968 1654 3035 1717 in
3082 1654 3205 1717 alio
3254 1654 3391 1717 loco
3440 1653 3705 1726 ratione,
3746 1661 3811 1714 et
3858 1670 3985 1715 non

2488 1754 2797 1835 subjecto.
2834 1754 2976 1816 Haec
3020 1754 3289 1816 Thomas
3333 1753 3399 1815 in
3442 1753 3709 1834 Scripto.

878 1851 1094 1914 habita
1134 1851 1506 1915 auctoritate
1546 1853 1865 1916 daemones
1909 1851 2176 1913 incubos
2216 1851 2376 1912 desi·
2411 1848 2458 1913 B
2567 1855 2755 1917 Porro
2796 1854 2858 1915 in
2901 1853 3108 1935 prima
3146 1861 3322 1935 parte
3356 1853 3656 1925 Summae,
3690 1849 3984 1933 quaestio·

873 1950 1070 2031 gnari,
1086 1951 1196 2013 sed
1226 1950 1392 2013 filios
1416 1951 1579 2022 Seth,
1594 1959 1656 2013 et
1687 1969 1800 2033 per
1828 1950 1996 2012 filias
2026 1949 2372 2021 hominum,

873 2056 1050 2111 natas
1080 2067 1158 2111 ex
1185 2049 1353 2113 Cain.
1370 2049 1492 2112 Sed
1522 2050 1666 2131 quia
1689 2069 1725 2111 a
1750 2049 1968 2111 multis
1999 2048 2374 2110 contrarium

871 2147 1128 2221 dicitur,
1161 2154 1225 2210 et
1254 2148 1423 2230 quod
1457 2147 1672 2210 multis
1703 2147 1975 2221 videtur,
2009 2164 2134 2209 non
2165 2153 2373 2228 potest

871 2245 1136 2308 omnino
1192 2245 1424 2307 salsum
1481 2263 1641 2320 esse,
1695 2245 2046 2308 secundum
2097 2244 2374 2306 Philoso-

873 2343 1074 2424 phum
1121 2343 1393 2424 septimo
1436 2343 1871 2426 Physicorum,
1905 2351 1968 2404 et
2010 2341 2072 2403 in
2119 2340 2251 2404 fine
2292 2342 2371 2403 de

872 2441 1108 2504 Somno
1157 2449 1220 2503 et
1268 2441 1520 2522 vigilia3
1564 2441 1706 2503 ideo
1753 2441 1880 2503 dici
1931 2446 2158 2522 potest,
2202 2439 2371 2521 quod

871 2557 987 2622 per
1033 2547 1246 2602 actum
1308 2538 1563 2602 illorum
1618 2539 1975 2620 completur
2021 2537 2367 2619 generatio,

872 2637 937 2700 in
996 2645 1305 2720 quantum
1359 2655 1576 2699 semen
1633 2637 1990 2699 humanum
2047 2653 2369 2718 apponere

869 2743 1138 2818 possunt
1175 2735 1241 2797 in
1283 2735 1421 2798 loco
1461 2735 1865 2798 convenienti
1903 2736 1979 2797 ad
2020 2733 2371 2816 proportio-

869 2842 1082 2895 natam
1130 2833 1482 2907 materiam,
1516 2833 2053 2916 quemadmodum
2099 2832 2367 2894 aliarum

868 2931 1115 2994 semina
1163 2950 1376 2993 rerum
1420 2931 1716 3012 colligere
1754 2938 2022 3012 possunt
2067 2930 2144 2991 ad
2185 2947 2369 3011 quos-

2486 1972 2566 2015 ne
2613 1952 3142 2035 quinquagesima
3190 1950 3399 2033 prima
3442 1970 3456 2015 ε
3499 1950 3793 2025 Quaedam
3839 1949 3984 2030 (ait)

2486 2051 2838 2113 viventium
2871 2069 3065 2132 opera
3091 2049 3333 2132 aliquid
3373 2048 3611 2111 habent
3639 2066 3982 2110 commune

2486 2169 2633 2212 cum
2682 2148 2931 2211 actibus
2982 2148 3127 2210 aliis
3174 2165 3188 2209 :
3242 2157 3311 2210 ut
3361 2147 3558 2230 loqui,
3610 2165 3757 2209 cum
3808 2145 3981 2208 sonis

2484 2248 3013 2326 inanimatorum3
3044 2254 3109 2308 et
3140 2245 3456 2328 progredi,
3488 2264 3636 2308 cum
3669 2244 3815 2307 aliis
3850 2262 3981 2307 mo·

2482 2345 2673 2408 tibus,
2696 2346 2841 2408 Ideo
2871 2363 3063 2427 opera
3090 2345 3237 2407 vitae
3266 2352 3576 2426 quantum
3606 2343 3684 2406 ad
3719 2343 3780 2405 id
3812 2343 3982 2425 quod

2482 2451 2577 2506 est
2607 2443 2895 2526 utrisque
2926 2462 3287 2519 commune,
3322 2453 3587 2526 possunt
3617 2443 3696 2504 ab
3738 2441 3981 2523 angelis

2482 2541 2625 2604 fieri
2684 2561 2799 2624 per
2858 2560 3122 2624 corpora
3178 2550 3525 2624 assumpta,
3580 2559 3704 2604 non
3764 2547 3979 2602 autem

2482 2649 2791 2723 quantum
2839 2642 2915 2703 ad
2968 2642 3031 2704 id
3083 2641 3249 2725 quod
3297 2649 3393 2703 est
3436 2641 3793 2703 viventium
3842 2657 3983 2722 pro-

2482 2739 2695 2821 prium
2722 2758 2738 2819 3
2762 2740 2913 2822 quia
2941 2740 3291 2803 secundum
3323 2739 3777 2821 Philosophum
3817 2738 3981 2800 libro

2480 2838 2558 2899 de
2607 2838 2841 2902 Somno
2888 2844 2952 2900 et
2997 2838 3237 2918 vigilia,
3290 2837 3475 2919 cujus
3528 2845 3624 2900 est
3670 2836 3978 2918 potentia,

2479 2935 2620 3014 ejus
2668 2944 2763 2997 est
2812 2943 3009 2997 actus,
3061 2935 3221 2996 Hinc
3271 2934 3429 2997 nihil
3490 2941 3697 3016 potest
3741 2932 3979 2995 habere

867 3029 1015 3091 dam
1060 3028 1498 3111 producendos
1541 3027 1810 3090 effectus
1846 3047 1859 3091 :
1895 3027 1982 3088 ita
2023 3035 2092 3088 ut
2136 3028 2367 3091 daemo-
2405 3035 2449 3099 C
2479 3051 2639 3115 opus
2690 3033 2833 3096 vitae
2883 3033 3051 3114 quod
3101 3051 3229 3096 non
3287 3031 3516 3095 habeat
3560 3032 3783 3105 vitam,
3836 3050 3978 3113 quae

867 3126 1058 3188 nibus
1103 3125 1310 3188 solum
1352 3125 1734 3187 attribuatur
1778 3125 1839 3187 id
1885 3125 2056 3207 quod
2099 3133 2192 3187 est
2238 3143 2367 3186 mo-

867 3224 1060 3288 tionis
1119 3224 1360 3299 localiS‚
1411 3243 1539 3286 non
1598 3224 1921 3304 generatio
1969 3224 2128 3305 ipsa,
2180 3223 2367 3304 cujus

865 3320 1258 3404 principium
1307 3340 1434 3384 non
1485 3330 1576 3384 est
1627 3321 1829 3384 virtus
1878 3322 2205 3396 daemoniS,
2248 3340 2367 3383 nec

865 3421 1150 3503 corporis
1179 3420 1261 3483 ab
1292 3421 1434 3503 ipso
1468 3420 1804 3502 assumpti,
1838 3422 1949 3483 sed
1979 3420 2181 3482 virtus
2225 3419 2365 3500 ejus

865 3539 902 3582 a
931 3537 1060 3602 quo
1097 3528 1427 3602 sumptum
1467 3527 1564 3582 est
1592 3537 1831 3581 semen.
1869 3519 2030 3580 Hinc
2067 3526 2253 3581 natus
2289 3537 2365 3580 ex

865 3618 1110 3680 semine
1162 3617 1292 3692 illo,
1344 3625 1441 3680 est
1493 3617 1672 3680 filius
1729 3617 2009 3679 hominis
2065 3617 2362 3697 alicujuS,

867 3734 996 3779 non
1049 3701 1376 3779 daimonis.
1431 3717 1696 3798 Insuper
1744 3716 1952 3778 taliter
1999 3723 2179 3778 natos
2227 3733 2368 3798 pos·

866 3813 1056 3876 sibile
1097 3822 1192 3876 est
1233 3833 1372 3876 esse
1417 3832 1679 3896 corpore
1723 3833 2004 3894 magnOS,
2047 3833 2120 3876 ac
2169 3813 2367 3876 fortes

867 3913 1044 3976 velut
1088 3913 1374 3994 gigantes
1423 3930 1436 3974 :
1486 3912 1783 3994 quoniam
1835 3913 2154 3976 daemones
2204 3913 2367 3974 scire

866 4010 1080 4073 valent
1116 4011 1418 4073 virtutem
1470 4010 1734 4072 seminis
1781 4011 1980 4073 decisi
2031 4029 2106 4073 ex
2157 4011 2367 4094 dispo-

867 4109 1096 4172 sitione
1139 4109 1280 4190 ejus
1316 4129 1353 4171 a
1392 4127 1520 4191 quo
1558 4109 1843 4170 decisum
1887 4116 2004 4184 est,
2042 4117 2104 4172 et
2146 4110 2370 4171 mulie-

2478 3138 2572 3192 est
2616 3128 2961 3212 potentiale
3012 3128 3402 3212 principium
3454 3127 3826 3209 hujusmodi
3877 3147 3979 3190 ac-

2477 3228 2686 3290 tionis.
2734 3229 2809 3290 Et
2852 3227 3002 3310 quia
3050 3227 3286 3289 sentire
3334 3234 3431 3290 est
3475 3226 3753 3290 totaliter
3800 3235 3979 3290 actus
4034 3255 4043 3262 ·

2476 3327 2645 3402 vitae,
2700 3326 2841 3390 ideo
2887 3325 3096 3407 angeli
3146 3345 3261 3408 per
3307 3344 3543 3406 organa
3592 3324 3701 3387 illa
3748 3324 3841 3386 nil
3890 3326 3980 3387 vi·

2476 3425 2647 3498 dent,
2682 3443 2799 3487 nec
2834 3425 3121 3487 audiunt.
3154 3424 3280 3486 Nec
3320 3432 3533 3486 tamen
3573 3422 3811 3485 frustra
3848 3441 3981 3486 cor-

2477 3542 2597 3605 pus
2647 3524 3077 3604 organizatum
3127 3529 3483 3595 assumunt,
3530 3522 3641 3584 sed
3689 3522 3769 3584 ad
3818 3522 3979 3585 desi-

2474 3622 2795 3702 gnandum
2838 3641 2983 3684 suas
3031 3621 3395 3704 spirituales
3441 3620 3882 3702 proprietateS,
3916 3629 3976 3684 et

2477 3727 2547 3781 ut
2594 3719 2966 3782 hominibus
3015 3739 3082 3782 se
3131 3717 3575 3782 familiariores
3622 3727 3733 3781 aut
3776 3721 3975 3801 magis

2477 3819 2982 3901 proportionatos
3030 3817 3389 3880 exhibeant.
3436 3853 3516 3862 —
3562 3817 3649 3880 De
3704 3817 3826 3880 hoc
3874 3819 3976 3880 de-

2478 3935 2771 3990 mum,an
2804 3917 3121 3979 daemones
3153 3914 3410 3977 feminis
3442 3915 3977 3977 commisceantur

2476 4032 2549 4076 ac
2587 4022 2912 4094 generent,
2947 4013 3172 4075 scribit
3210 4013 3602 4093 Augustinus
3644 4013 3976 4094 quintode·

2476 4113 2645 4176 cimo
2696 4112 2859 4174 libro
2903 4113 2979 4174 de
3020 4112 3286 4174 Civitate
3336 4111 3444 4173 Dei
3490 4129 3504 4175 ε
3548 4111 3726 4173 Multi
3770 4130 3837 4174 se
3877 4131 3979 4174 ex·

869 4226 1004 4270 rem
1046 4209 1246 4289 magis
1286 4207 1826 4290 proportionatam
1869 4208 1948 4270 ad
1987 4209 2253 4270 seminis
2295 4207 2366 4269 il·
2397 4218 2447 4279 D
2477 4219 2689 4292 pertos
2738 4218 2847 4273 aut
2888 4210 2967 4272 ab
3012 4210 3289 4291 expertis
3330 4209 3583 4271 audisse
3623 4208 3975 4282 affirmant,

868 4305 990 4367 lius
1021 4306 1792 4389 susceptionem,itemque
1825 4306 2365 4369 constellationem

866 4402 1196 4484 juvantem
1244 4404 1323 4465 ad
1372 4405 1763 4486 corporalem
1815 4404 2144 4478 effectum,
2197 4405 2369 4467 vide-

868 4501 1018 4563 licet
1047 4502 1304 4583 optimae
1344 4501 1804 4583 complexionis
1837 4502 1898 4564 in
1932 4502 2146 4582 genito
2182 4520 2195 4564 ε
2232 4503 2368 4584 qui·

867 4598 988 4660 bus
1018 4598 1319 4661 omnibus
1351 4598 1900 4672 concurrentibuS,
1932 4599 2217 4680 gignitur
2250 4600 2366 4661 hu-

865 4695 1221 4778 juscemodi
1253 4697 1483 4779 proles.
1510 4733 1591 4744 -
1617 4697 1910 4779 Amplius
1941 4698 1993 4759 si
2023 4706 2363 4780 quaeratur,

865 4815 946 4858 an
1009 4796 1218 4876 angeli
1286 4795 1435 4858 boni
1501 4815 1614 4858 seu
1675 4796 1826 4858 mali
1899 4804 2238 4859 moventur
2300 4798 2365 4859 in

867 4895 1214 4976 assumptis
1284 4893 1708 4976 corporibus;
1769 4893 2133 4969 dicendum,
2196 4896 2367 4978 quod

871 5000 1209 5056 moventur
1265 4994 1344 5056 ad
1406 5000 1646 5056 motum
1707 4994 1966 5057 illorum
2026 5014 2141 5077 per
2197 4996 2365 5057 acci-

869 5093 1046 5167 dens,
1081 5111 1281 5174 quum
1313 5093 1378 5154 in
1409 5092 1502 5154 eis
1533 5092 1658 5154 sint
1690 5092 2045 5168 definitive,
2080 5094 2166 5156 ita
2196 5095 2367 5176 quod

867 5209 995 5253 non
1044 5190 1220 5252 alibi.
1274 5191 1438 5253 Deus
1495 5197 1710 5254 autem
1763 5209 1891 5254 non
1951 5200 2243 5255 movetur
2289 5195 2368 5256 ad

871 5297 1116 5352 motum
1175 5289 1458 5372 corporis
1517 5289 2003 5372 cujuscumque,
2067 5292 2220 5373 quia
2274 5293 2368 5355 sic

2478 4309 2764 4371 Silvanos
2814 4316 2877 4370 et
2926 4309 3169 4370 Faunos
3229 4295 3555 4389 improbos
3612 4327 3779 4390 saepe
3830 4327 3975 4370 cum

2478 4406 2858 4470 mulieribus
2906 4407 3245 4479 exstitisse,
3288 4413 3351 4468 et
3392 4425 3611 4469 earum
3661 4408 3977 4489 expetisse

2475 4525 2549 4568 ac
2579 4505 2899 4588 peregisse
2930 4503 3365 4568 concubitum.
3392 4505 3566 4567 Unde
3598 4505 3717 4567 hoc
3748 4524 3975 4586 negare

2478 4604 2925 4686 imprudentia}
2954 4611 3065 4665 est.
3100 4603 3221 4666 Sed
3251 4603 3459 4684 angeli
3494 4603 3694 4666 sancti
3725 4603 3818 4666 sic
3850 4602 3973 4665 labi

2475 4710 2620 4764 ante
2669 4702 2986 4764 diluvium
3044 4700 3407 4764 nullatenus
3457 4709 3803 4784 potuerunt
3820 4720 3838 4781 3
3888 4703 3977 4763 id-

2478 4801 2647 4863 circo
2679 4800 2745 4862 in
2778 4799 3003 4864 Genesi
3034 4819 3149 4882 per
3178 4798 3349 4862 filios
3381 4801 3493 4862 Dei
3533 4800 3976 4881 intelliguntur

2476 4900 2600 4963 filii
2647 4899 2818 4974 Seth,
2851 4905 2997 4973 etc„
3041 4907 3111 4960 ut
3154 4917 3365 4980 supra.
3407 4899 3550 4962 Haec
3595 4899 3867 4962 Thomas
3910 4899 3975 4960 in

2478 4999 2756 5061 Summa.

2558 5097 2674 5169 Qui
2716 5096 2783 5157 in
2822 5095 3070 5178 Scripto
3108 5095 3461 5177 approbare
3496 5095 3750 5159 videtur
3788 5113 3973 5179 expo-

2479 5195 2775 5258 sitionem
2832 5195 3110 5276 Josephi,
3162 5194 3577 5276 intelligentis
3633 5214 3749 5278 per
3805 5195 3972 5258 filios

2481 5293 2615 5368 Dei,
2646 5295 2967 5356 daemones
3008 5293 3294 5356 incuboS.
3330 5293 3551 5356 Melius
3585 5312 3739 5359 vero
3772 5303 3868 5357 est
3904 5303 3971 5356 ut

4068 1976 4139 2015 ut.
4162 1977 4194 2016 3.

4044 3841 4093 3886 ad
4110 3845 4197 3884 6¹⁸.
