4334 6242
803 467 926 536 534

1499 485 1564 534 IN
1604 486 1827 535 LIBRUM
1868 487 1912 533 11
1954 485 2439 534 SENTEN'HARUH.
2484 503 2567 516 ·—·
2606 487 2763 533 msr.
2803 487 2887 550 X3
2930 488 3155 543 QUAEST.
3198 489 3245 534 11

805 659 982 722 addit
1025 658 1332 722 effectum
1375 658 1443 721 in
1485 658 1778 733 alterum,
1821 659 1933 720 sed
1977 657 2167 720 etiam
2212 677 2314 720 ac·
2344 655 2397 718 A
2427 657 2592 721 ultra
2624 659 3074 740 cogitationem
3102 660 3279 722 addit
3306 660 3679 724 ulteriorem
3709 669 3930 723 actum

806 765 945 822 tum
987 765 1053 820 et
1101 758 1385 820 medium
1435 757 1714 838 signum,
1747 756 2046 820 videlicet
2088 774 2313 820 vocem

807 856 1178 920 sensibilem
1211 874 1326 937 per
1354 874 1547 937 quam
1578 855 1811 917 mentis
1843 863 2191 937 conceptus
2227 854 2313 917 al-

806 956 928 1018 teri
965 953 1353 1017 notificatur.
1389 954 1461 1015 In
1499 953 1758 1016 homine
1797 953 1971 1016 enim
2017 960 2113 1014 est
2148 953 2314 1015 alius

807 1061 986 1116 actus
1018 1052 1451 1115 conversionis
1491 1071 1686 1135 supra
1715 1070 1804 1126 se,
1839 1060 1901 1114 et
1940 1051 2103 1114 alius
2135 1059 2314 1113 actus

809 1151 1244 1215 conversionis
1302 1151 1379 1213 ad
1437 1151 1730 1213 alterurn.
1798 1150 1868 1213 In
1934 1149 2313 1230 cogitatione

810 1250 1203 1314 convertitur
1241 1249 1455 1312 anima
1484 1268 1677 1331 supra
1719 1249 1783 1310 id
1816 1249 1987 1331 quod
2021 1248 2215 1310 habet
2248 1249 2313 1310 in

811 1369 901 1424 se,
944 1349 1010 1411 in
1057 1347 1375 1411 locutione
1413 1354 1627 1410 autem
1667 1347 1860 1410 offert
1903 1347 2024 1409 hoc
2069 1343 2253 1409 alteri
2297 1364 2311 1408 ε

811 1448 1032 1529 sicque
1079 1446 1252 1509 aliud
1301 1453 1396 1508 est
1445 1447 1744 1527 cogitare,
1791 1465 1984 1528 quam
2034 1445 2315 1507 exterius

811 1546 1034 1628 loqui;
1083 1553 1146 1608 et
1195 1545 1282 1607 ita
1329 1545 1503 1607 addit
1553 1553 1769 1606 actum
1828 1544 2063 1608 locutio
2123 1563 2317 1625 supra

811 1644 1260 1726 cogitationem
1321 1643 1387 1705 in
1441 1642 1722 1706 homine.
1777 1643 2007 1706 Anima
2059 1661 2316 1725 quoque

811 1743 1117 1826 quamdiu
1165 1743 1336 1824 degit
1385 1742 1454 1804 in
1502 1760 1788 1825 corpore,
1842 1760 1971 1805 non
2021 1749 2118 1803 est
2172 1748 2320 1803 nata

2423 764 2615 839 atque
2659 765 3047 839 respectum,
3083 759 3325 821 ratione
3370 759 3557 839 cujus
3600 760 3936 822 concernit

2424 855 2680 919 finitam
2734 856 3124 931 distantiam,
3173 858 3472 940 quamvis
3522 858 3821 938 cogitatio
3866 867 3937 921 et

2425 955 2789 1018 intellectus
2830 955 3199 1019 abstrahant
3241 956 3322 1018 ab
3365 956 3540 1019 omni
3591 957 3935 1037 distantia;

2424 1060 2489 1114 et
2530 1053 2739 1134 angeli
2784 1054 2985 1116 sancti
3036 1054 3449 1135 cogitationes
3493 1075 3640 1118 suas
3686 1056 3766 1118 ad
3816 1075 3937 1118 nu-

2424 1159 2562 1213 tum
2594 1151 2941 1214 voluntatis
2981 1153 3170 1215 modo
3209 1153 3708 1228 communicant,
3745 1154 3939 1217 modo

2425 1250 2766 1312 occultant.

2505 1349 2741 1410 Verum
2791 1347 2891 1411 his
2935 1347 3132 1429 objici
3176 1357 3401 1430 potest.
3450 1350 3712 1413 Locutio
3760 1370 3941 1414 nam-

2427 1465 2552 1528 que
2595 1445 2903 1508 differens
2942 1465 2979 1508 a
3021 1447 3425 1528 cogitatione,
3458 1448 3635 1510 addit
3674 1449 3937 1531 aliquod

2427 1545 2683 1625 signum
2733 1545 3121 1627 exprimens,
3171 1545 3234 1607 Si
3284 1564 3435 1627 ergo
3481 1547 3747 1627 angelus
3796 1547 3941 1609 vult

2428 1643 2709 1724 speciem
2750 1661 2932 1705 suam
2973 1643 3445 1724 intelligibilem
3486 1643 3669 1707 alteri
3708 1645 3939 1726 angelo

2430 1741 2839 1803 manifestare
2881 1741 3221 1823 loquendo,
3253 1750 3316 1804 et
3347 1742 3414 1804 in
3446 1743 3587 1824 ipso
3624 1742 3941 1806 differunt

811 1841 1160 1924 suscipere,
1185 1841 1308 1903 nisi
1340 1840 1660 1903 mediante
1689 1840 1754 1903 vi
1786 1840 2052 1902 sentiva.
2075 1839 2319 1902 Idcirco
2350 1840 2399 1902 B
2428 1838 2727 1920 cogitatio
2756 1847 2819 1901 et
2850 1838 3109 1914 locutio,
3143 1848 3393 1922 oportet
3421 1841 3592 1923 quod
3631 1840 3941 1904 differant

811 1939 1160 2022 requiritur
1189 1939 1443 2020 signum
1476 1938 2121 2020 sensibile,quatenus
2152 1938 2321 2000 sicut

811 2035 1003 2102 homo
1033 2037 1425 2120 compositus
1456 2044 1553 2100 est
1582 2056 1659 2100 ex
1688 2037 1904 2099 anima
1934 2044 1996 2099 et
2027 2054 2315 2117 corpore,

812 2136 906 2199 sic
948 2136 1185 2199 locutio
1223 2135 1364 2216 ejus
1402 2135 1648 2218 aliquid
1689 2135 1919 2197 habeat
1962 2135 2315 2218 spirituale,

812 2244 876 2298 et
914 2234 1156 2317 aliquid
1203 2234 1550 2316 corporale.
1583 2269 1664 2278 ——-
1693 2233 1764 2295 In
1799 2233 2042 2314 angelis
2077 2241 2315 2306 autem,

812 2352 1014 2415 quum
1064 2333 1192 2395 sint
1240 2332 1605 2414 spirituales
1653 2330 2047 2405 substantiae,
2083 2331 2319 2394 locutio

811 2430 1005 2494 habet
1043 2450 1112 2493 se
1155 2431 1367 2493 medio
1409 2430 1596 2493 modo
1631 2448 1644 2492 :
1680 2449 1829 2492 narn
1874 2428 2042 2492 ultra
2085 2429 2319 2510 cogita-

812 2530 1054 2593 tionem
1085 2529 1260 2591 addit
1289 2529 1597 2592 effectum
1629 2529 1763 2591 sive
1795 2535 2175 2612 respectum,
2190 2546 2319 2591 non

815 2627 1120 2691 sensibile
1170 2627 1447 2708 signum.
1502 2627 1693 2689 Addit
1742 2634 1956 2690 autem
2010 2626 2318 2688 effectum

813 2727 950 2789 sive
997 2734 1381 2808 respectum,
1424 2726 1728 2808 quoniam
1778 2725 2077 2806 cogitatio
2124 2745 2321 2806 quan-

813 2832 952 2887 tum
981 2833 1078 2887 est
1108 2825 1186 2887 de
1217 2844 1306 2898 se,
1339 2831 1543 2886 exstat
1581 2831 1823 2885 secreta
1857 2841 1870 2885 :
1907 2823 2050 2886 ideo
2084 2841 2211 2886 non
2242 2823 2321 2886 fit

814 2923 997 2985 alteri
1028 2922 1387 2996 manifesta,
1422 2921 1547 2984 nisi
1579 2922 1862 3002 cogitans
1892 2921 2134 3003 aliquid
2165 2921 2321 2984 ofse-

2429 1937 2621 2000 etiam
2668 1937 2915 2018 species
2956 1938 3064 2000 illa
3103 1946 3165 2000 et
3208 1939 3463 2020 signum
3510 1941 3681 2022 quod
3724 1941 3939 2022 expri-

2431 2037 2566 2098 mit..
2602 2036 2779 2098 Tune
2822 2054 3037 2118 quaero
3082 2037 3160 2100 de
3209 2037 3391 2118 signo
3435 2037 3547 2100 illo
3582 2055 3596 2100 τ
3632 2039 3783 2121 quia
3824 2047 3938 2101 aut

2430 2142 2526 2197 est
2572 2135 2841 2216 species,
2889 2142 2999 2196 aut
3046 2143 3142 2197 est
3190 2155 3308 2198 res.
3359 2136 3423 2198 Si
3474 2136 3744 2218 specieS,
3796 2137 3937 2220 pari

2430 2233 2673 2296 ratione
2720 2233 2962 2315 indiget
3002 2234 3220 2316 aliquo
3268 2234 3487 2315 sign03
3531 2243 3596 2297 et
3637 2234 3939 2298 similiter

2430 2339 2821 2414 quaereretur
2865 2332 2942 2394 de
2993 2331 3104 2394 illo
3152 2333 3339 2395 tertio
3396 2333 3600 2414 signo,
3647 2351 3767 2396 nec
3814 2335 3941 2397 erit

2429 2436 2648 2491 status,
2685 2429 2749 2491 Si
2781 2447 2932 2492 vero
2962 2437 3058 2492 est
3097 2449 3222 2504 res,
3254 2438 3363 2493 aut
3395 2449 3546 2512 ergo
3584 2430 3936 2504 sensibiliS,

2428 2534 2538 2589 aut
2568 2526 3012 2607 intelligibilis.
3048 2527 3186 2590 Non
3227 2528 3574 2603 sensibiliS,
3607 2549 3811 2612 quum
3845 2531 3942 2592 ni-

2428 2624 2519 2686 hil
2560 2623 2865 2686 sensibile
2906 2624 3168 2687 exsistat
3209 2625 3275 2688 in
3313 2626 3557 2707 angelo.
3594 2627 3659 2689 Si
3702 2627 3939 2691 intelli-

2426 2722 2667 2803 gibilis‚
2701 2741 2915 2804 quaero
2953 2742 3150 2805 quare
3183 2723 3357 2786 illam
3399 2726 3599 2806 magis
3636 2725 3938 2809 intelligit

2426 2821 2687 2902 angelus
2717 2821 2820 2883 cui
2854 2820 2930 2883 fit
2958 2840 3388 2905 sermo,quam
3420 2824 3701 2907 speciem
3734 2825 3940 2908 ipsam

2430 2939 2573 3002 quae
2610 2927 2708 2981 est
2746 2920 2813 2981 in
2854 2920 3185 2982 intellectu
3225 2921 3531 3002 angelico.
3568 2923 3645 2984 Et
3688 2942 3935 2998 rursuS,

816 3027 912 3083 rat
953 3020 1158 3094 alteri,
1191 3028 1255 3082 et
1303 3019 1647 3101 aperiendo
1691 3038 1780 3093 se,
1816 3020 1996 3102 quasi
2043 3020 2319 3101 quodam
2358 3022 2401 3086 G
2432 3036 2531 3080 res
2563 3037 2705 3098 quae
2746 3025 2841 3080 est
2879 3018 2946 3079 in
2988 3036 3117 3080 uno
3156 3019 3403 3099 angele,
3436 3021 3659 3102 nequit
3689 3020 3836 3084 fieri
3870 3022 3938 3084 in

741 3151 746 3164 ·
816 3127 978 3183 nutu
1010 3119 1349 3192 mediante,
1383 3119 1448 3181 id
1488 3119 1658 3200 quod
1691 3118 1758 3180 in
1797 3137 1865 3180 se
1903 3118 2095 3180 habet
2129 3119 2322 3180 faciat

817 3220 896 3282 ad
926 3220 1198 3282 alterum
1229 3218 1411 3299 quasi
1450 3218 1528 3280 ad
1558 3236 1777 3279 aurem
1819 3217 2173 3300 pervenire.
2209 3217 2324 3280 Ne-

819 3317 1132 3381 cessarius
1163 3335 1418 3398 quoque
1448 3323 1542 3378 est
1571 3323 1751 3379 actus
1783 3315 2324 3398 novus,quoniam

819 3417 1081 3498 angelus
1123 3434 1251 3479 non
1291 3415 1512 3478 eadem
1553 3415 1968 3477 conversione
2011 3415 2326 3477 convertit

819 3535 887 3579 se
927 3534 1118 3598 supra
1159 3534 1228 3578 se
1266 3523 1330 3576 et
1365 3514 1444 3575 ad
1482 3514 1774 3576 alterum.
1808 3513 1945 3576 Non
1986 3521 2201 3575 autem
2232 3532 2325 3576 re-

819 3613 1097 3696 quiritur
1127 3612 1430 3675 sensibile
1460 3612 1712 3693 signum
1741 3619 1850 3673 aut
1881 3611 2173 3674 deferens
2204 3631 2326 3674 me-

820 3713 1023 3787 dium,
1063 3731 1264 3794 quum
1309 3711 1375 3773 in
1423 3710 1665 3791 angelis
1714 3727 1841 3772 non
1890 3710 1973 3772 sit
2020 3711 2326 3773 sensitiva

823 3810 1118 3892 cognitiO.
1139 3811 1473 3891 Propterea
1501 3808 1747 3874 sufficit
1775 3809 1868 3870 eis
1899 3808 2324 3890 intelligibilis

822 3909 1092 3990 speeies,
1126 3927 1269 3990 quae
1307 3927 1384 3970 ex
1416 3907 1658 3968 virtute'
1690 3907 1897 3987 angeli
1935 3907 2327 3969 intellectiva

822 4008 901 4070 ad
954 4006 1298 4070 voluntatis
1346 4024 1476 4068 suae
1528 4004 1872 4086 imperium
1926 4011 2135 4086 potest
2185 4023 2326 4087 pro-

821 4105 999 4168 tendi
1055 4105 1132 4168 ad
1181 4104 1470 4166 alterum.
1525 4103 2070 4176 Quemadmodum
2130 4103 2322 4166 etiam

2430 3115 2697 3178 veritate
2729 3116 2794 3178 in
2834 3116 2978 3178 alio.
3015 3117 3178 3197 Ergo
3208 3116 3288 3179 fit
3315 3118 3669 3180 secundum
3710 3119 3938 3182 simili-

2431 3215 2723 3278 tudinem
2764 3235 2777 3278 ε
2814 3216 3033 3298 sicque
3073 3217 3212 3298 pari
3254 3217 3499 3280 ratione
3542 3219 3789 3300 species
3835 3238 3940 3282 ex-

2433 3314 2665 3376 sistens
2714 3314 2781 3375 in
2829 3315 3022 3377 unius
3071 3315 3277 3397 angeli
3330 3316 3681 3391 intellectu,
3730 3324 3941 3398 potest

2432 3413 2692 3493 gignere
2750 3413 3029 3476 similem
3080 3415 3179 3476 sui
3233 3414 3298 3476 in
3354 3414 3499 3477 alio.
3554 3415 3630 3477 Et
3678 3416 3733 3479 si
3782 3434 3935 3490 non,

2433 3511 2739 3592 quaeritur
2768 3530 2983 3593 quare.
3004 3512 3175 3574 ——Et
3204 3513 3743 3594 respondendum,
3766 3515 3938 3597 quod

2434 3625 2561 3669 non
2592 3615 2840 3690 oportet
2879 3616 3108 3670 nutum
3139 3617 3201 3671 et
3232 3610 3514 3692 speciem
3552 3610 3815 3675 differre
3846 3631 3937 3675 re-

2433 3706 2637 3777 aliter,
2670 3707 2782 3768 sed
2830 3705 3078 3768 sufficit
3121 3707 3289 3788 quod
3334 3707 3638 3770 differant
3680 3727 3939 3791 compa-

2434 3804 2696 3866 ratione.
2749 3804 2983 3866 Eadem
3040 3805 3281 3888 quippe
3330 3806 3578 3888 species
3624 3815 3742 3881 est,
3794 3827 3939 3890 quae

2434 3902 2872 3965 consideratur
2903 3902 2969 3964 in
3000 3921 3089 3978 se,
3122 3912 3186 3965 et
3226 3923 3368 3984 quae
3403 3911 3611 3985 potest
3642 3906 3936 3986 protendi

2432 4002 2510 4064 ad
2540 4001 2833 4076 alterum,
2868 4000 3176 4064 differens
3212 4002 3535 4065 relatione.
3559 4003 3755 4066 Actus
3785 4023 3938 4068 vero

2436 4099 2876 4162 considerandi
2922 4118 3062 4162 earn
3107 4100 3173 4161 in
3210 4119 3299 4174 se,
3334 4101 3444 4182 qui
3484 4109 3582 4163 est
3614 4102 3933 4183 cogitatio,

825 4204 1071 4286 species
1111 4203 1221 4265 illa
1261 4203 1414 4264 dum
1454 4221 1594 4264 eam
1638 4201 1764 4263 sibi
1803 4210 1865 4264 et
1907 4202 1973 4264 in
2013 4220 2081 4264 se
2121 4203 2325 4264 intue-
2356 4206 2406 4268 D
2434 4207 2498 4262 et
2529 4206 2709 4260 aetus
2749 4198 3168 4280 protendendi
3208 4217 3349 4261 eam
3384 4200 3463 4261 ad
3495 4201 3790 4274 alterum,
3824 4203 3935 4282 qui

824 4301 1032 4374 batur,
1067 4301 1190 4363 fuit
1227 4299 1496 4362 verbum
1538 4299 1843 4378 interius3
1877 4299 1965 4361 ita
1999 4300 2152 4361 dum
2184 4319 2321 4362 eam

825 4399 1109 4462 extendit
1146 4399 1226 4460 ad
1263 4398 1558 4471 alterum,
1591 4396 1879 4460 efficitur
1917 4398 2099 4480 quasi
2131 4406 2325 4461 nutus

825 4518 938 4562 seu
969 4498 1246 4579 signum,
1275 4504 1338 4558 et
1366 4496 1635 4559 'verbum
1665 4496 1964 4558 exterius.
1991 4497 2327 4578 Quumque

825 4605 955 4660 tam
1000 4596 1246 4678 species
1290 4595 1420 4668 illa,
1453 4614 1646 4676 quam
1687 4595 1892 4656 virtus
1941 4595 2325 4677 protendens

825 4715 967 4759 eam
1015 4695 1093 4757 ad
1140 4695 1434 4768 alterum,
1467 4701 1528 4754 et
1579 4693 1716 4776 ipsa
1765 4694 2108 4775 protensiO,
2144 4694 2329 4775 spiri-

825 4795 1029 4858 tuales
1059 4793 1427 4866 consistant,
1462 4810 1588 4855 non
1628 4799 1815 4872 egent
1855 4792 2166 4874 corporali
2200 4813 2329 4855 rne-

826 4893 933 4956 dio
977 4891 1320 4956 deferente.
1353 4891 1803 4953 Verumtamen
1848 4889 2150 4972 quoniam
2200 4891 2325 4952 vir-

828 5001 931 5055 tus
980 4990 1089 5053 illa
1146 4990 1332 5052 finita
1377 4997 1494 5063 est,
1545 4989 1624 5050 ad
1671 4988 1792 5050 hoc
1840 4988 2010 5070 quod
2063 4988 2326 5069 angelus

826 5091 1123 5172 angelum
1156 5087 1590 5171 protendendo
1633 5087 1808 5149 illam
1846 5087 2126 5169 speciem
2157 5089 2325 5149 exci-

826 5199 939 5265 tet,
971 5196 1219 5273 oportet
1259 5189 1428 5270 quod
1463 5206 1588 5250 non
1629 5187 1755 5249 nisi
1797 5186 1983 5249 finita
2025 5187 2327 5250 distantia

827 5289 909 5354 ab
958 5290 1235 5354 invicem
1284 5287 1539 5352 distent.
1568 5287 1786 5372 Itaque
1832 5285 2067 5350 locutio
2115 5286 2324 5373 angeli

2434 4305 2532 4360 est
2575 4297 2832 4370 locutio,
2863 4304 2961 4359 est
3006 4297 3169 4359 alius
3212 4305 3276 4360 et
3318 4298 3481 4361 alius
3524 4307 3703 4361 actus
3738 4317 3753 4362 ε
3786 4319 3935 4362 nam

2435 4397 2534 4459 his
2592 4396 2840 4458 actibus
2901 4396 3263 4458 intellectus
3324 4397 3650 4477 angelicus
3712 4399 3935 4461 eadem

2436 4494 2858 4558 similitudine
2909 4495 3335 4558 diversimode
3378 4496 3601 4569 utitur,
3636 4495 3723 4558 ita
3762 4497 3935 4578 quod

2436 4613 2564 4656 una
2592 4592 3097 4655 consideratione
3128 4593 3363 4655 dicitur
3387 4601 3633 4655 tantum
3662 4594 3934 4656 verbum

2435 4701 2498 4755 et
2550 4692 2817 4774 species,
2870 4691 2993 4753 alia
3041 4710 3192 4755 vero
3247 4692 3440 4754 etiam
3492 4700 3706 4755 nutus.
3758 4693 3935 4756 Nihi-

2438 4790 2498 4853 lo
2550 4790 2762 4852 minus
2813 4789 2938 4852 dici
2985 4798 3220 4872 posset,
3265 4791 3435 4872 quod
3481 4791 3647 4853 sicut
3688 4791 3938 4874 species

2436 4909 2577 4972 quae
2620 4897 2715 4951 est
2762 4889 2828 4950 in
2872 4889 3156 4971 speculo,
3193 4889 3344 4951 dum
3390 4908 3458 4951 se
3500 4889 3817 4970 protendit
3857 4891 3939 4953 ad

2436 4989 2717 5062 oculum,
2771 5006 2898 5050 non
2953 4995 3049 5050 est
3099 4987 3355 5069 penitus
3404 4989 3649 5062 eadem,
3700 4990 3814 5051 sed
3868 5009 3938 5052 se

2436 5087 2841 5169 multiplicat,
2873 5087 2958 5149 ita
2986 5094 3048 5149 et
3079 5087 3325 5168 species
3357 5087 3718 5150 intellectus
3748 5106 3937 5170 ange-

2435 5187 2563 5249 lici.
2599 5187 2786 5249 Porro
2825 5185 2879 5247 si
2920 5193 3242 5268 quaeratur
3280 5185 3359 5248 de
3395 5185 3630 5248 virtute
3668 5205 3797 5268 qua
3832 5186 3933 5261 fit,

2434 5304 2547 5355 seu
2606 5285 2683 5352 de
2738 5284 2880 5351 luce
2938 5284 3294 5369 spirituali3
3344 5283 3710 5361 dicendum,
3758 5287 3933 5369 quod
