4334 6242
866 521 951 565 AN
990 518 1264 566 ANGELUS
1310 519 1373 564 IN
1415 519 1598 564 PmMo
1640 517 1920 564 INSTANTI
1963 519 2090 563 SUAE
2133 517 2488 564 CREATlONlS
2530 519 2747 564 FUEmT
2786 519 2984 565 MALL'S

3353 499 3466 564 241

380 689 500 750 siit.
537 687 631 749 Ad
681 690 1057 764 seeundum,
1091 689 1261 771 quod
1306 707 1432 751 non
1476 696 1571 750 est
1614 687 1823 750 simile
1858 687 1955 749 :A
1984 696 2091 749 aut
2138 706 2276 750 esse
2325 689 2602 770 potuerit
2653 689 2991 751 meritoria.
3044 689 3210 750 Deus
3260 695 3472 750 autem

381 787 685 868 quoniam
735 788 899 849 actio
950 789 1273 850 meritoria
1320 795 1415 850 est
1461 807 1498 849 a
1546 789 1694 860 Deo,
1748 805 1873 848 non

381 885 586 967 culpa.
615 921 699 930 —
728 885 870 948 Haec
914 887 1203 949 Thomas,

447 984 900 1046 Verumtamen
934 985 1081 1046 huic
1116 985 1343 1047 rationi
1374 1003 1565 1066 quam
1596 984 1874 1065 assignat

376 1080 478 1142 hic
517 1091 779 1142 sanctus
820 1083 1066 1156 Doctor,
1102 1083 1179 1144 de
1216 1083 1336 1144 hoc
1375 1083 1542 1164 quod
1583 1081 1872 1143 diabolus

374 1196 501 1241 non
543 1179 753 1260 potuit
783 1198 819 1241 a
848 1181 1168 1263 principio
1207 1201 1335 1243 suae
1367 1180 1704 1243 creationis
1732 1198 1870 1242 esse

376 1277 603 1350 maluS,
658 1277 752 1340 sic
800 1277 996 1360 objici
1046 1287 1270 1362 potest.
1318 1279 1651 1340 videretur
1696 1279 1870 1341 enim

373 1375 596 1438 eadem
648 1376 911 1452 ratione,
963 1379 1131 1459 quod
1182 1397 1509 1459 nunquam
1562 1377 1870 1459 potuisset

374 1491 664 1554 peccare,
717 1475 867 1556 quia
915 1493 1041 1537 non
1100 1476 1329 1548 solum,
1383 1475 1511 1537 imo
1561 1493 1677 1536 nec
1726 1475 1869 1557 plus

374 1572 585 1652 prima
626 1574 795 1634 aetio
837 1573 977 1653 ejus
1024 1573 1145 1635 fuit
1182 1593 1219 1634 a
1257 1593 1445 1636 causa
1492 1581 1715 1654 agente
1757 1592 1868 1634 seu

375 1669 693 1742 creatore,
745 1690 936 1752 quam
976 1672 1273 1733 -actiones
1321 1671 1461 1752 ejus
1510 1679 1865 1752 sequentes,

376 1767 586 1829 Prima
635 1788 911 1850 namque
960 1769 1101 1850 ejus
1150 1771 1317 1832 actio
1366 1768 1488 1831 fuit
1535 1769 1739 1832 solum
1790 1769 1869 1831 ab

1984 785 2201 847 influit
2249 787 2456 848 causis
2508 787 2805 848 secundis
2864 787 3216 848 secundum
3266 787 3474 866 dispo-
3521 805 3526 810 ’

1983 882 2301 956 sitionem,
2336 883 2750 964 capacitatem
2781 889 2844 944 et
2874 890 3164 944 naturam
3203 902 3422 944 earum
3456 899 3471 944 ε

1982 980 2202 1062 sicque
2235 981 2300 1042 in
2330 981 2588 1042 exordio
2619 980 2813 1042 movit
2839 980 3094 1060 angelos
3125 981 3202 1043 ad
3235 980 3476 1062 primos

1981 1097 2203 1141 eorum
2243 1087 2420 1140 actus
2462 1078 2800 1140 influentia
2841 1078 3060 1153 libera,
3097 1096 3224 1142 non
3256 1097 3479 1160 cogen-

1982 1185 2064 1252 te,
2101 1179 2186 1240 ita
2224 1177 2393 1259 quod
2433 1177 2640 1258 angeli
2686 1177 2884 1240 libere
2925 1186 3370 1260 processerunt
3409 1179 3476 1242 in

1981 1283 2159 1338 aetus
2198 1275 2626 1357 potentiarum
2667 1294 2946 1338 suarum.
2984 1277 3145 1358 Ergo
3188 1285 3480 1359 poterant

1981 1392 2164 1455 agere
2226 1374 2388 1435 male
2447 1381 2516 1434 ut
2574 1373 2758 1447 bene,
2818 1383 2882 1436 et
2937 1375 3250 1437 demereri
3311 1375 3478 1438 sicut

1986 1472 2233 1534 mereri.
2268 1507 2349 1516 ————
2387 1471 2509 1533 Ista
2553 1472 2927 1535 scholastice
2976 1481 3183 1553 tango,
3226 1492 3353 1536 non
3397 1474 3474 1536 ad

1982 1569 2380 1652 probandum
2415 1571 2887 1633 conclusionem
2919 1572 3082 1633 hanc
3115 1571 3341 1653 ipsam,
3365 1573 3476 1634 sed

1983 1670 2151 1751 quod
2198 1669 2356 1732 ratio
2401 1669 2510 1730 illa
2551 1688 2678 1732 non
2723 1671 2805 1730 sit
2850 1671 3095 1732 idonea.

2063 1767 2365 1830 Praeterea
2394 1768 2470 1829 de
2501 1767 2602 1830 his
2639 1768 2824 1830 aliter
2853 1769 3045 1830 sentit
3075 1768 3426 1832 Alexander
3460 1787 3474 1833 z

376 1864 533 1945 ipso,
552 1873 851 1946 tanquam
882 1885 919 1927 a
948 1866 1268 1948 principio
1294 1865 1576 1928 elicitivo
1603 1867 1869 1928 actionis
1907 1865 1953 1927 B
1984 1867 2425 1939 ConcediinuS‚
2460 1866 2778 1947 inquiens,
2812 1867 2980 1948 quod
3022 1886 3138 1930 nec
3181 1869 3328 1930 mali
3371 1888 3480 1929 an-

376 1962 551 2024 illius
613 1963 984 2025 immediato
1040 1971 1103 2025 et
1153 1965 1431 2045 proprio,
1481 1972 1669 2045 atque
1727 1965 1873 2026 sub-

370 2060 541 2140 jecto
590 2061 859 2123 actionis
919 2061 1243 2142 ejusdem3
1296 2062 1417 2124 fuit
1466 2069 1679 2124 autem
1726 2071 1789 2124 et
1835 2083 1872 2124 a

376 2159 583 2240 prima
636 2178 847 2229 causa,
892 2169 1191 2241 tanquam
1236 2180 1271 2222 a
1320 2180 1507 2222 causa
1556 2161 1763 2242 prima
1808 2169 1873 2223 et

378 2258 721 2341 principali
754 2258 1009 2340 propria
1034 2259 1264 2321 virtute
1294 2267 1695 2340 agente‚quae
1728 2260 1871 2341 plus

380 2355 594 2419 influit
640 2357 705 2418 in
751 2375 1006 2419 omnem
1054 2355 1359 2418 effectum
1410 2357 1872 2438 cujuscumque

378 2473 581 2519 causae
630 2455 947 2526 secundae,
991 2474 1181 2536 quam
1233 2455 1369 2536 ipsa
1417 2475 1605 2517 causa
1653 2475 1875 2517 secun-

377 2553 473 2628 da,
509 2561 579 2614 ut
610 2554 677 2615 in
718 2553 925 2634 prima
966 2552 1395 2634 propositione
1436 2552 1582 2615 libri
1614 2553 1690 2614 de
1723 2553 1874 2615 Cau-

378 2652 463 2712 sis
506 2658 570 2713 et
615 2651 681 2712 in
727 2650 944 2713 Proelo
986 2650 1308 2731 probatur.
1354 2651 1473 2713 Sed
1524 2651 1641 2713 hoc
1688 2653 1873 2713 modo

382 2748 636 2810 Creator
685 2767 874 2808 causa
932 2753 1027 2808 est
1085 2748 1548 2829 cujuscumque
1606 2749 1871 2810 actionis

380 2846 587 2926 angeli
632 2847 769 2907 sive
814 2845 1069 2907 diaboli.
1116 2846 1291 2918 Quod
1338 2847 1529 2907 etiam
1578 2854 1749 2928 patet
1795 2845 1873 2907 de

381 2945 547 3024 igne,
582 2943 769 3024 cujus
808 2961 936 3006 non
976 2943 1183 3005 solum
1224 2943 1469 3025 primus
1514 2952 1721 3006 motus
1762 2963 1873 3006 seu

1981 1964 2105 2045 geli
2150 1983 2404 2045 semper
2447 1964 2708 2026 fuerunt
2753 1966 2924 2038 mali,
2960 1986 3077 2027 nec
3122 1965 3270 2028 honi
3317 1985 3478 2028 sem-

1982 2082 2096 2144 per
2140 2062 2291 2125 boni
2335 2062 2614 2124 bonitate
2661 2063 3056 2136 confirmata,
3091 2083 3284 2145 quam
3329 2072 3478 2126 sunt

1984 2168 2202 2243 postea
2248 2161 2591 2222 consecuti.
2637 2161 2919 2223 Dicimus
2967 2180 3138 2242 ergo,
3190 2163 3360 2244 quod
3412 2163 3479 2225 in

1980 2259 2106 2321 alio
2165 2259 2424 2320 instant-i
2484 2259 2859 2340 inceperunt
2905 2278 3065 2332 esse,
3117 2267 3180 2321 et
3229 2261 3294 2321 in
3354 2260 3479 2324 alio

1982 2377 2049 2419 se
2080 2365 2408 2418 verterunt.
2437 2377 2548 2418 seu
2581 2358 2819 2439 operati
2863 2365 3028 2419 sunt.
3061 2357 3190 2420 Nec
3229 2367 3479 2440 oportet

1984 2455 2148 2517 inter
2178 2456 2304 2516 duo
2337 2455 2445 2517 illa
2475 2476 2673 2525 nunc,
2705 2475 2842 2518 esse
2883 2457 3162 2517 medium
3198 2464 3472 2538 tempus.

1982 2553 2127 2614 Ideo
2176 2553 2471 2625 dicimuS,
2516 2553 2684 2634 quod
2736 2553 3083 2635 propositio
3133 2554 3263 2626 illa,
3310 2555 3480 2616 Inter

1984 2651 2286 2732 quaelibet
2324 2652 2450 2713 duo
2489 2671 2665 2710 nunc
2693 2657 2789 2712 est
2830 2651 3280 2714 intermedium
3323 2659 3480 2713 tem-

1985 2769 2127 2830 pus,
2183 2749 2557 2828 intelligitur
2609 2749 2686 2810 de
2744 2748 3126 2811 instantibus
3179 2751 3480 2832 temporis

1985 2854 2174 2928 prout
2215 2855 2310 2907 est
2355 2866 2651 2908 mensura
2700 2847 3184 2926 continuorum3
3227 2867 3344 2910 nec
3392 2856 3481 2910 te-

1984 2951 2093 3006 net
2136 2944 2241 3005 hic
2286 2964 2299 3007 :
2345 2944 2472 3006 imo
2518 2952 2784 3025 possunt
2825 2963 2962 3006 esse
3012 2946 3138 3007 duo
3183 2946 3484 3008 instantia

378 3042 670 3104 ascensio
708 3048 801 3102 est
832 3061 868 3102 a
896 3047 1236 3122 generante
1276 3059 1351 3103 eo
1392 3043 1578 3104 modo
1617 3060 1744 3123 quo
1786 3061 1878 3103 se·
1910 3041 1951 3104 C
1985 3043 2165 3125 quasi
2217 3043 2512 3122 contigua
2568 3042 2706 3104 sine
2761 3043 3156 3105 intermedio.
3205 3044 3283 3104 At
3331 3063 3482 3108 vero

381 3140 667 3201 cundum
724 3139 1201 3220 Philosophum,
1252 3139 1467 3219 gravia
1518 3147 1581 3200 et
1632 3140 1795 3201 levia
1841 3159 1879 3201 a

378 3245 723 3318 generante
764 3245 1122 3312 moventur,
1156 3239 1267 3299 sed
1307 3237 1499 3299 etiam
1541 3245 1748 3300 motus
1789 3257 1881 3300 se-

380 3343 670 3417 quentes.
704 3371 785 3380 —
812 3335 1098 3416 insuper,
1132 3337 1297 3397 Deus
1330 3343 1427 3396 est
1462 3336 1666 3417 prima
1708 3335 1879 3417 prin-

380 3433 737 3514 cipalisque
768 3451 959 3494 causa
996 3451 1122 3495 non
1155 3433 1363 3494 solum
1400 3433 1667 3494 aetionis
1699 3433 1879 3496 bonae

381 3550 454 3593 ac
492 3531 815 3604 virtuosae,
849 3531 979 3592 imo
1016 3531 1209 3592 etiam
1257 3530 1525 3592 actionis
1570 3551 1777 3613 pravae
1816 3540 1879 3596 et

344 3630 653 3706 ,vitiosae,
686 3635 995 3710 quantum
1043 3629 1121 3690 ad
1173 3628 1236 3689 id
1278 3629 1447 3709 quod
1492 3629 1773 3692 entitatis
1818 3638 1881 3692 et

300 3751 314 3762 ·
386 3726 699 3791 efficaciae
728 3735 824 3788 est
856 3727 919 3788 in
952 3727 1165 3800 illa,ut
1196 3726 1534 3808 probatum
1566 3733 1661 3788 est
1690 3747 1883 3811 super

384 3826 692 3908 primum.
732 3825 962 3906 Sicque
1000 3824 1289 3888 diabolus
1331 3845 1661 3907 nunquam
1706 3835 1884 3908 potu-

386 3925 541 3988 isset
580 3941 899 4006 peccasse,
943 3923 1094 4004 quia
1135 3923 1344 3985 omnis
1392 3925 1558 3986 actio
1600 3943 1715 3986 sua
1762 3924 1885 3988 fuit

384 4020 831 4106 principaliter
867 4041 905 4084 a
942 4028 1213 4084 creante.
1248 4055 1329 4067 -—
1358 4022 1670 4104 Amplius,
1718 4023 1885 4086 sicut

384 4121 545 4184 tibia
592 4137 789 4182 curva
838 4119 1045 4202 primo
1095 4119 1323 4202 incipit
1372 4120 1749 4192 claudicare,
1799 4121 1886 4185 ita

1986 3141 2316 3221 supposito
2365 3141 2532 3222 quod
2581 3139 2775 3202 fuerit
2823 3140 3036 3222 aliqua
3095 3142 3340 3203 morula
3388 3143 3481 3204 in-

1987 3239 2315 3310 termedia,
2350 3239 2401 3299 si
2434 3244 2772 3319 quaeratur,
2807 3239 2960 3319 quid
2992 3239 3251 3320 angelus
3282 3241 3482 3320 egerit

1988 3338 2053 3398 in
2100 3355 2210 3414 ea3
2254 3336 2379 3398 dici
2432 3343 2658 3418 potest,
2702 3337 2871 3418 quod
2915 3344 3065 3398 tunc
3110 3337 3482 3399 movebatur

1994 3454 2107 3518 per
2150 3435 2566 3506 intellectum,
2612 3452 2738 3496 non
2788 3453 2902 3516 per
2944 3434 3272 3508 affectum,
3309 3443 3485 3498 motu

1994 3534 2291 3596 videlicet
2333 3551 2528 3614 penes
2573 3552 2762 3614 quem
2807 3533 3265 3596 determinatur
3308 3533 3486 3598 boni-

1994 3640 2087 3694 tas
2145 3631 2411 3694 actualis
2472 3650 2582 3693 seu
2641 3631 2992 3706 conversio,
3043 3632 3107 3694 id
3158 3640 3253 3694 est
3311 3641 3488 3696 motu

1996 3729 2339 3793 meritorio.
2383 3729 2520 3792 Non
2561 3736 2775 3792 tamen
2817 3737 2982 3792 esset
3024 3731 3482 3794 inconveniens

1995 3828 2204 3891 dicere
2230 3828 2398 3910 quod
2431 3826 2805 3890 movebatur
2837 3847 2949 3909 per
2976 3827 3280 3891 affectum
3313 3836 3490 3893 motu

1995 3926 2288 4000 naturali,
2321 3943 2448 3988 non
2488 3925 2782 4006 gratuito,
2817 3944 2943 4009 quo
2976 3944 3092 3989 nec
3129 3927 3491 3990 merebatur

1996 4044 2112 4088 nec
2156 4024 2616 4087 demerebatur.

2075 4123 2195 4187 Sed
2244 4121 2441 4203 objici
2488 4128 2715 4204 potest,
2767 4121 2919 4204 quia
2966 4121 3319 4187 secundum
3369 4124 3491 4186 Au·

384 4225 449 4283 et
497 4217 659 4281 tibia
708 4224 879 4280 recta
940 4217 1237 4281 infantuli
1291 4217 1659 4299 incipientis
1719 4218 1885 4282 ince-
1914 4225 1963 4289 D
1992 4221 2345 4304 gustinum,
2378 4221 2610 4285 coelum
2651 4226 2714 4282 et
2757 4227 2964 4283 motus
3009 4219 3149 4300 ejus
3195 4227 3344 4284 sunt
3389 4239 3490 4285 co-

386 4318 555 4392 dere,
600 4315 712 4399 qui
756 4315 1047 4399 protinus
1091 4315 1258 4379 cadit
1300 4317 1425 4379 nisi
1470 4324 1880 4397 sustentetur,

386 4416 681 4498 quamvis
710 4433 788 4478 ex
820 4414 1053 4477 virtute
1082 4414 1345 4476 seminis
1381 4413 1745 4479 sufficiente
1778 4437 1883 4480 na-

388 4521 449 4577 ta
487 4515 572 4576 sit
610 4523 800 4576 recta.
838 4514 1143 4597 Denique,
1178 4514 1229 4575 si
1272 4515 1437 4576 Deus
1480 4516 1884 4596 omnipotens

388 4630 503 4695 per
545 4631 613 4674 se
661 4613 1027 4675 immediate
1074 4613 1379 4694 producat
1422 4632 1533 4673 seu
1574 4622 1743 4674 creet
1780 4615 1885 4677 ho-

388 4712 631 4772 minem
678 4709 977 4771 claudum
1022 4709 1087 4771 in
1132 4710 1546 4791 dispositione
1588 4711 1780 4785 virili,
1816 4720 1885 4773 ut

384 4809 610 4882 Adam,
654 4807 847 4868 etiam
901 4807 1007 4868 ille
1051 4807 1433 4869 claudicabit
1480 4826 1625 4870 mox
1670 4809 1733 4870 in
1786 4810 1885 4871 sui

387 4909 678 4970 incessus
737 4907 1017 4980 exordi0,
1069 4907 1362 4988 quamvis
1422 4907 1579 4970 tibia
1638 4928 1750 4969 sua
1808 4909 1887 4970 sit

388 5007 555 5069 facta
593 5006 677 5068 ab
717 5004 1161 5080 indefectibili,
1197 5006 1565 5069 indeviabili
1601 5009 1891 5089 omnipo-

388 5106 683 5187 tentique
713 5122 920 5166 causa.
946 5139 1027 5148 -
1054 5103 1315 5179 RursuS,
1350 5105 1559 5186 prima
1587 5105 1751 5168 actio
1782 5126 1889 5168 an-

390 5205 515 5286 geli
580 5202 785 5265 libera
844 5201 990 5276 fuit,
1052 5221 1179 5265 non
1242 5211 1476 5277 coacta,
1538 5204 1891 5285 praesertim

388 5322 593 5387 quum
654 5301 1010 5366 secundum
1068 5301 1399 5365 Doctorem
1456 5302 1650 5378 hunc,
1701 5302 1895 5366 fuerit

646 5435 711 5486 T.
749 5435 827 5486 21.

1995 4319 2113 4384 aevi
2147 4338 2160 4384 ε
2195 4336 2344 4401 ergo
2373 4318 2595 4381 eodem
2630 4317 2887 4380 instanti
2920 4335 3046 4400 quo
3086 4325 3365 4383 creatum
3397 4323 3492 4383 est

1998 4420 2254 4492 coelum,
2281 4417 2472 4499 coepit
2505 4416 2766 4479 moveri.
2794 4416 3069 4498 Angelus
3101 4425 3312 4480 autem
3345 4419 3493 4481 sim-

1998 4517 2227 4600 plicior
2265 4524 2454 4597 atque
2485 4515 2708 4596 agilior
2740 4516 2900 4577 coelo
2930 4523 3026 4577 est
3056 4535 3069 4578 :
3105 4531 3252 4596 ergo
3286 4517 3493 4598 primo

2001 4615 2260 4678 instanti
2310 4633 2436 4696 quo
2484 4614 2627 4688 fuit,
2680 4613 2887 4695 potuit
2936 4610 3118 4676 velle..
3155 4646 3234 4660 *-
3273 4611 3493 4677 Dicen-

2000 4715 2176 4787 dum,
2210 4713 2377 4794 quod
2421 4731 2536 4774 nec
2577 4713 2641 4773 in
2683 4712 2864 4785 coel0,
2899 4731 3105 4793 neque
3142 4712 3207 4774 in
3248 4712 3492 4792 angele,

2000 4830 2207 4893 neque
2255 4811 2320 4871 in
2381 4809 2592 4891 aliqua
2651 4818 2936 4871 creatura
2994 4810 3304 4890 contingit
3353 4807 3492 4886 hoc,

2001 4910 2169 4992 quod
2213 4910 2276 4970 in
2309 4910 2530 4971 eodem
2574 4907 2831 4970 instanti
2875 4908 2938 4968 in
2973 4926 3100 4989 quo
3136 4909 3344 4990 primo
3377 4917 3494 4982 est,

2002 5009 2230 5070 habeat
2271 5007 2552 5088 aliquem
2599 5015 2830 5069 actum.
2876 5008 2944 5068 ln
2985 5005 3284 5068 omnibus
3329 5026 3502 5069 nam·

2004 5125 2127 5188 que
2173 5107 2330 5167 citra
2373 5107 2594 5178 Deum,
2627 5105 2806 5186 prius
2851 5112 2946 5168 est
2986 5105 3267 5187 potentia
3307 5122 3501 5187 quam

2004 5211 2206 5276 actuS,
2240 5220 2365 5264 non
2405 5202 2612 5264 solum
2652 5209 2895 5276 natura,
2930 5203 3039 5264 Sed
3078 5202 3270 5264 etiam
3321 5204 3504 5264 dura-

2012 5303 2204 5378 tione,
2250 5300 2542 5383 quamvis
2591 5300 2657 5362 in
2701 5300 3086 5383 quibusdam
3131 5301 3325 5363 simul
3375 5298 3502 5366 sint

3185 5435 3250 5492 16
