4334 6242
166 4615 194 4651 tt·
222 4608 259 4647 82
280 4608 314 4651 in

472 498 561 544 AN
602 499 797 545 PLATo
838 498 1127 545 rosunum·
1165 498 1310 543 mu
1350 496 1655 543 Pntnctt’tA
1698 496 2023 555 mennam,
2064 498 2137 543 ΕΤ
2180 496 2243 543 ΙΝ
2286 496 2500 552 QUIBUS
2541 496 2774 543 Posrrlo
2815 497 2931 543 sm
2973 495 3254 543 nntium·
3331 477 3406 542 91

322 668 657 731 tiodecimo
686 668 1104 733 subtilissime
1133 677 1322 751 atque
1355 668 1683 731 verissime
1714 676 1809 731 est
1837 667 1888 730 A
1917 668 2147 749 recipit
2176 667 2463 741 formam,
2488 667 2648 730 dixit
2677 668 3108 750 receptionem
3141 667 3261 729 loci
3293 686 3416 730 me-

325 767 565 829 locutus
602 767 849 829 :Omne
891 767 1131 831 bonum
1173 767 1491 830 unitivum
1534 775 1631 829 est
1674 786 1809 849 par-

326 865 721 947 ticipantium
763 866 922 947 ipsQ
956 874 1015 928 et
1054 866 1263 928 omnis
1302 866 1506 928 unitio
1542 866 1804 939 bonum,

324 974 382 1025 et
422 964 663 1026 bonum
706 964 818 1025 uni
866 963 1055 1026 idem.

398 1064 613 1144 ltaque
662 1062 1021 1136 innotescit,
1073 1064 1241 1143 quod
1296 1063 1477 1143 juxta
1532 1071 1806 1126 mentem

324 1162 613 1235 PlatoniS,
673 1169 842 1223 totus
906 1162 1181 1223 mundus
1242 1170 1305 1223 et
1367 1162 1679 1244 quidquid
1741 1162 1805 1224 in

324 1260 455 1342 ipso
492 1269 613 1334 est,
648 1267 774 1322 tam
816 1260 1080 1322 materia
1116 1278 1307 1341 quam
1348 1260 1675 1342 exemplar
1707 1280 1811 1322 ex-

324 1368 411 1419 tra
442 1366 717 1421 mentem
750 1358 1031 1419 divinam
1072 1359 1445 1429 consistenS‚
1484 1366 1674 1421 totam
1706 1378 1807 1421 su·

324 1476 419 1518 am
456 1456 877 1519 substantiam
918 1455 1109 1518 habet
1144 1476 1182 1517 a
1220 1475 1473 1519 summo
1502 1457 1649 1519 Deo.
1682 1456 1809 1519 Nec

328 1556 437 1616 boc
493 1548 701 1616 tacuit
750 1555 1025 1617 Procius.
1078 1554 1321 1636 Nempe
1380 1554 1809 1636 propositione

330 1652 639 1715 tricesima
676 1660 899 1734 quarta
933 1671 948 1714 :
982 1653 1203 1725 Omne,
1239 1652 1468 1735 inquit,
1502 1653 1669 1734 quod
1716 1672 1809 1714 se-

331 1752 599 1812 cundum
644 1758 931 1813 naturam
980 1751 1393 1824 convertitur,
1430 1751 1507 1813 ad
1554 1750 1617 1812 id
1660 1750 1813 1813 facit

1918 766 2265 849 taphorice,
2314 785 2427 848 per
2477 766 2964 828 similitudinem
3016 766 3354 847 quamdam
3395 784 3409 828 :

1898 865 2095 946 «juxta
2142 884 2337 947 quem
2385 865 2575 927 etiam
2631 865 2890 928 modum
2940 864 3232 927 attribuit
3293 865 3416 927 for-

1922 983 2039 1026 mae
2080 971 2346 1025 motum.
2383 1000 2464 1009 —
2492 964 2656 1026 Dicit
2697 964 2850 1025 item
2890 962 3208 1037 Albertus,
3244 965 3413 1045 quod

1917 1062 2154 1124 formas
2197 1062 2336 1123 illas
2367 1062 2761 1144 exemplares
2792 1069 2968 1124 extra
3009 1070 3286 1124 mentem
3328 1063 3418 1125 di-

1918 1160 2132 1222 vinam
2165 1160 2582 1222 consistentes
2633 1160 3139 1242 aeternaliterque
3189 1161 3419 1241 produ·

1919 1265 2071 1331 ctaS,
2132 1258 2305 1320 Plato
2363 1258 2759 1340 nuncupavit
2825 1259 3136 1320 mundum
3194 1259 3416 1321 arche-

1918 1363 2163 1437 typum.
2213 1356 2387 1430 Quod
2437 1374 2564 1417 non
2614 1356 2886 1429 videtur,
2933 1356 3084 1437 quia
3129 1365 3200 1417 ut
3247 1364 3418 1438 patet

1922 1454 2258 1516 manifeste
2309 1454 2374 1516 in
2421 1454 2628 1535 primo
2677 1454 2918 1528 Timaei,
2959 1456 3268 1517 mundum
3321 1474 3418 1517 ar—

1920 1553 2265 1634 chetypum
2324 1552 2496 1614 Plato
2556 1551 2804 1615 vocavit
2870 1554 3180 1615 mundum
3243 1553 3418 1616 idea-

1924 1652 2071 1723 lem,
2120 1650 2558 1732 rationemque
2612 1651 2910 1733 primam,
2961 1652 3414 1733 exemplarem,

1925 1750 2294 1823 increatam,
2331 1748 2392 1810 in
2446 1759 2655 1811 mente
2705 1750 2922 1811 divina
2961 1750 3420 1813 invariabiliter

330 1848 797 1911 conversionem
830 1868 867 1911 a
895 1867 1023 1931 quo
1051 1856 1114 1911 et
1146 1867 1510 1931 processum
1541 1850 1810 1931 propriae
1848 1846 1896 1909 B
1924 1848 2358 1919 exsistentem,
2393 1848 2649 1911 aliunde
2681 1866 2806 1910 non
2839 1855 3181 1929 sumptam,
3211 1850 3288 1911 ad
3320 1869 3423 1912 cu-

330 1946 745 2010 subsistentiae
776 1947 983 2009 habet.
1020 1948 1111 2010 Ex
1142 1948 1328 2029 cujus
1361 1947 1811 2029 propositionis

332 2044 691 2127 probatione
720 2052 783 2107 et
812 2045 1234 2109 declaratione
1264 2047 1519 2108 tandem
1552 2047 1617 2109 in
1650 2065 1813 2108 com-

331 2152 535 2206 mento
598 2144 921 2207 concludit
980 2162 995 2206 :
1058 2145 1147 2205 Ex
1210 2145 1310 2206 his
1376 2144 1807 2218 manifestum,

332 2244 489 2324 quod
534 2243 882 2325 appetibile
931 2244 1231 2306 omnibus
1280 2251 1376 2306 est
1426 2243 1807 2317 intellectus,

330 2350 387 2402 et
418 2342 763 2422 procedunt
792 2342 1008 2405 omnia
1044 2342 1127 2404 ab
1166 2342 1515 2416 intellectu,
1546 2350 1609 2404 et
1644 2350 1812 2404 totus

334 2440 597 2502 mundus
638 2440 720 2502 ab
765 2440 1091 2503 intellectu
1134 2439 1553 2503 substantiam
1598 2441 1807 2502 habet.

406 2539 635 2619 ltaque,
670 2539 963 2620 quamvis
994 2539 1166 2602 Plato
1198 2539 1409 2621 posuit
1436 2548 1611 2603 extra
1642 2559 1814 2601 men-

334 2644 451 2697 tem
494 2636 773 2699 divinam
820 2637 991 2699 ideas
1038 2656 1150 2699 seu
1200 2637 1593 2719 exemplares
1640 2657 1814 2718 sepa·

336 2742 611 2817 ratasque
660 2734 919 2807 formaS‚
963 2755 1120 2817 quas
1168 2736 1515 2818 appellavit
1563 2738 1813 2799 univer-

336 2834 479 2895 salia
524 2842 668 2895 ante
718 2850 890 2913 rem3
933 2841 1211 2897 attamen
1264 2834 1579 2897 fatebatur
1625 2855 1731 2898 eas
1778 2855 1815 2897 a

336 2951 573 2995 summo
620 2932 787 2995 bono
831 2934 1195 3013 procedere,
1228 2942 1291 2995 et
1341 2934 1689 2997 bonitatem
1734 2934 1815 3003 ab

338 3030 465 3112 ipso
504 3032 902 3113 participare,
936 3032 1229 3113 quamvis
1273 3032 1333 3094 id
1375 3033 1544 3114 quod
1583 3032 1677 3095 eis
1721 3041 1816 3095 est
1852 3026 1895 3088 C
1927 3032 2200 3093 correxit
2263 3030 2645 3112 positionem
2704 3032 2979 3094 Platonis

338 3132 651 3213 proprium
692 3131 758 3192 in
800 3149 917 3193 suo
960 3130 1203 3204 ordine,
1238 3131 1592 3194 formaliter
1632 3151 1707 3194 ex
1748 3152 1815 3194 se

338 3226 625 3289 haberent
660 3246 673 3288 ε
710 3228 1251 3309 quemadmodum
1302 3228 1493 3291 homo
1538 3227 1815 3291 formali-

341 3331 425 3385 ter
468 3344 541 3387 ex
588 3345 679 3399 se,
732 3326 795 3387 id
839 3333 937 3387 est
979 3344 1058 3387 ex
1108 3326 1363 3408 propria
1414 3327 1675 3399 ratione,
1722 3335 1817 3389 est

340 3424 517 3486 homo
552 3444 663 3487 seu
705 3424 943 3487 animal
990 3424 1311 3487 rationale.
1347 3426 1522 3499 Quod
1561 3425 1817 3488 Proclus

340 3521 689 3603 frequenter
736 3530 1023 3585 testatur.
1060 3559 1137 3567 —
1172 3523 1456 3605 Denique
1502 3530 1563 3585 et
1604 3523 1819 3586 Alber-

342 3627 431 3681 tus
489 3620 649 3683 istud
698 3620 935 3683 fatetur
984 3620 1050 3681 in
1100 3621 1363 3683 Summa
1418 3642 1553 3695 sua,
1605 3623 1817 3684 dicen-

272 3718 411 3779 --do
443 3736 457 3779 :
490 3718 656 3782 Plato
687 3719 869 3793 dixit,
905 3720 1073 3801 quod
1112 3719 1279 3781 Deus
1318 3740 1395 3782 ex
1437 3720 1567 3781 fine
1608 3720 1818 3801 operis

344 3816 631 3879 rationem
684 3836 970 3891 sumenS,
1022 3817 1279 3891 formaS,
1334 3838 1475 3899 quae
1528 3826 1677 3880 sunt
1728 3837 1820 3879 re-

342 3931 469 3975 rum
518 3916 805 3978 essentiae
853 3923 914 3978 et
965 3916 1283 3989 veritates,
1331 3915 1411 3977 ab
1459 3923 1693 3978 aeterno
1741 3936 1818 3978 ex

342 4030 401 4071 se
446 4013 777 4093 productas
831 4013 1024 4091 fecit3
1073 4021 1137 4075 et
1186 4032 1405 4075 rursus
1462 4014 1695 4077 formas
1752 4014 1820 4075 il-

345 4106 423 4171 las
452 4109 531 4171 ab
562 4120 797 4173 aeterno
832 4112 914 4173 ab
954 4111 1190 4193 opifice
1230 4113 1590 4193 productas,
1627 4112 1690 4173 in
1729 4132 1821 4175 se-

1921 1946 2026 2026 jus
2058 1946 2548 2008 similitudinem
2580 1954 2641 2008 et
2684 1946 3104 2008 imitationem
3137 1947 3422 2010 condidit

1925 2046 2091 2107 Deus
2124 2046 2454 2106 mundum.
2475 2045 2804 2107 —Iterum
2837 2045 3055 2107 scribit
3086 2046 3416 2109 Albertus:

1924 2143 2100 2205 Ideas
2148 2152 2212 2205 et
2253 2143 2640 2225 exemplaria
2685 2160 2920 2224 ponere
2964 2143 3030 2205 in
3075 2151 3285 2206 mente
3329 2146 3418 2207 di-

1925 2242 2093 2315 vina,
2118 2260 2244 2304 non
2275 2249 2372 2303 est
2399 2259 2606 2319 error3
2639 2242 2748 2303 sed
2781 2241 2867 2303 ita
2895 2260 3022 2304 non
3055 2243 3266 2323 posuit
3295 2244 3423 2306 Pla-

1922 2348 2005 2401 to.
2040 2340 2218 2413 Quod
2267 2342 2474 2403 denuo
2523 2358 2650 2402 non
2699 2347 3008 2421 apparet:
3043 2342 3150 2403 sed
3195 2360 3419 2403 verum

1924 2446 2018 2500 est
2048 2440 2217 2520 quod
2255 2456 2382 2501 non
2423 2438 2630 2500 solum
2663 2438 2782 2500 hoc
2824 2439 3010 2501 modo
3046 2440 3258 2520 posuit
3287 2441 3418 2503 Pla-

1926 2544 1989 2598 to
2039 2537 2230 2599 ideaS.
2265 2573 2346 2582 —
2375 2537 2596 2599 Adhuc
2643 2544 2857 2599 autem
2905 2536 3210 2612 affirmat,
3248 2539 3416 2621 quod

1924 2635 2180 2697 Boetius
2223 2636 2491 2697 dicendo
2533 2636 2610 2697 de
2655 2636 2803 2709 Deo,

1970 2798 2146 2854 Quem
2182 2812 2290 2847 non
2320 2801 2561 2847 externae
2591 2796 2924 2861 pepulerunt
2953 2797 3159 2861 fingere
3189 2812 3378 2848 causae

1968 2879 2224 2929 Materia}
2254 2878 2526 2929 fluitantis
2566 2892 2730 2943 opuS,

3041 3050 3055 3094 ε
3117 3033 3420 3114 quoniam

1926 3130 2097 3192 Plato
2149 3130 2360 3211 posuit
2414 3148 2634 3191 causas
2688 3138 2978 3192 externas
3025 3150 3166 3212 quae
3220 3131 3420 3193 Deum

1931 3228 2334 3311 impellerent
2392 3229 2469 3289 ad
2530 3229 2894 3290 creandum.
2957 3230 3132 3303 Quod
3189 3249 3423 3312 nequa-

1928 3347 2116 3409 quam
2170 3345 2394 3388 verum
2455 3336 2751 3389 censetur
2801 3345 2814 3388 :
2867 3327 2996 3389 imo
3044 3328 3296 3391 Boetius
3359 3330 3422 3391 in

1928 3426 2141 3487 verbis
2194 3425 2319 3486 illis
2368 3426 2681 3507 expressit
2729 3426 2990 3487 metrice
3039 3428 3207 3507 quod
3253 3427 3425 3490 Plato

1930 3525 1996 3586 in
2038 3524 2248 3606 primo
2277 3523 2495 3586 'rimaei
2537 3522 2698 3585 dixit
2728 3524 3034 3605 prosaice,
3070 3532 3140 3586 ut
3177 3525 3297 3588 rite
3337 3526 3427 3589 in-

1929 3622 2257 3685 tuentibus
2317 3629 2580 3685 constat.
2643 3622 2814 3684 Plato
2873 3641 3127 3705 quoque
3188 3624 3425 3688 ibidem

1928 3720 2330 3794 determinat,
2374 3720 2544 3801 quod
2594 3719 2753 3781 nihil
2802 3720 3052 3782 induxit
3100 3722 3300 3784 Deum
3348 3724 3426 3785 ad

1930 3820 2153 3881 mundi
2198 3818 2676 3901 productionem
2720 3818 2842 3880 nisi
2886 3820 3142 3901 propria
3181 3840 3297 3882 sua
3326 3840 3429 3884 vo-

1931 3917 2161 3990 luntas,
2210 3936 2335 3998 qua
2386 3916 2588 3978 voluit
2641 3915 2890 3997 singula
2940 3937 3210 3999 quaeque
3261 3938 3429 3983 crea-

1931 4023 1993 4076 ta
2027 4014 2209 4094 juxta
2249 4033 2428 4075 suam
2469 4013 2956 4095 possibilitatem
2997 4033 3135 4077 esse
3174 4016 3427 4096 partici-

1930 4114 2162 4194 pativa,
2219 4112 2528 4174 imitativa
2575 4119 2765 4192 atque
2818 4112 3074 4194 capacia
3127 4111 3428 4176 bonitatis

346 4208 613 4289 metipsis
651 4208 1000 4271 subsistere
1037 4209 1216 4271 dixit.
1262 4210 1493 4291 Sicque
1534 4211 1819 4272 recitatio
1852 4210 1901 4271 D
1930 4210 2422 4273 beatitudinisve
2473 4210 2722 4273 divinae..
2780 4210 2977 4273 Deum
3027 4212 3218 4274 etiam
3268 4213 3428 4275 dixit

346 4304 452 4367 ista
508 4306 740 4369 Alberti
795 4308 873 4369 de
937 4307 1253 4389 positione
1314 4308 1587 4370 Platonis
1651 4310 1820 4371 circa

346 4404 707 4467 creationem
741 4405 1043 4479 materiae,
1080 4406 1332 4467 videtur
1362 4406 1483 4468 sibi
1522 4407 1640 4489 ipsi
1675 4425 1820 4469 con-

344 4502 537 4563 traria.

417 4599 689 4684 insuper,
722 4604 892 4685 quod
924 4603 1222 4665 Albertus
1254 4604 1661 4685 reprehendit
1691 4604 1820 4666 Pla-

348 4704 543 4762 tonem
581 4702 655 4763 de
694 4702 815 4764 hoc
854 4701 1023 4783 quod
1067 4702 1495 4783 receptionem
1542 4703 1819 4765 materiae

347 4796 491 4861 dixit
522 4800 945 4881 receptionem
980 4800 1125 4870 loci,
1160 4799 1458 4861 debiliter
1486 4808 1583 4863 est
1614 4801 1821 4883 prola-

348 4902 489 4958 tum.
521 4899 684 4962 Plato
712 4898 886 4961 enim
920 4898 1253 4961 consuevit
1296 4899 1721 4980 metaphorice
1757 4908 1820 4962 et

348 4996 511 5074 quasi
558 4998 799 5079 poetice
848 5016 921 5059 ac
973 4997 1239 5078 mystice
1290 4996 1484 5078 loqui.
1535 4998 1707 5060 Unde
1756 5005 1820 5059 et

350 5094 651 5157 materiam
692 5095 882 5159 rebus
913 5094 1109 5157 variis
1150 5094 1561 5176 comparavit,
1598 5094 1817 5157 videli-

349 5198 455 5261 cet,
486 5194 685 5267 matri,
718 5195 983 5276 gremio,
1017 5194 1179 5267 locu,
1214 5201 1361 5267 etc.,
1396 5201 1466 5254 ut
1506 5191 1670 5255 infra
1709 5213 1816 5274 pa-

350 5288 505 5351 tebit.
564 5292 791 5375 Sicque
856 5292 1287 5375 receptionem
1354 5291 1633 5355 materiai
1690 5311 1814 5374 qua

1932 4309 2371 4371 invariabilem
2417 4308 2922 4391 simpliciterque
2965 4309 3344 4392 perfectum,
3391 4332 3428 4373 a

1931 4408 2108 4470 nullo
2170 4408 2542 4489 passibilem
2604 4426 2812 4489 neque
2875 4409 3236 4490 cogibilem.
3297 4411 3426 4474 Nec

1928 4506 2137 4569 obstat
2186 4508 2354 4588 quod
2403 4514 2627 4569 octavo
2673 4507 3083 4589 Physicorum
3133 4509 3424 4583 habetur,

1928 4606 2250 4668 Platonem
2294 4605 2532 4667 dixisse
2581 4604 2860 4686 primum
2913 4613 3220 4669 motorem
3266 4608 3428 4669 exsi-

1928 4712 2093 4765 stere
2136 4703 2438 4766 mobilem
2473 4722 2487 4765 :
2522 4704 2672 4784 quia
2713 4722 2826 4784 per
2867 4703 3212 4765 motionem
3252 4703 3428 4767 illam

1928 4821 2055 4864 non
2106 4802 2419 4864 intellexit
2469 4801 2594 4862 nisi
2649 4818 3017 4883 processum
3074 4801 3140 4862 in
3187 4809 3425 4874 actum,

1928 4900 2468 4981 quemadmodum
2509 4899 2718 4980 primo
2750 4898 3030 4980 capitulo
3064 4899 3141 4960 de
3174 4899 3426 4963 Coelesti

1928 4998 2284 5059 hierarchia
2315 4998 2372 5059 S.
2395 4996 2732 5078 Dionysius
2767 5002 3148 5077 protestatur
3178 4996 3427 5059 divinas

1928 5095 2426 5158 illuminationes
2489 5095 2828 5176 procedere
2887 5094 3064 5157 Patre
3120 5102 3312 5168 moto,
3365 5096 3426 5157 id

1927 5200 2019 5255 est
2067 5193 2129 5254 in
2175 5200 2387 5254 actum
2433 5209 2782 5273 progressa

2005 5292 2190 5353 Juxta
2242 5290 2373 5354 baec
2422 5289 2749 5371 quaeritur,
2793 5290 2888 5351 An
2936 5291 3286 5353 secundum
3339 5290 3430 5353 in-

3468 2654 3528 2698 De
3541 2654 3712 2697 Consol-

3449 2718 3522 2770 nl,
3535 2721 3658 2760 metr.
3671 2720 3713 2761 9.
