4334 6242
580 4735 623 4776 p.
646 4723 723 4764 227
737 4720 796 4764 C'.

854 477 976 546 328

1550 497 1615 544 m
1655 495 1877 543 Lunum
1920 495 1963 541 11
2005 495 2488 542 SENTEN‘HARUR.
2535 513 2617 526 —·
2659 497 2811 544 msr.
2855 497 2935 560 νζ
2979 498 3202 553 QUAEST.
3249 498 3271 545 1

854 669 1140 750 gestione
1170 669 1445 732 Luciferi
1478 675 1924 751 peccaverunt,
1959 666 2185 729 redimi
2219 685 2357 749 pos·
2385 667 2436 730 A
2465 667 2665 730 Deum
2701 686 2716 730 ε
2751 687 2901 748 ergo
2931 688 3048 731 nec
3081 670 3146 732 in
3179 670 3365 733 malis
3398 673 3766 753 ponendum
3797 672 3962 754 quod

856 774 1016 829 sent.
1070 768 1200 830 Hoc
1246 775 1459 830 tamen
1508 786 1583 829 ex
1632 766 1845 829 verbis
1904 765 2031 828 illis
2081 765 2356 828 Udalrici

858 883 983 928 non
1028 866 1317 940 solvitur,
1352 868 1460 929 sed
1506 866 1669 929 infra
1714 865 2013 928 solvetur.

932 966 1013 1029 At
1069 984 1221 1047 vero
1278 965 1547 1028 Thomas
1600 982 1614 1026 ε
1669 963 1849 1027 Circa
1904 964 2046 1036 hoc,
2099 963 2209 1038 ait,
2261 972 2357 1026 est

851 1064 1071 1147 opinio
1134 1063 1488 1145 multiplex.
1551 1062 1815 1136 Quidam
1880 1062 2122 1136 dicunt,
2185 1062 2353 1144 quod

852 1163 1017 1226 inter
1066 1170 1399 1245 peccatum
1447 1161 1655 1242 angeli
1703 1161 1896 1244 primi
1946 1168 2010 1223 et
2055 1161 2349 1234 aliorum,

850 1280 977 1326 non
1016 1262 1366 1324 attenditur
1394 1261 1627 1342 aliquis
1657 1261 1810 1322 ordo
1842 1259 1965 1322 nisi
1998 1259 2351 1322 secundum

850 1360 1269 1442 quantitatem
1313 1359 1539 1440 culpae‚
1575 1359 1728 1440 quia
1767 1366 2101 1439 peccatum
2143 1357 2352 1438 angeli

850 1459 1042 1540 primi
1084 1459 1311 1520 ceteris
1351 1456 1469 1520 fuit
1502 1457 1848 1520 enormius.
1885 1457 2061 1529 Quod
2100 1475 2229 1518 non
2261 1458 2351 1518 vi-

840 1557 1035 1618 ·detur
1069 1557 1477 1628 conveniens,
1511 1555 1663 1636 quia
1702 1574 1779 1616 ex
1821 1555 2008 1616 modo
2050 1554 2351 1635 loquendi

852 1655 1194 1736 Scripturae
1223 1654 1590 1734 designatur
1620 1653 1955 1714 causalitas
1984 1652 2197 1733 aliqua
2228 1653 2350 1734 pri-

852 1753 942 1815 mi
983 1752 1190 1833 angeli
1236 1753 1313 1814 ad
1358 1752 1629 1814 aliorum
1680 1758 2033 1832 peccatum.
2068 1786 2150 1795 —
2189 1751 2348 1812 Hinc

2463 785 2631 828 unus
2677 766 2858 829 alteri
2902 767 3098 830 fuerit
3141 787 3331 832 causa
3372 769 3741 832 aversionis.

2544 863 2896 927 Dicendum
2943 867 3018 928 ad
3057 867 3361 947 primum,
3395 867 3564 948 quod
3597 867 3963 931 deformitas

2463 962 2669 1043 culpae
2719 972 3060 1026 consecuta
3108 972 3202 1028 est
3252 965 3318 1027 in
3369 966 3576 1048 primo
3619 966 3848 1047 angelo
3889 986 3964 1028 ex

2463 1069 2608 1123 actu
2660 1080 2776 1124 suo
2825 1063 3018 1124 simul
3065 1082 3212 1125 cum
3262 1073 3407 1126 actu
3456 1064 3748 1126 aliorum.
3791 1063 3966 1126 Visio

2462 1168 2676 1222 autem
2721 1161 3090 1241 angelorum
3137 1162 3513 1224 inferiorum
3553 1181 3680 1225 non
3723 1161 3965 1225 fereba-

2464 1264 2568 1318 tur
2612 1257 2679 1320 in
2723 1259 3020 1339 angelum
3067 1261 3348 1340 primum
3398 1260 3750 1323 secundum
3795 1261 3966 1342 quod

2462 1375 2540 1418 ex
2579 1364 2725 1418 actu
2767 1356 3247 1439 relinquebatur
3287 1359 3352 1420 in
3393 1358 3531 1441 ipso
3571 1358 3964 1433 deformitas»,

2461 1455 2573 1515 sed
2633 1456 2989 1517 secundum
3051 1457 3219 1538 quod
3276 1463 3456 1518 actus
3517 1458 3828 1538 processit
3883 1457 3966 1520 ab

2463 1552 2601 1634 ipso
2635 1572 2648 1617 :
2683 1573 2825 1635 quae
2865 1554 3038 1616 enim
3081 1555 3424 1635 conjuncta
3465 1563 3614 1617 sunt
3652 1561 3963 1638 tempore,

2461 1670 2576 1732 per
2609 1659 2832 1714 'actum
2885 1653 3115 1715 animae
3163 1662 3558 1735 separantur,
3609 1656 3964 1736 praesertim

2459 1748 2612 1810 dum
2655 1770 2856 1813 unum
2897 1751 3269 1814 naturali-ter
3301 1751 3479 1833 prius
3509 1760 3606 1814 est
3633 1752 3850 1815 altero.
3885 1790 3968 1799 —

850 1851 957 1914 alii
1000 1851 1242 1924 dicunt,
1289 1850 1454 1931 quod
1501 1849 1824 1931 praecessit
1864 1854 1993 1909 tam
2040 1848 2347 1928 gravitate
2385 1845 2432 1907 B
2461 1847 2552 1910 Ad
2599 1850 2978 1924 secundum,
3013 1851 3181 1931 quod
3229 1851 3560 1913 conversio
3601 1850 3964 1915 efficaciam

850 1968 1041 2032 quam
1091 1949 1479 2022 causalitate,
1522 1955 1584 2008 et
1628 1947 1779 2008 item
1831 1945 2182 2009 duratione.
2228 1947 2348 2010 Sed

846 2067 965 2110 nec
1014 2048 1133 2109 hoc
1178 2047 1430 2109 videtur
1474 2046 1882 2119 convenienS,
1926 2045 2078 2126 quia
2124 2063 2350 2107 secun-

845 2146 1000 2207 dum
1030 2147 1515 2217 Damascenum,
1552 2145 1719 2225 quod
1754 2143 1819 2205 in
1852 2142 2223 2205 hominibus
2252 2152 2349 2206 est

846 2262 1038 2318 morS,
1072 2243 1191 2306 hoc
1235 2243 1298 2305 in
1338 2242 1579 2322 angelis
1618 2251 1715 2304 est
1755 2260 1955 2304 casus.
1992 2242 2138 2304 Ideo
2183 2241 2349 2302 sicut

845 2343 1187 2406 morientes
1220 2341 1285 2403 in
1321 2338 1599 2422 peccatis
1639 2358 1785 2403 mox
1817 2340 2344 2413 condemnantur,

841 2441 935 2503 sic
977 2439 1238 2522 angelus
1284 2457 1556 2520 peccans
1605 2437 1819 2499 statim
1864 2457 2046 2500 suam
2091 2437 2348 2500 damna-

842 2539 1083 2601 tionem
1144 2537 1406 2619 recepit,
1457 2544 1521 2598 et
1568 2556 1605 2598 a
1653 2535 1967 2599 bonorum
2028 2537 2346 2599 consortio

844 2645 940 2699 est
970 2637 1213 2717 ejectus
1242 2652 1257 2697 ε
1293 2635 1511 2716 sicque
1542 2634 1699 2696 alios
1730 2652 1856 2696 non
1889 2633 2203 2715 potuisset
2231 2642 2349 2696 tra-

844 2736 999 2797 here
1025 2735 1102 2796 ad
1134 2734 1548 2815 peccandum.
1584 2768 1665 2778 —
1693 2731 1937 2794 Idcirco
1974 2732 2341 2807 dicendum,

842 2835 1013 2915 quod
1044 2839 1377 2914 peccatum
1408 2831 1685 2893 Luciferi
1718 2831 1988 2892 aliorum
2020 2832 2346 2912 praecessit

842 2938 1101 3014 peccata
1149 2948 1276 2993 non
1324 2938 1571 2991 tantum
1623 2929 1950 3009 gravitate,
1994 2929 2103 2991 sed
2149 2929 2337 2992 etiam

2459 1946 2682 2008 habuit
2716 1965 2829 2028 per
2862 1948 3155 2028 gratiam,
3188 1968 3330 2030 quae
3361 1967 3488 2012 non
3519 1957 3614 2010 est
3643 1967 3720 2012 ex
3750 1950 3969 2032 aliqua

2459 2053 2784 2124 creat2ura3
2836 2046 2945 2108 sed
2997 2055 3288 2110 creatura
3333 2066 3411 2110 ex
3464 2067 3532 2110 se
3590 2047 3838 2111 sufficit
3885 2051 3966 2112 ad

2458 2145 2876 2207 aversionem.
2913 2145 3208 2208 Attamen
3255 2165 3382 2210 non
3427 2155 3524 2210 est
3567 2158 3883 2211 remotum
3927 2169 3968 2211 a

2457 2243 2744 2317 veritate,
2777 2243 2988 2306 dicere
3033 2245 3204 2326 quod
3247 2246 3578 2308 conversio
3622 2245 3812 2309 unius
3851 2266 3966 2309 an·

2454 2341 2579 2422 geli
2631 2341 2827 2404 fuerit
2874 2341 3124 2404 occasio
3170 2350 3234 2404 et
3281 2344 3649 2425 exemplum
3699 2363 3963 2408 conver·

2457 2438 2656 2501 sionis
2707 2439 3018 2516 aliorum3
3066 2440 3196 2502 imo
3237 2441 3492 2503 videtur
3537 2460 3616 2504 ex
3664 2460 3741 2505 eo
3788 2445 3962 2525 quod

2456 2537 2766 2619 scriptum
2816 2545 2911 2600 est
2957 2555 2971 2599 z
3015 2538 3279 2600 Michael
3323 2547 3386 2600 et
3428 2540 3634 2620 angeli
3685 2540 3846 2621 ejus.
3881 2577 3964 2587 —-
3991 2561 4222 2616 Amans.

2453 2636 2581 2698 Nec
2631 2655 2708 2697 ex
2758 2636 2860 2697 his
2909 2635 3199 2711 habetur,
3249 2638 3417 2718 quod
3469 2647 3802 2719 peccatum
3849 2659 3964 2701 an·

2454 2733 2744 2814 gelorum
2789 2733 2870 2795 sit
2913 2734 3320 2809 remissibile,
3354 2736 3657 2817 quoniam
3699 2737 3824 2801 alio
3873 2738 3968 2800 in-

2454 2831 2725 2911 stigante
2757 2832 3132 2912 transgressi
3164 2840 3313 2894 sunt
3347 2851 3360 2894 :
3394 2832 3546 2914 quia
3577 2852 3695 2896 nec
3727 2835 3835 2897 illa
3865 2844 3966 2898 est

2455 2948 2645 2991 causa
2683 2930 2850 3010 quod
2893 2937 3227 3010 peccatum
3270 2931 3478 3011 angeli
3521 2931 3711 3013 primi
3750 2941 3848 2995 est
3881 2933 3964 2995 ir-

840 3029 1229 3098 causalitate‚
1292 3046 1419 3090 non
1484 3035 1694 3090 tamen
1750 3027 2100 3089 duratione.
2166 3028 2343 3100 Quod
2381 3026 2862 3100 Cremissibile‚
2925 3028 3035 3089 sed
3095 3035 3190 3089 est
3248 3030 3609 3109 congruitas
3667 3032 3960 3112 quaedam

841 3128 1114 3210 qualiter
1159 3126 1517 3207 contigerit,
1562 3126 1653 3188 sic
1702 3132 1911 3207 potest
1953 3126 2176 3187 videri.
2221 3126 2343 3189 An-

837 3227 1019 3308 gelus
1063 3226 1308 3308 primus
1350 3225 1414 3286 id
1455 3223 1759 3305 consequi
1804 3223 2027 3296 voluit,
2072 3232 2139 3285 ut
2180 3225 2346 3286 sicut

842 3332 1066 3387 natura
1109 3324 1265 3386 alios
1313 3322 1863 3410 praecellebat‚·sic
1903 3322 1995 3384 eis
2038 3323 2344 3403 quodam-

844 3425 1035 3486 modo
1073 3441 1263 3484 causa
1297 3429 1462 3483 esset
1501 3421 1831 3483 obtinendi
1875 3420 2165 3482 ultimam
2208 3440 2346 3502 per-

843 3521 1183 3584 fectionem
1220 3541 1331 3583 seu
1361 3520 1751 3582 felicitatem.
1780 3520 2113 3601 Quumque
2144 3529 2346 3582 motus

844 3619 1143 3683 desiderii
1202 3618 1614 3681 indivisibilis
1676 3617 1892 3690 fuerit,
1955 3635 2081 3680 non
2140 3618 2344 3680 conti-

844 3737 1048 3796 nuus3
1096 3718 1335 3781 idcirco
1383 3716 1777 3798 principium
1824 3716 1964 3796 ejus
2014 3735 2139 3779 non
2191 3735 2346 3798 prae-

843 3815 1036 3878 cessit
1102 3815 1447 3876 terminum
1512 3813 1734 3896 ipsius.
1797 3813 2070 3895 Ideoque
2134 3822 2344 3875 motus

840 3914 1115 3994 alicujus
1159 3913 1241 3976 ab
1286 3913 1426 3994 ipso
1468 3921 1787 3986 causatuS,
1831 3912 1942 3993 qui
1996 3912 2233 3994 incepit
2277 3913 2343 3974 in

844 4013 1117 4076 termino
1186 4011 1349 4093 ejuS,
1410 4011 1603 4073 simul
1674 4009 1935 4073 omnino
2004 4010 2128 4072 fuit
2195 4029 2342 4072 cum

843 4112 1006 4193 ipsc,
1040 4111 1393 4173 secundum
1427 4110 1597 4191 quod
1630 4109 1691 4170 id
1725 4109 1893 4190 quod
1934 4108 2340 4184 desideravit,

2455 3133 2526 3186 ut
2575 3133 2908 3206 peccatum
2959 3126 3240 3187 hominis
3299 3127 3498 3206 magis
3548 3129 3959 3191 remedietur.

2453 3258 2534 3268 —
2573 3224 2716 3285 Haec
2758 3223 3030 3284 Thomas
3075 3223 3139 3286 in
3185 3223 3452 3304 Script0.

2533 3321 2722 3384 Porro
2754 3321 2818 3382 in
2850 3320 3058 3402 prima
3099 3329 3296 3402 parte,
3329 3322 3678 3404 quaestione
3707 3343 3963 3406 sexage-

2454 3418 2620 3481 sima
2668 3419 2851 3481 tertia
2895 3436 2909 3480 ε
2952 3419 3310 3494 Peccatum,
3353 3420 3462 3494 ait,
3504 3422 3712 3502 angeli
3763 3423 3960 3505 primi
4039 3441 4171 3480 ms.

2458 3517 2578 3578 fuit
2607 3517 2750 3578 aliis
2788 3516 3028 3597 angelis
3069 3536 3258 3581 causa
3299 3519 3626 3600 peccandi,
3659 3538 3786 3582 non
3818 3523 3962 3602 qui-

2457 3615 2602 3677 dem
2654 3634 2908 3696 cogens,
2961 3615 3070 3678 sed
3121 3618 3392 3697 quadam
3442 3617 3622 3700 quasi
3673 3619 3965 3684 exhorta—

2455 3714 2627 3776 tione
2678 3714 3005 3776 inducenS.
3061 3714 3257 3794 Cujus
3313 3715 3568 3796 signum
3621 3725 3739 3792 est,
3788 3721 3960 3800 quod

2455 3829 2678 3874 omnes
2723 3811 3042 3874 daemones
3093 3812 3183 3874 illi
3229 3831 3530 3895 supremo
3571 3816 3957 3892 subduntur,

2457 3919 2528 3971 ut
2577 3909 2913 3972 manifeste
2973 3919 3237 3992 apparet
3296 3931 3410 3993 per
3455 3911 3648 3974 verba
3697 3914 3955 3991 Christi,

2456 4008 2726 4070 dicentis
2779 4028 2792 4072 :

2455 4126 2635 4182 num,
2688 4105 2797 4188 qui
2854 4115 3110 4188 paratus
3159 4116 3255 4169 est
3302 4108 3556 4172 diabolo
3603 4119 3666 4172 et
3713 4113 3957 4192 angelis
3985 4105 4050 4144 ⁴¹·

844 4208 1177 4274 attentavit.
1224 4216 1295 4269 ut
1346 4207 1422 4269 ad
1481 4215 1692 4269 actum
1754 4207 2151 4288 perduceret,
2205 4208 2345 4269 aliis
2375 4210 2424 4271 D
2456 4204 2615 4286 ejus.
2662 4204 2860 4266 Habet
2907 4205 3080 4266 enim
3129 4205 3248 4268 hoc
3295 4207 3450 4269 ordo
3493 4207 3725 4272 divinae
3771 4209 3958 4291 justi-

846 4328 1035 4372 suum
1098 4307 1485 4370 desiderium
1544 4305 1971 4386 exponend03
2030 4312 2093 4366 et
2152 4306 2345 4368 simul

850 4427 998 4471 cum
1049 4406 1189 4480 hoc,
1234 4405 1352 4468 fuit
1397 4405 1670 4467 aliorum
1714 4403 1877 4466 visio
1916 4403 2346 4486 desideriique

852 4525 1198 4570 consensus
1262 4523 1621 4586 perversus,
1683 4500 1847 4564 sicut
1912 4502 2220 4583 contingit
2281 4503 2346 4564 in

852 4605 1152 4669 omnibus
1219 4602 1694 4685 operationibus
1762 4601 2178 4664 instantaneis
2241 4602 2348 4680 (ut

852 4705 1089 4786 supra).

930 4803 1163 4864 Verum
1205 4800 1304 4862 his
1335 4798 1529 4879 objici
1571 4805 1798 4879 potest,
1833 4797 1983 4879 quia
2012 4797 2063 4858 si
2096 4795 2350 4858 Lucifer

850 4902 1007 4965 alios
1048 4899 1373 4979 instigavit
1401 4898 1479 4959 ad
1511 4896 1635 4959 sibi
1668 4895 2219 4966 consentiendum,
2253 4914 2348 4955 er-

850 5018 929 5080 go
964 4999 1097 5080 jam
1138 4997 1435 5059 viderunt
1479 4995 1735 5075 culpam
1778 5001 1841 5055 et
1883 4992 2350 5074 turpitudinem

850 5098 1014 5178 ejuS,
1057 5105 1119 5158 et
1162 5095 1249 5156 ita
1293 5113 1419 5157 non
1463 5091 1934 5155 consensissent
1975 5091 2054 5152 ei.
2088 5127 2169 5135 —
2201 5091 2351 5154 Rur-

852 5217 982 5269 suS‚
1036 5196 1101 5258 in
1151 5194 1391 5275 angelis
1452 5192 1636 5255 bonis
1684 5208 1809 5252 non
1869 5190 2131 5271 ponitur
2181 5191 2348 5270 quod

854 5315 1019 5360 unus
1075 5293 1267 5358 fuerit
1315 5291 1497 5358 alteri
1547 5309 1736 5354 causa
1785 5287 2219 5355 conversionis
2270 5289 2346 5352 ad

2455 4302 2580 4377 tiae,
2615 4311 2686 4365 ut
2717 4303 2902 4383 cujus
2944 4305 3331 4384 suggestioni
3371 4305 3602 4389 aliquis
3643 4309 3960 4371 consentit.

2458 4403 2521 4463 in
2556 4403 2765 4484 culpa,
2799 4401 2940 4482 ejus
2972 4403 3266 4483 potestati
3309 4404 3618 4467 subdatur
3649 4407 3712 4468 in
3746 4426 3956 4489 poena,

2454 4500 2635 4580 juxta
2665 4500 2824 4562 illud
2855 4500 3019 4562 Petri
3053 4501 3116 4562 in
3150 4502 3428 4564 secunda
3459 4523 3572 4565 sua
3602 4504 3956 4567 Canonica:

2456 4599 2506 4662 A
2537 4618 2664 4680 quo
2701 4599 2846 4680 quis
2888 4607 3222 4680 superatus
3263 4609 3380 4672 est,
3414 4600 3608 4681 hujus
3642 4611 3706 4664 et.
3734 4623 3956 4666 servus
4011 4623 4218 4666 turem.

2457 4706 2568 4759 est.
2603 4698 2746 4760 Haec
2786 4697 2853 4759 in
2894 4698 3174 4761 Summa.
3211 4735 3290 4744 —
3317 4700 3560 4774 Quibus
3599 4719 3713 4783 per
3742 4704 3958 4766 omnia
3987 4689 4050 4728 ¹⁹·

2455 4795 2674 4858 Petrus
2719 4796 3076 4859 concordat.

2539 4894 2851 4956 Consonat
2892 4903 2956 4956 et.
2999 4895 3368 4970 Richardus,
3411 4897 3706 4979 quamvis
3746 4898 3957 4961 videa-

2459 5001 2562 5054 tur
2603 4992 2668 5054 in
2705 4992 2919 5055 verbis
2957 4992 3318 5075 aliqualiter
3349 4995 3708 5068 dissentire,
3743 4999 3953 5060 dicen-

2458 5092 2538 5152 do
2578 5091 2747 5171 quod
2790 5099 3120 5172 peccatum
3163 5092 3438 5154 Luciferi
3483 5113 3608 5157 non
3655 5095 3778 5157 fuit
3817 5115 3956 5178 pro-

2458 5189 2595 5270 prie
2643 5207 2832 5250 causa
2890 5191 3130 5272 peccati
3190 5190 3484 5266 aliorum,
3535 5193 3684 5274 quia
3732 5213 3952 5256 eorum

2460 5295 2790 5376 peccatum
2837 5307 2911 5352 ex
2963 5289 3220 5377 propria
3269 5291 3550 5379 ipsorum
3602 5299 3814 5358 ortum
3858 5302 3952 5356 est

2845 4009 2955 4081 lte,
3009 4009 3352 4083 maledicti,
3399 4010 3467 4073 in
3517 4011 3730 4092 ignem
3778 4022 3956 4076 aeter-
3985 4037 4222 4082 mcum.
