4334 6242
1147 504 1424 550 nmmum
1465 502 1930 550 msrlNc'rIoNUM
1973 504 2132 550 LIBRI
2174 503 2218 549 Π
2262 501 2723 550 sawt-:mmmm
3410 479 3487 545 13

373 675 452 730 de
492 675 654 730 costa
680 673 808 738 viri,
841 678 908 730 ut
943 689 1061 730 non
1101 673 1343 731 domina
1381 676 1483 731 aut
1519 672 1749 738 aneilla,
1781 675 1884 730 sed
1913 673 1966 736 A

369 763 540 820 socia
576 763 736 820 illius
771 764 1102 820 haberetur.
1133 764 1202 819 Et
1228 763 1355 828 hoc,
1381 763 1564 836 ipsius
1595 761 1886 820 dormien-

369 853 472 918 iiS,
500 871 574 910 ne
603 853 826 911 scilicet
853 854 1112 910 dolorem
1143 853 1401 920 sentiret,
1434 857 1490 924 et
1516 857 1582 909 ut
1611 854 1760 910 Deus
1793 870 1887 924 po-

371 943 631 999 tentiam
662 960 832 1000 suam
872 943 934 998 in
975 959 1092 1000 non
1130 943 1440 999 excitando
1481 959 1617 999 eum
1649 959 1751 1014 per
1777 941 1886 998 hoc

373 1034 730 1092 ostenderet.
784 1035 963 1104 utque
1018 1035 1524 1089 sacramentorum
1584 1048 1886 1103 processus

377 1122 453 1177 de
502 1120 682 1178 latere
726 1121 938 1178 Christi
986 1122 1355 1194 figuraretur.
1387 1123 1502 1178 Nec
1546 1124 1620 1177 ad
1663 1123 1883 1177 costam

374 1209 550 1265 illam
579 1210 777 1282 aliqua
815 1210 926 1267 ruit
960 1211 1163 1267 addita
1201 1211 1466 1272 materia,
1494 1213 1596 1266 sed
1625 1210 1713 1282 (ut
1749 1227 1884 1266 cum

375 1298 644 1371 quinque
681 1300 930 1371 panibus
968 1300 1186 1356 sactum
1227 1300 1335 1371 est)
1367 1299 1614 1356 materia
1648 1299 1746 1355 illa
1773 1298 1886 1354 vir·

381 1391 510 1445 tute
542 1389 644 1444 Dei
681 1389 792 1446 fuit
828 1389 1233 1461 multiplicata.
1266 1391 1422 1446 Licet
1457 1393 1653 1446 autem
1695 1388 1885 1460 angeli

375 1479 458 1534 ad
485 1478 599 1534 hoc
629 1477 1105 1543 ministraverint,
1139 1479 1295 1536 solus
1323 1482 1518 1535 tamen
1551 1479 1700 1535 Deus
1729 1479 1885 1549 quod

377 1567 694 1623 creationis
722 1570 810 1624 est
838 1567 1043 1624 effecit.
1077 1569 1271 1640 Neque
1302 1567 1656 1640 organizatio
1686 1582 1886 1638 corpo-

375 1656 462 1712 ris
491 1656 654 1713 illius
683 1655 792 1713 suit
819 1673 888 1714 ex
919 1657 1116 1729 aliqua
1155 1659 1380 1716 ratione
1419 1657 1705 1720 seminali,
1737 1655 1887 1712 sicut

377 1747 441 1802 in
470 1748 648 1804 rebus
675 1765 710 1802 a
738 1750 950 1804 natura
980 1747 1278 1819 productis
1309 1746 1433 1802 fieri
1464 1746 1626 1811 solet,
1649 1746 1750 1801 sed
1777 1744 1887 1800 vir-

2445 681 2868 745 nis‘rnvc'rio
2910 653 3059 744 xxj

2293 814 2435 877 Post
2476 815 2611 878 haec
2654 815 3024 890 videndum,
3070 823 3188 878 etc.

2108 1023 2277 1078 ΤΙΑΜ
2316 1022 2373 1076 in
2408 1021 2755 1078 innocentiae
2783 1024 2935 1078 statu
2975 1019 3260 1084 homines,
3292 1024 3493 1078 contra

2145 1111 2353 1168 salsam
2394 1113 2787 1184 quorumdam
2825 1110 3179 1182 opinionem,
3213 1109 3361 1166 lilios
3404 1126 3496 1182 ge-

1997 1203 2313 1265 nerassent,
2354 1202 2572 1272 absque
2619 1199 2929 1256 libidinosa
2976 1198 3491 1270 concupiscentia:

1998 1289 2347 1362 genitalibus
2394 1289 2552 1346 enim
2602 1288 2885 1346 membris
2931 1290 3007 1344 ad
3056 1289 3166 1344 hoc
3216 1304 3379 1360 opuS,
3430 1288 3494 1344 ut

1995 1379 2218 1444 ceteriS,
2245 1397 2346 1451 pro
2374 1379 2669 1436 voluntate
2699 1379 2790 1434 usi
2820 1377 3079 1435 fuissent.
3100 1379 3265 1443 Quod
3294 1379 3492 1433 autem

1997 1485 2112 1524 non
2155 1469 2573 1541 generaverint,
2606 1468 2741 1524 inde
2780 1468 2985 1532 evenit,
3019 1467 3156 1539 quia
3197 1466 3347 1524 Deus
3384 1465 3493 1522 hoc

1997 1562 2259 1616 nondum
2312 1561 2679 1631 praeceperat,
2728 1562 2787 1614 et
2832 1558 3003 1630 paulo
3052 1561 3180 1629 post
3230 1556 3493 1614 mulieris

1997 1647 2407 1705 formationem
2446 1650 2847 1720 peccaverunt.
2876 1648 3259 1720 Posteaquam
3294 1649 3491 1702 autem

1998 1737 2056 1793 in
2097 1737 2366 1808 paradiso
2410 1741 2798 1810 generassent,
2830 1753 2903 1792 an
2946 1739 3214 1810 parentes
3256 1735 3375 1792 illic
3410 1751 3497 1791 re-

374 1839 502 1892 tute
547 1837 747 1892 divina
787 1837 1238 1909 supernaturali.
1271 1836 1482 1890 Anima
1521 1851 1654 1890 vero
1702 1832 1884 1905 ipsius
1921 1829 1968 1891 B
1999 1825 2135 1882 1501&
2182 1827 2533 1899 posteritate,
2574 1826 2770 1882 statim
2814 1825 3079 1882 translati
3126 1824 3370 1882 fuissent
3416 1827 3493 1881 ad

375 1925 650 1981 mulieris
679 1942 796 1982 non
823 1927 910 1998 (ut
939 1925 1178 1997 quidam
1210 1924 1558 1993 sentiebant)
1585 1925 1654 1979 de
1685 1922 1887 1978 anima

375 2015 538 2076 Adae,
571 2032 758 2088 quum
801 2014 1171 2071 indivisibilis
1200 2014 1276 2070 sit
1303 2031 1370 2070 ac
1408 2011 1882 2084 incorruptibilis,

377 2101 636 2160 formata
665 2107 768 2169 est,
796 2121 902 2160 nec
931 2106 1324 2176 praecedenter
1348 2103 1524 2160 etiam
1556 2105 1643 2158 est
1671 2103 1882 2166 creata,

375 2195 481 2249 sed
520 2195 779 2250 creando
807 2193 898 2265 (ut
935 2195 1162 2266 ceterae)
1193 2192 1400 2258 infusa,
1431 2195 1487 2248 et
1525 2189 1886 2248 infundendo

377 2285 594 2339 creata.

378 2405 526 2455 Olim
560 2406 798 2458 formosi
831 2406 1060 2470 gravido
1091 2405 1158 2455 de
1189 2406 1440 2469 corporis
1477 2419 1608 2456 osse

439 2478 674 2528 Scilicet
703 2481 874 2529 enata
902 2481 990 2528 est
1017 2477 1230 2528 femina
1257 2477 1439 2542 prima
1467 2476 1588 2526 viri.

825 2717 1250 2782 DlSTINCTlO
1295 2719 1446 2780 XIX.

698 2867 916 2931 Solent
960 2869 1158 2951 quaeri
1203 2870 1410 2951 plura,
1455 2877 1574 2932 etc.

529 3083 888 3139 innocentiae
915 3087 1070 3140 statu
1100 3083 1276 3138 homo
1306 3081 1571 3138 mortalis
1600 3085 1726 3138 erat
1752 3099 1889 3154 quo-

471 3173 818 3237 dammode,
841 3175 897 3228 et
925 3173 1362 3244 quodammodo
1394 3171 1743 3227 immortalis
1763 3188 1776 3227 ε
1796 3187 1891 3242 po-

381 3264 533 3317 terat
561 3259 724 3317 enim
759 3260 926 3325 mori,
960 3263 1184 3332 poterat
1221 3264 1280 3317 et
1317 3277 1434 3316 non
1477 3259 1644 3315 mori.
1677 3259 1891 3316 Habuit

383 3366 522 3422 ergo
553 3353 696 3406 tunc
727 3365 893 3421 posse
927 3365 1042 3405 non
1085 3349 1265 3415 mori;
1297 3353 1426 3421 post
1462 3353 1762 3422 peccatum
1795 3349 1892 3405 ha-

386 3441 482 3494 bet
519 3455 755 3495 necesse
797 3437 973 3504 mori:
1007 3441 1134 3509 post
1173 3438 1658 3494 resurrectionem
1695 3440 1888 3494 autem

383 3544 503 3584 non
534 3527 745 3600 poterit
775 3527 946 3583 mori.
967 3529 1103 3583 Erat
1130 3544 1266 3600 ergo
1295 3531 1436 3584 tunc
1473 3543 1680 3600 corpus
1711 3527 1891 3598 ipsius

387 3615 652 3673 hominis
683 3616 958 3681 animale,
986 3616 1130 3672 cibis
1160 3616 1445 3688 indigens,
1471 3617 1627 3672 unde
1655 3618 1712 3672 et
1741 3633 1895 3671 mor-

381 3706 522 3762 tale.
555 3707 670 3762 Sed
710 3709 907 3777 postea
947 3704 1166 3763 factum
1209 3708 1296 3761 est
1333 3707 1654 3768 mortuum,
1699 3722 1892 3762 neces-

383 3795 620 3851 sitatem
653 3793 944 3850 moriendi
973 3794 1211 3850 habenS.
1245 3795 1378 3850 Post
1407 3793 1892 3850 resurrectionem

383 3900 521 3941 vero
551 3883 664 3940 erit
689 3882 1008 3956 spirituale,
1041 3899 1148 3939 nec
1187 3883 1330 3939 cibis
1371 3899 1563 3956 egem,
1597 3899 1705 3940 nec
1744 3883 1894 3938 mori

385 3978 614 4046 potens.
647 3975 836 4039 Quam
877 3975 1076 4030 tamen
1115 3972 1640 4038 immortalitatem,
1673 3989 1790 4028 non
1822 3989 1892 4028 ex

385 4061 724 4118 conditione
781 4064 1024 4126 naturae,
1075 4063 1178 4118 sed
1233 4063 1386 4118 dono
1435 4061 1638 4134 gratiae
1692 4061 1896 4117 habuit

387 4152 590 4218 homo,
633 4167 704 4208 ex
745 4167 848 4208 esu
895 4150 1116 4208 scilicet
1157 4150 1302 4223 ligni
1345 4150 1478 4206 vitae
1511 4168 1523 4206 ε
1558 4152 1630 4206 de
1682 4168 1797 4223 quo
1843 4149 1893 4205 si
1923 4155 1972 4216 D

388 4257 506 4297 non
548 4242 763 4306 ederet,
807 4244 1073 4311 peccaret
1107 4241 1197 4312 (eo
1239 4243 1395 4313 quod
1439 4242 1511 4296 de
1562 4241 1673 4296 hoc
1723 4242 1892 4297 edere

388 4333 748 4404 praeceptum
781 4329 890 4387 sibi
921 4328 1148 4402 fuerat),
1172 4332 1329 4387 unde
1359 4334 1415 4387 et
1443 4334 1784 4387 moreretur.
1815 4331 1894 4387 De

391 4421 502 4477 hoc
549 4423 749 4477 autem
797 4420 957 4492 ligno
1004 4420 1247 4492 quidam
1301 4421 1520 4484 dicunt,
1571 4421 1729 4493 quod
1777 4436 1893 4475 non

389 4509 502 4568 fuit
539 4509 736 4566 totalis
775 4525 954 4566 causa
999 4509 1477 4573 immortalitatis
1509 4511 1612 4566 sed
1658 4509 1896 4582 coadju-

389 4615 558 4665 vans;
581 4598 683 4654 alii
713 4601 930 4662 autem,
946 4600 1104 4670 quod
1126 4598 1628 4655 immortalitatem
1654 4597 1894 4654 omnino

391 4687 596 4744 habuit
623 4687 801 4743 homo
830 4704 901 4744 ex
931 4705 1042 4743 usu
1077 4687 1223 4760 ligni
1249 4686 1399 4742 vitae.
1434 4688 1546 4744 Sed
1580 4689 1638 4742 et
1665 4686 1900 4757 quibus-

393 4779 530 4833 dam
557 4776 807 4842 videtur,
841 4778 996 4849 quod
1037 4793 1070 4832 a
1110 4778 1319 4832 natura
1357 4777 1678 4848 quamdam
1721 4775 1900 4832 habu-

392 4866 531 4922 isset
554 4865 1083 4929 immortalitatem‚
1106 4868 1166 4920 at
1191 4863 1600 4935 perfectionem
1630 4864 1896 4935 ejusdem

389 4971 460 5011 ex
505 4973 614 5011 usu
654 4954 796 5010 dicti
837 4953 980 5025 ligni
1029 4957 1326 5010 assecutus
1376 4952 1596 5010 fuisset.
1629 4953 1899 5025 Magister

391 5047 589 5102 autem
627 5044 824 5108 sentit,
857 5045 1014 5114 quod
1059 5059 1128 5099 ex
1171 5044 1378 5100 eodem
1421 5041 1597 5098 etiam
1639 5041 1896 5124 primam

393 5133 903 5191 immortalitatem
947 5132 1234 5188 habuerit.

391 5240 532 5294 Dum
563 5239 943 5316 paradisiacis
985 5238 1364 5290 diversaretur
1394 5238 1448 5288 in
1479 5237 1675 5298 hortis,

447 5313 620 5365 Nulla
649 5311 852 5386 mortis
884 5315 1006 5363 erat
1031 5311 1154 5376 lege
1185 5310 1469 5362 revinctus
1498 5310 1686 5362 homo.

1998 1915 2259 1988 requiem
2293 1915 2687 1980 beatitudinis,
2717 1915 2805 1972 vel
2834 1917 3263 1986 exspectassent
3289 1929 3493 1970 omnes

1997 2022 2297 2077 quousque
2325 2007 2640 2061 Beatorum
2669 2020 2951 2060 numerus
2984 2003 3391 2074 compleretur,
3424 2019 3493 2060 ex

1997 2094 2309 2167 Scripturis
2350 2094 2529 2151 sacris
2570 2097 2793 2151 certum
2838 2110 2953 2150 non
2991 2098 3094 2159 est,
3130 2095 3196 2150 ut
3230 2093 3499 2166 Magister

1998 2183 2155 2240 dicit.
2194 2185 2409 2240 Tamen
2460 2187 2624 2240 extra
2667 2186 2893 2240 textum
2941 2182 3335 2240 communiter
3380 2181 3497 2254 pri-

1997 2289 2164 2330 mum
2195 2272 2630 2344 amplectuntur
2660 2274 2943 2328 doctores.
2978 2272 3359 2329 Generassent
3394 2288 3497 2328 au-

1996 2365 2116 2418 tem
2170 2362 2348 2418 etiam
2399 2362 2455 2417 in
2516 2362 2625 2417 hoc
2672 2365 2827 2418 statu
2881 2361 3151 2433 parvulos
3198 2361 3347 2418 filios
3394 2377 3497 2432 pro

1995 2451 2387 2507 strictitudine
2434 2451 2582 2507 uteri
2630 2450 2879 2506 materni
2916 2467 2929 2506 :
2979 2450 3079 2522 qui
3128 2449 3249 2514 filii,
3298 2465 3500 2506 secun-

1999 2543 2141 2598 dum
2192 2539 2381 2612 magis
2429 2538 2788 2611 probabilem
2835 2539 3191 2610 opinionem,
3234 2539 3293 2595 in
3342 2541 3497 2594 statu

1997 2629 2272 2703 corporiS,
2297 2629 2543 2701 loquela,
2568 2629 2811 2701 aliisque
2840 2627 3197 2701 hujusmodi,
3221 2644 3323 2700 per
3348 2632 3497 2683 tem-

1998 2715 2154 2788 poris
2182 2717 2609 2774 successionem
2642 2716 3032 2788 profecissent.
3052 2718 3199 2773 Nam
3230 2720 3295 2774 ut
3321 2733 3498 2788 supra

1998 2805 2221 2861 dictum
2252 2809 2355 2871 est,
2387 2805 2531 2863 cibis
2559 2823 2789 2879 quoque
2828 2807 2889 2862 in
2920 2809 3124 2864 eodem
3164 2810 3316 2863 statu
3346 2807 3498 2864 indi-

2000 2896 2229 2965 gebant.
2274 2895 2387 2952 Sed
2434 2899 2491 2951 et
2536 2895 2594 2950 in
2643 2895 3066 2967 pertinentibus
3110 2897 3186 2952 ad
3233 2895 3497 2951 animam

1923 2978 1966 3042 C
1999 3001 2133 3040 cum
2174 2989 2435 3057 tempore
2474 2983 2886 3057 profecissent;
2927 3001 3114 3057 neque
3152 2988 3349 3041 tamen
3390 3001 3502 3057 poe-

1999 3089 2142 3129 nosa
2167 3073 2251 3130 eis
2282 3072 2483 3130 fuisset
2511 3091 2709 3130 rerum
2742 3073 2986 3138 inscitia,
3014 3090 3117 3130 nec
3147 3074 3218 3129 ob
3250 3073 3309 3130 id
3338 3073 3501 3146 igno-

1997 3161 2190 3217 rantia
2220 3162 2333 3218 dici
2377 3161 2671 3233 potuisset.
2704 3179 2770 3218 eo
2809 3165 2964 3235 quod
2995 3163 3260 3235 respectu
3298 3180 3501 3220 corum

2000 3267 2130 3323 quae
2178 3267 2285 3307 nec
2332 3251 2479 3308 scire
2528 3254 2891 3316 tenebantur,
2942 3250 3161 3308 suisset.
3193 3253 3502 3308 Paraverat

1999 3357 2137 3412 ergo
2176 3342 2325 3396 Deus
2372 3341 2615 3404 bomini,
2648 3341 2797 3397 sicut
2836 3342 3055 3397 bonum
3095 3341 3410 3412 temporale
3446 3343 3502 3398 et

1999 3429 2226 3486 visibile
2273 3448 2376 3502 pro
2426 3434 2635 3487 natura
2682 3429 2955 3502 corporis,
2988 3430 3070 3486 sic
3117 3430 3400 3487 invisibile
3446 3433 3503 3486 et

2001 3518 2300 3589 spirituale
2340 3536 2442 3590 pro
2473 3519 2691 3574 anima.
2722 3519 2883 3574 Unde
2924 3518 2969 3574 si
3010 3522 3362 3590 praeceptum
3400 3519 3500 3576 Dei

2001 3610 2285 3663 servando
2326 3608 2685 3680 perstitisset,
2719 3607 2925 3664 ultimo
2964 3609 3038 3663 ad
3076 3607 3338 3679 requiem
3371 3608 3503 3664 bea-

2004 3694 2272 3753 titudinis
2315 3697 2439 3774 sine
2489 3697 2693 3752 mortis
2740 3696 3067 3753 interventu
3114 3695 3235 3768 ipse
3282 3699 3339 3752 et
3383 3699 3503 3753 tota

2003 3786 2309 3858 posteritas
2336 3804 2442 3844 sua
2474 3787 2679 3844 suisset
2706 3787 3037 3844 translatus,

2004 3907 2243 3966 spumat
2272 3907 2542 3968 perpetuo
2573 3917 2705 3956 caro
2738 3903 2889 3953 foeda
2916 3901 3165 3953 libidinis
3194 3906 3358 3962 aestu,

2068 3974 2248 4031 Quam
2281 3975 2515 4025 nimium
2544 3974 2760 4038 primus
2791 3975 3224 4025 commaculavit
3252 3975 3440 4026 hom0.

2435 4190 2861 4254 DlSTlNCTIO
2912 4190 3067 4254 XXI.

2226 4315 2487 4414 ¹Videns
2539 4315 2733 4395 igitur
2774 4315 3085 4389 diaboluS‚
3130 4321 3250 4377 etc.

2087 4501 2390 4557 NVIDENS
2430 4502 2697 4558 diabolus
2735 4502 2980 4568 homini,
3022 4519 3195 4575 quem
3237 4519 3341 4576 per
3375 4504 3507 4562 obe-

2115 4589 2397 4645 dientiam
2436 4607 2815 4648 ascensurum
2847 4592 3064 4648 sciebat
3098 4594 3253 4650 unde
3284 4609 3388 4665 per
3414 4611 3507 4650 su-

2007 4679 2268 4751 perbiam
2300 4680 2421 4751 ipse
2452 4684 2765 4746 corruerat,
2786 4681 2844 4759 in
2868 4680 3133 4738 debiliori
3154 4698 3287 4738 eum
3322 4687 3503 4754 parte,

2007 4767 2227 4824 scilicet
2268 4768 2530 4832 muliere,
2561 4770 2840 4825 tentando
2882 4787 3191 4842 aggressus
3234 4773 3337 4836 est,
3372 4772 3505 4828 dolo

2007 4856 2380 4928 supplantare
2409 4857 2608 4913 volens
2645 4875 2789 4928 quos
2828 4858 3037 4915 virtute
3076 4875 3349 4931 superare
3386 4875 3506 4915 non

2009 4947 2248 5016 poterat,
2281 4961 2567 5018 apparens
2596 4945 2815 5002 scilicet
2854 4947 3045 5003 eidem
3077 4947 3137 5003 in
3168 4948 3357 5020 specie
3389 4963 3506 5005 non

2008 5051 2124 5106 qua
2150 5033 2349 5096 voluit,
2382 5037 2483 5091 sed
2524 5053 2637 5107 qua
2676 5037 2995 5107 permissus
3034 5041 3137 5100 est,
3172 5037 3230 5092 in
3271 5055 3387 5110 qua
3424 5041 3509 5093 ta-

2009 5140 2142 5180 men
2176 5122 2333 5180 fraus
2364 5125 2490 5195 ejus
2519 5124 2685 5182 facile
2716 5125 2994 5199 perpendi
3025 5130 3233 5197 posset,
3266 5144 3368 5198 per
3394 5144 3511 5184 ser-

2007 5215 2241 5284 pentem
2290 5213 2527 5278 scilicet‚
2560 5215 2725 5286 quasi
2772 5233 2876 5286 per
2922 5215 3377 5273 instrumentum
3428 5217 3508 5272 ei-

2006 5304 2142 5358 dem
2192 5302 2437 5368 locutuS,
2486 5307 2553 5359 ut
2597 5304 2840 5377 angelus
2896 5305 3083 5360 bonus
3129 5321 3232 5377 per
3274 5303 3505 5362 asinam
