4334 6242
1105 507 1307 556 uranu
1349 507 1442 554 sir
1481 507 1728 553 murex
1773 507 1939 553 UNUM
1980 501 2329 554 rnmciriuu
2372 499 2717 554 monumen
3384 485 3459 554 51

367 677 562 740 talitia
622 677 686 739 in
749 678 1106 741 munimine
1162 679 1340 760 regni
1399 679 1498 741 sui
1557 678 1860 740 adversus
1890 675 1942 738 A
1975 694 2259 737 mensam
2310 677 2557 749 sedenS,
2609 676 2799 737 traxit.
2846 694 2994 738 eum
3044 695 3191 737 cum
3241 694 3461 758 cappa,

365 776 880 858 impugnationes
931 778 1242 858 principis
1291 776 1720 848 tenebrarum,
1753 776 1859 837 ad-

363 875 640 936 miscens
671 875 1046 956 corporibus
1078 875 1206 936 illis
1241 873 1608 936 coelestibus
1649 873 1858 934 lucem

360 973 683 1035 visibilem
733 991 848 1055 pro
890 974 1134 1036 decore.
1171 974 1437 1054 Insuper
1479 973 1639 1034 dixit
1689 972 1860 1034 stoli-

359 1072 663 1133 dissimus
711 1071 1114 1145 Manichaeus‚
1154 1072 1219 1133 in
1263 1071 1550 1153 quolibet
1599 1071 1858 1133 homine

359 1187 494 1230 esse
537 1169 784 1230 animas
829 1171 984 1231 duas
1019 1187 1034 1231 τ
1077 1189 1270 1231 unam
1317 1168 1688 1231 naturaliter
1732 1187 1861 1229 ma-

360 1267 486 1328 lam
531 1287 652 1329 nec
689 1267 769 1330 ad
809 1268 1077 1329 virtutes
1116 1267 1495 1340 flexibilem,
1537 1287 1574 1329 a
1612 1267 1730 1328 deo
1774 1274 1860 1327 te-

361 1364 702 1427 nebrarum
755 1372 1029 1428 creatam
1078 1375 1142 1427 et
1191 1367 1472 1438 missam,
1523 1385 1596 1427 ac
1644 1365 1861 1427 omnia

365 1462 527 1524 mala
579 1483 722 1544 quae
781 1463 950 1526 fiunt
1001 1463 1082 1526 ab
1133 1463 1392 1526 homine
1450 1472 1856 1546 operantem3

363 1559 552 1622 aliam
593 1579 745 1623 vero
781 1562 1060 1623 animam
1101 1561 1358 1632 bonam,
1390 1562 1466 1623 de
1507 1561 1862 1623 substantia

369 1657 516 1720 boni
550 1659 652 1720 dei
690 1661 1066 1741 productam
1095 1668 1158 1722 et
1194 1661 1431 1740 jugiter
1460 1659 1807 1722 virtuosam
1842 1676 1857 1721 z

367 1775 558 1837 quam
616 1757 778 1818 dixit
825 1777 864 1819 a
907 1757 1198 1840 principe
1256 1757 1416 1818 lucis
1477 1758 1734 1819 missam
1795 1757 1860 1819 in

1970 774 2239 836 dicens:
2275 773 2507 846 Frater,
2542 775 2796 836 attende
2846 782 2905 836 te
2955 793 3093 836 csse
3140 774 3203 836 in
3248 793 3467 836 mensa

1971 872 2154 952 regis.
2218 873 2355 934 Mox
2414 872 2683 934 Thomas
2740 873 3051 934 exteriora
3106 873 3462 946 advertenS‚

1969 970 2204 1032 humili
2236 971 2461 1051 capitis
2494 970 2905 1033 inclinatione
2940 971 3123 1052 pet-iit
3154 971 3279 1032 sibi
3306 990 3343 1033 a
3373 989 3466 1032 re-

1970 1086 2046 1148 ge
2097 1068 2357 1148 ignosci.
2391 1069 2521 1131 Rex
2569 1076 2782 1130 autem
2832 1069 3181 1131 delectatus
3226 1069 3294 1130 in
3340 1069 3463 1142 his,

1968 1165 2159 1244 jussit
2215 1167 2531 1229 notarium
2584 1167 2877 1229 advocari
2924 1168 3002 1229 ad
3052 1166 3465 1228 scribendum

1973 1283 2114 1345 quae
2146 1272 2401 1325 sanctus
2433 1265 2661 1327 Doctor
2691 1264 2757 1326 in
2799 1265 2906 1327 illa
2935 1265 3285 1327 elevatione
3321 1282 3467 1326 con-

1973 1362 2293 1424 sideravit.

2053 1559 2235 1622 Nunc
2292 1559 2542 1640 objecta
2601 1561 2667 1622 in
2724 1561 3042 1642 principio
3097 1560 3467 1642 quaestionis

1975 1658 2255 1732 inducta,
2291 1659 2591 1721 solvenda
2628 1666 2776 1721 sunt
2810 1678 2823 1722 :
2858 1678 2999 1740 quae
3041 1678 3119 1721 ex
3162 1658 3471 1740 praehabi-

1976 1755 2056 1816 tis
2091 1756 2531 1837 multipliciter
2558 1764 2747 1838 atque
2777 1755 3053 1819 faciliter
3078 1765 3319 1838 queunt
3353 1757 3470 1818 dis·

369 1873 598 1937 corpus
636 1855 716 1917 ad
755 1856 1233 1937 reprimendum
1274 1864 1337 1917 et
1374 1855 1858 1936 temperandum
1899 1856 1946 1917 B
1975 1853 2154 1916 solvi.
2191 1853 2431 1936 Nempe
2462 1854 2536 1915 ad
2570 1854 2853 1935 primum
2884 1854 3010 1916 dici
3040 1861 3269 1937 potest,
3300 1855 3469 1936 quod

371 1954 535 2015 mala
588 1954 820 2016 animae
877 1955 1248 2016 naturaliter
1296 1954 1496 2027 malae,
1551 1955 1636 2014 ita
1692 1954 1860 2035 quod

367 2051 520 2112 deus
567 2051 729 2114 lucis
779 2052 940 2114 vidit
988 2061 1224 2134 quanta
1268 2052 1440 2114 labes
1487 2071 1561 2114 ac
1605 2051 1862 2113 vastitas

369 2167 481 2211 suo
528 2168 726 2230 regno
775 2150 1161 2224 immineret,
1197 2151 1320 2212 nisi
1370 2151 1616 2213 animas
1667 2150 1862 2212 bonas

369 2249 742 2329 corporibus
807 2249 1182 2310 immitteret
1241 2250 1318 2310 ad
1381 2249 1860 2330 temperandum

370 2346 766 2428 tyrannidem
807 2355 998 2428 atque
1042 2345 1355 2426 facinora3
1397 2348 1694 2429 ipsasque
1731 2347 1864 2407 ani-

371 2463 501 2506 mas
563 2443 761 2506 bonas
819 2463 896 2505 ex
958 2445 1266 2506 mixtione
1325 2463 1472 2506 cum
1530 2444 1866 2506 animabus

372 2542 556 2604 malis
592 2542 956 2623 aliqualiter
986 2543 1329 2625 inquinari,
1364 2542 1546 2623 ligari
1577 2550 1639 2604 et
1679 2551 1867 2606 retar-

370 2641 500 2702 dari
553 2660 592 2702 a
650 2641 858 2703 reditu
911 2642 990 2703 ad
1049 2643 1370 2722 regionem
1424 2661 1497 2702 ac
1557 2642 1865 2723 populum

371 2738 552 2813 luciS,
585 2746 649 2800 et
691 2740 773 2801 oh
819 2739 938 2802 hoc
983 2739 1319 2802 liberatore
1370 2739 1741 2820 indiguisse,
1777 2739 1866 2801 id-

372 2855 572 2918 eoque
609 2838 932 2900 Christum
971 2839 1243 2913 venisse,
1278 2856 1406 2900 non
1447 2857 1592 2900 vere
1634 2838 1698 2899 in
1740 2855 1869 2898 car-

373 2954 470 3010 ne,
521 2937 632 2998 sed
692 2937 756 2998 in
817 2937 1239 2998 similitudine
1298 2956 1370 2998 ac
1430 2937 1866 3018 phantasmate

1974 1952 2164 2012 etiarn
2200 1952 2361 2013 inter
2390 1952 2553 2014 mala
2581 1961 2676 2014 est
2708 1953 3057 2014 maximum
3088 1953 3344 2026 malum,
3358 1953 3470 2015 sed

1977 2067 2102 2110 non
2135 2057 2203 2110 ut
2238 2049 2447 2130 posuit
2477 2049 2877 2112 ManichaeuS.
2913 2051 3119 2123 Quum
3147 2050 3321 2112 enim
3355 2050 3469 2111 du-

1975 2147 2121 2228 plex
2152 2148 2236 2208 sit
2276 2147 2537 2220 malum,
2572 2148 2869 2210 videlicet
2908 2148 3112 2230 culpae
3143 2157 3207 2210 et
3240 2167 3465 2230 poenae‚

1976 2245 2142 2306 inter
2174 2247 2337 2307 mala
2368 2245 2572 2326 culpae
2601 2253 2696 2306 est
2728 2246 3077 2308 maximum
3115 2246 3372 2318 malum,
3406 2247 3469 2307 id

1974 2349 2067 2404 est
2104 2343 2554 2423 gravissimum
2594 2343 2847 2417 vitium,
2881 2364 2958 2406 ex
2997 2363 3123 2425 quo
3162 2353 3221 2406 et
3265 2352 3472 2407 cetera

1975 2443 2270 2505 oriuntur
2298 2461 2373 2504 eo
2405 2443 2592 2504 modo
2622 2461 2749 2523 quo
2789 2462 2989 2504 unum
3031 2451 3361 2524 peccatum
3391 2460 3470 2503 ex

1974 2540 2100 2602 alio
2150 2542 2323 2604 nasci
2375 2560 2449 2603 ac
2504 2544 2845 2624 procedere
2898 2542 3290 2624 perhibetur,
3342 2559 3469 2604 non

1975 2640 2156 2720 quasi
2206 2659 2283 2701 ex
2334 2659 2523 2702 causa
2571 2641 2842 2722 positiva
2889 2648 2951 2702 et
3001 2639 3317 2713 effectiva,
3360 2639 3472 2702 sed

1975 2737 2347 2818 dispositive
2396 2746 2505 2800 aut
2555 2740 3053 2802 concomitanter
3100 2757 3212 2800 seu
3262 2740 3472 2800 deme-

1977 2836 2215 2910 ritorie,
2260 2837 2359 2898 vel
2410 2837 2553 2898 aliis
2602 2836 3047 2899 consimilibus
3097 2838 3319 2899 modis,
3370 2837 3472 2898 Sic

1976 2934 2275 3014 equidem
2306 2953 2486 2998 amor
2514 2935 2798 3016 privatus
2828 2935 3032 2997 fertur
3061 2935 3349 2998 omnium
3381 2934 3473 2997 vi-

373 3035 600 3108 carniS,
633 3035 712 3096 ad
762 3035 1196 3097 reducendum
1246 3035 1491 3097 animas
1540 3034 1736 3097 bonas
1788 3035 1866 3096 ad
1904 3034 1948 3098 C
1980 3033 2213 3093 tiorum
2272 3032 2469 3113 erige,
2521 3033 2821 3115 superbia
2879 3052 3132 3115 quoque
3171 3051 3187 3112 ;
3243 3034 3352 3096 sed
3411 3041 3475 3096 et

377 3132 636 3194 luminis
673 3133 1017 3214 regionem.
1052 3133 1191 3194 Alia
1231 3133 1432 3194 multa
1461 3151 1642 3206 vana,
1677 3132 1868 3194 stulta

373 3240 432 3293 et
460 3231 710 3304 frivola,
745 3231 876 3293 imo
907 3231 1270 3306 ridiculosa,
1301 3231 1867 3313 insipientissimus

374 3329 754 3392 Manichaeus
783 3348 856 3391 ac
887 3329 1028 3410 ejus
1059 3347 1361 3410 sequaces
1391 3328 1730 3390 finxerunt.
1749 3328 1869 3391 Sed

371 3435 432 3489 et
472 3427 686 3509 turpia
724 3427 1014 3509 quaedam
1052 3446 1125 3489 ac
1163 3444 1422 3508 prorsus
1460 3427 1765 3506 sacrilega
1800 3427 1867 3488 in

372 3527 502 3588 suis
553 3526 752 3586 sacris
800 3532 1237 3588 exercuerunt.
1275 3525 1504 3588 Contra
1549 3544 1687 3606 quae
1735 3543 1868 3587 om—

373 3625 474 3686 nia
517 3624 810 3687 doctores
855 3624 1173 3697 catholici,
1204 3623 1534 3706 potissime
1579 3623 1867 3685 beatissi—

375 3744 514 3787 mus
565 3722 980 3805 Augustinus,
1013 3723 1124 3804 qui
1175 3723 1364 3802 longo
1411 3729 1696 3803 tempore
1744 3721 1868 3783 fuit

375 3823 648 3904 perfidia
693 3821 1019 3884 Manichaei
1069 3822 1390 3895 seductuS,
1431 3819 1823 3901 scripserunt
1848 3838 1864 3898 ;

374 3920 636 4001 ipseque
677 3919 1070 4000 Augustinus
1117 3919 1183 3980 in
1227 3917 1522 4000 pluribus
1567 3917 1742 3990 lociS,
1777 3918 1868 3978 vi—

372 4017 599 4079 delicet
631 4017 699 4078 in
727 4017 895 4078 libro
923 4023 1142 4102 contra
1171 4018 1470 4078 Faustum
1503 4015 1864 4096 quemdam,

373 4116 746 4196 episcopum
797 4114 1308 4186 Manichaeorum,
1353 4120 1542 4195 atque
1590 4114 1655 4174 in
1707 4113 1869 4176 libro

1977 3131 2196 3193 odium
2228 3131 2338 3194 Dei
2368 3133 2817 3212 gravissimum
2858 3141 2921 3194 et
2954 3133 3303 3194 maximum
3344 3152 3474 3195 ma-

1979 3230 2112 3290 lum
2152 3237 2264 3291 est.
2302 3231 2587 3313 Denique
2627 3231 2793 3293 inter
2824 3232 2987 3293 mala
3025 3249 3251 3313 poenae,
3286 3249 3474 3312 poena

1978 3329 2143 3408 ignis
2176 3328 2506 3391 infernalis
2546 3329 2780 3391 dicitur
2822 3329 3117 3403 maxima,
3153 3347 3265 3390 seu
3300 3329 3475 3390 aliud

1978 3426 2429 3507 quodcumque
2473 3433 2862 3488 tormentum
2907 3426 3162 3489 inferni.
3197 3463 3278 3472 —
3314 3427 3473 3490 Tho·

1979 3542 2114 3585 mas
2144 3542 2296 3587 vero
2330 3524 2395 3584 in
2426 3523 2675 3606 Scripto
2712 3525 3072 3606 respondet,
3106 3525 3275 3606 quod
3307 3543 3475 3586 sum-

1980 3641 2156 3683 mum
2192 3621 2431 3683 malum
2471 3639 2597 3683 non
2630 3623 3047 3685 contrariatur
3076 3640 3329 3685 summo
3367 3621 3477 3684 bo-

1977 3737 2060 3782 no
2109 3721 2461 3782 secundum
2512 3739 2670 3794 rem,
2705 3721 2813 3782 sed
2862 3720 3069 3783 solum
3120 3721 3471 3783 secundum

1976 3835 2220 3879 vocem.
2254 3818 2485 3891 Prim0,
2520 3818 2820 3900 quoniam
2866 3836 3191 3880 summum
3234 3819 3474 3881 malum

1977 3934 2115 3977 esse
2159 3933 2286 3978 non
2330 3923 2559 3997 potest,
2592 3915 2893 3997 quoniam
2934 3915 3098 3977 nihil
3131 3925 3228 3978 est
3264 3935 3474 3978 essen-

1978 4013 2213 4074 tialiter
2244 4015 2723 4095 malum‚quum
2755 4033 2867 4076 ens
2897 4022 2961 4075 et
2991 4013 3255 4088 bonum,
3277 4033 3475 4076 unum

1978 4118 2039 4172 et
2090 4131 2334 4185 verum,
2374 4110 2817 4174 convertibilia
2864 4110 3031 4188 sint3
3064 4129 3183 4173 nec
3230 4111 3473 4193 aliquid

375 4219 590 4274 contra
621 4213 1057 4285 Fortunatum,
1091 4211 1577 4274 Manichaeorum
1609 4211 1867 4294 presby·
1899 4214 1948 4275 D
1979 4209 2059 4270 sit
2102 4211 2259 4271 adeo
2310 4209 2549 4270 malum
2594 4209 2750 4290 quin
2799 4208 2865 4269 in
2918 4208 3055 4289 ipso
3102 4208 3186 4270 sit
3230 4208 3474 4289 aliquid

377 4318 603 4383 terum,
639 4311 705 4372 in
738 4310 902 4372 libro
941 4328 1194 4392 quoque
1225 4310 1302 4372 de
1343 4309 1600 4371 Duabus
1631 4310 1870 4372 anima-

377 4408 514 4482 bus,
546 4417 612 4470 et
663 4409 728 4469 in
777 4409 943 4470 libro
991 4415 1208 4470 contra
1255 4407 1602 4488 Epistolam
1652 4408 1872 4470 funda-

377 4507 596 4579 menti,
643 4513 706 4568 et
749 4505 922 4567 alibi.

447 4603 711 4685 Legitur
765 4603 828 4664 in
877 4603 1006 4665 vita
1053 4604 1113 4665 S.
1166 4603 1420 4666 Thomae
1466 4603 1544 4665 de
1594 4603 1866 4684 Aquino,

375 4703 538 4784 quod
589 4702 895 4765 invitatus
933 4721 971 4763 a
1013 4709 1230 4764 sancto
1272 4720 1344 4763 ac
1389 4701 1680 4784 piissimo
1724 4721 1868 4782 rege

373 4799 648 4863 Franciae
699 4798 1023 4862 Ludovico
1071 4799 1148 4860 ad
1206 4798 1568 4880 prandium,
1616 4799 1681 4860 in
1731 4799 1870 4879 ipso

375 4897 666 4960 convivio
713 4896 1135 4977 speculationi
1185 4916 1314 4960 suae
1365 4897 1667 4972 intentuS,
1695 4897 1872 4959 venit

373 4997 447 5057 ad
487 5004 762 5078 raptum.
798 4994 1075 5056 Tandem
1119 5013 1408 5057 reversus
1451 4996 1529 5056 ad
1573 5013 1661 5066 se,
1699 5015 1870 5058 sum-

379 5103 482 5174 pto
521 5095 585 5156 in
629 5113 825 5156 manu
869 5093 1130 5156 cultello
1172 5111 1368 5175 super
1411 5111 1696 5155 mensam
1736 5113 1874 5175 per—

377 5192 622 5256 cutiens
657 5209 672 5254 :
707 5191 909 5264 Modo,
944 5191 1175 5272 inquit,
1199 5190 1572 5253 conclusum
1605 5199 1699 5253 est
1729 5210 1875 5254 con-

379 5297 472 5352 tra
509 5290 949 5352 Manichaeum.
985 5288 1288 5370 Tuncque
1328 5288 1501 5351 Prior
1539 5309 1757 5351 secum
1794 5291 1874 5353 ad

1981 4307 2152 4380 boni,
2185 4307 2262 4368 ad
2309 4307 2523 4367 minus
2565 4324 2722 4368 esse.
2757 4306 3019 4387 Propter
3057 4307 3227 4387 quod
3272 4306 3475 4368 Philo-

1979 4405 2217 4486 sophus
2266 4410 2492 4484 quarto
2537 4403 2761 4465 asserit
2805 4403 3175 4481 Ethicorum
3219 4421 3233 4465 ε
3277 4403 3342 4466 Si
3384 4423 3477 4466 es-

1979 4510 2073 4564 set
2106 4502 2346 4563 malum
2385 4502 2473 4562 ita
2509 4501 2866 4583 perfectum
2903 4502 3072 4583 quod
3111 4503 3476 4584 proveniret

1978 4620 2055 4662 ex
2086 4599 2375 4662 omnium
2408 4599 2804 4680 corruptione
2834 4599 3473 4674 circumstantiarum,

1979 4717 2107 4761 non
2158 4697 2501 4760 sustineret
2548 4716 2615 4758 se
2669 4697 2901 4779 ipsum.
2957 4697 3268 4772 Secund0‚
3320 4716 3474 4779 quo·

1979 4797 2152 4859 niam
2192 4813 2445 4858 summo
2484 4794 2672 4870 bone,
2706 4794 2876 4876 quod
2915 4795 3093 4857 nullo
3133 4796 3322 4858 modo
3364 4814 3477 4878 po·

1980 4902 2101 4957 test
2154 4893 2393 4955 auferri
2451 4912 2569 4956 nec
2630 4892 2858 4966 minui,
2911 4892 3072 4954 nihil
3131 4894 3478 4975 opponitur

1982 4993 2295 5075 privative
2338 5010 2543 5074 neque
2588 4990 2921 5053 contrarie.
2954 4991 3130 5053 Unde
3175 5009 3293 5053 nec
3337 5011 3475 5073 par·

1983 5091 2246 5154 ticulare
2308 5090 2546 5152 malum
2604 5089 2951 5172 opponitur
2999 5108 3251 5153 summo
3310 5089 3476 5152 bono

1982 5192 2242 5263 directe,
2306 5189 2415 5252 sed
2479 5188 2847 5269 particulari
2908 5187 3075 5250 bono
3135 5189 3304 5270 quod
3363 5207 3479 5269 per

1985 5289 2197 5372 ipsum
2259 5287 2563 5370 privatur.
2618 5287 2694 5348 Et
2741 5286 2884 5348 dico
2941 5285 3183 5367 aliquid
3237 5286 3475 5348 directe
