4334 6242
1639 777 2317 899 TITULI

530 1106 682 1157 SEU
753 1105 1128 1157 RUBRICAE
1197 1104 1408 1156 LIBRI
1474 1104 1825 1155 SECUNDI
1891 1103 2563 1174 SENTENTIARUM,
2624 1104 2723 1154 ΑΒ
2790 1101 2964 1155 IPSO
3028 1098 3440 1154 MAGISTRO

1499 1229 1826 1308 PRIMUM
1903 1231 2026 1281 SIC
2101 1230 2447 1282 DIGESTl.

415 1689 598 1756 Quoe
634 1692 735 1751 aa
768 1681 1207 1760 myster-tum
1243 1688 1511 1750 divinoe
1553 1687 1869 1750 unitatis
1915 1687 2134 1762 atque
2186 1687 2600 1761 TrinitatiS,
2646 1688 2815 1749 licet
2850 1702 2947 1749 ew
2984 1689 3232 1762 parte,
3267 1701 3528 1764 coeno-

554 1807 902 1866 scendum
949 1803 1332 1876 pertinere
1382 1802 1814 1876 noscuntur,
1869 1802 2229 1876 quantum
2294 1804 2691 1876 valuimus,
2751 1803 3145 1879 dtctqenter
3201 1801 3529 1865 eoesecuti

551 1935 829 1984 sumus.
873 1924 1080 1983 Nunc
1126 1924 1228 1982 ad
1270 1919 1944 1982 considerationem
1990 1919 2526 1982 creaturarum
2572 1920 3074 1982 transeamus.

505 2192 885 2255 Dlsuxc'no
935 2189 988 2251 Ι.
1036 2188 1228 2262 Quod
1273 2205 1484 2252 unum
1528 2188 1627 2251 est
1673 2187 1916 2268 princi·
1947 2185 1999 2246 A
2115 2186 2220 2248 An
2276 2187 2434 2250 boni
2489 2187 2593 2250 vel
2652 2187 2812 2250 mali
2868 2187 3069 2251 creati
3124 2187 3279 2268 sint,
3329 2189 3395 2250 et
3443 2205 3526 2250 an

405 2300 608 2380 pium
647 2315 892 2377 rerum,
934 2299 1000 2360 et
1039 2313 1173 2359 non
1209 2297 1422 2376 plura.
2026 2294 2249 2376 aliqua
2303 2310 2488 2358 mora
2539 2295 2739 2358 fuerit
2793 2295 2963 2358 inter
3017 2295 3413 2358 creationem
3462 2295 3528 2358 et

508 2405 686 2478 Quid
731 2405 821 2467 sit
864 2421 1104 2481 creare,
1155 2403 1316 2483 quid
1364 2401 1596 2464 facere.
2027 2403 2311 2483 lapsum.

505 2511 882 2575 Secundum
948 2527 1148 2590 quam
1221 2509 1540 2572 rationem
1613 2508 1919 2571 dicuntur
2113 2511 2213 2572 De
2267 2510 2509 2590 triplici
2566 2510 2887 2590 sapientia
2940 2509 3323 2590 angelorum
3374 2509 3525 2572 ante

407 2621 496 2682 de
532 2619 672 2682 Deo
711 2617 1098 2698 hujusmodi
1135 2616 1333 2680 verba
1375 2635 1390 2675 :
1432 2633 1644 2696 agere,
1679 2615 1910 2679 facere.
2025 2634 2255 2680 casum
2301 2617 2404 2681 vel
2452 2618 3037 2681 confirmationem.

505 2725 722 2797 Quare
761 2723 1100 2785 rationalis
1146 2723 1441 2785 creatura
1489 2721 1658 2784 facta
1694 2723 1804 2801 sit,
1849 2723 1918 2784 id
2115 2723 2220 2786 An
2276 2724 2567 2805 aliquam
2624 2723 2972 2786 habuerint
3034 2723 3156 2786 Dei
3223 2722 3522 2786 dilectio-

407 2833 518 2896 est
563 2831 766 2894 homo
812 2830 918 2894 vel
963 2829 1257 2909 angelus,
2025 2849 2179 2894 nem
2226 2833 2332 2894 vel
2378 2833 2484 2894 sui
2530 2831 2679 2895 ante
2726 2847 2975 2893 casum.

506 2938 858 3012 Quomodo
895 2937 1136 3000 dicitur
1171 2937 1372 3000 homo
1411 2935 1622 2999 factus
1654 2938 1920 3016 propter
2115 2940 2490 3002 D1srmc'r10
2548 2938 2661 3001 IV.
2722 2939 2829 3000 An
2892 2937 3165 3020 perfecti
3229 2940 3295 3001 et
3348 2936 3525 3001 beati

409 3046 900 3128 reparationem
948 3044 1226 3125 angelici
1273 3061 1483 3106 casus.
2027 3047 2225 3109 creati
2263 3047 2417 3125 sint,
2459 3063 2542 3108 an
2581 3046 2803 3109 miseri
2843 3045 2909 3109 et
2953 3044 3341 3126 imperfecti.

507 3155 723 3228 Quare
761 3153 855 3216 ita
882 3153 1083 3215 homo
1122 3152 1211 3214 sit
1239 3151 1605 3230 institutUS,
1629 3152 1704 3214 ut
1731 3152 1917 3214 unita
2113 3155 2488 3217 D1sT1Ncr1o
2526 3152 2608 3216 V.
2650 3153 2749 3216 De
2786 3152 3213 3216 conversione
3260 3152 3326 3216 et
3370 3169 3526 3215 con-

413 3264 507 3327 sit
552 3262 776 3325 anima
823 3259 1102 3341 corpori.
2025 3263 2394 3325 firmatione
2424 3260 2849 3338 stantium,et
2870 3260 3209 3322 aversione
3240 3260 3305 3322 et
3333 3260 3522 3339 lapsu

502 3371 883 3434 Dls‘rmcrlo
931 3367 1016 3430 II.
1065 3367 1164 3430 De
1202 3365 1476 3447 angeliS,
1518 3366 1779 3446 quando
1820 3365 1916 3429 fa·
1944 3368 1991 3429 B
2025 3369 2421 3431 cadentium.

409 3477 506 3540 cti
550 3479 729 3540 sunt.
2112 3475 2210 3538 De
2247 3475 2452 3538 libero
2491 3475 2758 3537 arbitrio
2797 3473 3081 3537 breviter
3115 3473 3427 3554 tangitur.

505 3583 700 3657 Quod
735 3582 905 3646 nihil
945 3580 1188 3644 factum
1238 3582 1338 3644 est
1382 3583 1530 3645 ante
1577 3581 1814 3644 coelum
1853 3582 1917 3644 et
2111 3582 2217 3644 An
2247 3582 2497 3662 aliquid
2534 3581 2763 3644 datum
2802 3579 3001 3643 fuerit
3035 3580 3361 3643 stantibus
3388 3596 3521 3660 quo

411 3693 684 3755 terram.
2008 3689 2577 3752 ·converterentur.

508 3798 702 3872 Quod
771 3796 973 3860 simul
1044 3813 1196 3859 cum
1269 3796 1564 3878 tempore
1633 3796 1698 3858 et
1766 3812 1918 3858 cum
2113 3797 2259 3870 Qua
2304 3796 2513 3877 gratia
2558 3794 2938 3876 indigebant
2986 3793 3225 3876 angeli,
3274 3794 3340 3857 et
3392 3809 3525 3874 qua

415 3907 668 3971 mundo
735 3904 1004 3985 coeperit
1074 3904 1438 3986 spiritualis
1498 3905 1792 3966 creatura
1855 3904 1920 3965 et
2023 3923 2179 3970 non.

417 4013 806 4095 corporalis.
2113 4012 2219 4074 An
2258 4011 2461 4092 lapsis
2497 4011 2585 4072 sit
2622 4009 3007 4090 imputanda
3044 4009 3322 4072 aversi0.

505 4121 636 4185 Ubi
674 4121 892 4202 angeli
930 4136 1090 4182 mox
1126 4119 1348 4199 creati,
1391 4118 1656 4182 fuerint.
2113 4119 2352 4182 Utrum
2390 4116 2861 4180 beatitudinem
2900 4130 3099 4194 quam
3137 4113 3526 4194 acceperunt

509 4228 702 4302 Quod
739 4227 940 4290 simul
980 4226 1194 4289 creata
1237 4226 1336 4288 est
1372 4225 1735 4289 visibilium
1778 4243 1920 4288 ma·
2027 4229 2094 4290 in
2145 4225 2639 4289 confirmatione
2687 4222 2955 4302 stanteS,
3008 4221 3367 4284 meruerint
3410 4237 3528 4302 per

417 4337 585 4400 teria
633 4338 699 4399 et
750 4333 1187 4397 invisibilium
1239 4336 1494 4413 natura,
1535 4333 1598 4396 et
1643 4334 1919 4414 utraque
2027 4334 2315 4413 aliquam
2365 4333 2521 4393 tunc
2568 4329 2937 4410 appositam
2984 4327 3285 4408 gratiam.

421 4444 750 4507 informis.
2114 4441 2488 4502 D1ST1Ncr1o
2528 4436 2642 4498 VI.
2676 4436 2775 4498 De
2810 4433 3175 4515 majoribus
3212 4435 3277 4497 et
3315 4433 3527 4497 mino-

513 4550 861 4624 Quomodo
899 4549 1069 4612 dixit
1105 4547 1371 4612 Lucifer
1402 4569 1416 4610 ε
1450 4548 1820 4612 Ascendam
1852 4549 1922 4610 in
1955 4551 1998 4614 C
2028 4547 2211 4610 ribus
2240 4545 2509 4627 quidam
2541 4542 2936 4622 ceciderunt,
2960 4542 3130 4603 inter
3157 4557 3327 4622 quos
3354 4558 3527 4604 unus

425 4657 687 4721 coelum.
2031 4653 2159 4716 fuit
2196 4651 2453 4730 celsior,
2495 4651 2746 4713 scilicet
2780 4649 3067 4712 Lucifer.

383 4839 408 4856 .
512 4765 888 4828 Dls'mxcrlo
965 4763 1085 4825 III.
1157 4761 1400 4834 Quales
1463 4761 1615 4824 facti
1682 4761 1927 4825 fuerint
2121 4761 2310 4823 Unde
2358 4761 2423 4821 et
2468 4774 2599 4838 quo
2646 4756 2881 4837 dejecti
2929 4756 3105 4818 sunt.
3192 4753 3197 4758 ’

427 4871 663 4952 angeli.
2124 4867 2339 4941 Quare
2377 4883 2505 4928 non
2547 4865 2645 4928 est
2682 4865 2778 4928 eis
2815 4879 3201 4926 concessum
3237 4859 3532 4924 habitare

517 4977 624 5040 An
672 4993 906 5039 omnes
954 4975 1172 5057 angeli
1228 4975 1471 5039 fuerint
1519 4975 1804 5056 aequales
1859 4977 1928 5039 in
2036 4976 2105 5038 in
2153 4974 2315 5037 coelo
2365 4972 2468 5035 vel
2516 4972 2585 5033 in
2632 4970 2824 5034 terra.

431 5085 734 5164 essentia,
795 5083 1141 5165 sapientia,
1191 5085 1258 5146 et
1306 5083 1603 5146 libertate
1651 5083 1924 5146 arbitrii.
2125 5083 2225 5145 De
2272 5078 2767 5163 praelationibus
2811 5077 3214 5140 daemonum.

525 5191 683 5264 Quae
725 5191 1108 5254 communia
1149 5191 1214 5255 et
1250 5189 1530 5271 aequalia
1565 5190 1935 5255 habuerunt
2129 5189 2234 5251 An
2272 5203 2502 5250 omnes
2539 5185 2873 5248 daemones
2908 5183 3043 5246 sint
3096 5183 3166 5246 in
3212 5183 3338 5245 hoc
3389 5196 3535 5244 aere

443 5297 674 5380 angeli.
2042 5296 2425 5378 caliginoso,
2468 5292 2569 5356 vel
2609 5289 2815 5372 aliqui
2852 5290 2921 5352 in
2961 5289 3238 5353 infern0.
