4334 6242
634 504 722 550 AN
763 506 1062 552 nmmo-ves
1114 506 1249 553 sim·
1289 506 1466 552 Acuri
1510 502 1823 561 solanum,
1867 502 1970 547 m
2009 502 2168 557 ouon
2210 501 2274 547 nv
2316 501 2467 547 trsls
2509 502 2601 546 srr
2639 500 2893 547 ‘rmrtnx
2935 499 3211 548 summm
3361 481 3476 547 401

2066 673 2332 754 insuper
2361 672 2669 734 Henricus
2698 672 3073 745 Quodlibeto
3104 672 3477 736 undecimo:

1982 772 2052 832 In
2093 770 2365 844 diabole,
2395 771 2623 851 inquit,
2657 772 2823 832 sicut
2866 779 2927 832 et
2970 771 3032 833 in
3083 770 3323 851 angelis
3373 771 3481 834 bo·
3527 791 3677 843 quest.
3702 789 3769 830 1³.

371 671 788 753 telligentiam
841 694 968 739 non
1013 677 1296 740 converti
1341 684 1412 738 ut
1453 674 1641 737 debet
1684 691 1878 754 super
1904 673 1957 736 A

369 769 434 831 id
465 772 636 851 quod
677 772 742 834 in
784 776 1096 838 memoria
1137 775 1500 837 continetur
1533 790 1546 834 :
1583 780 1645 833 et
1683 771 1774 833 sic
1807 770 1874 831 in

367 868 765 933 daemonibus
811 872 1156 947 invenitur,
1199 872 1350 954 quia
1393 889 1507 954 per
1548 868 1873 933 obstinati-

367 983 554 1028 onem
599 986 780 1031 suam
823 970 1138 1033 inhabiles
1182 971 1332 1033 facti
1376 976 1524 1031 sunt
1567 968 1644 1030 ad
1688 966 1874 1029 remi·

365 1063 746 1128 niscendum
815 1068 1018 1131 multa
1077 1070 1243 1132 bona
1301 1086 1575 1150 quorum
1641 1064 1870 1127 simili·

363 1163 619 1225 tudines
677 1164 1114 1247 intelligibiles
1165 1168 1230 1228 in
1280 1185 1503 1229 eorum
1562 1164 1872 1228 memoria

367 1261 793 1325 continentur.
829 1264 1120 1327 Secundo
1153 1266 1340 1328 modo
1371 1266 1434 1327 in
1473 1262 1870 1327 daemonibus

367 1378 492 1421 non
534 1360 706 1422 cadit
747 1361 1006 1438 oblivio,
1041 1364 1191 1444 quia
1236 1364 1480 1445 species
1520 1362 1600 1423 ab
1647 1378 1867 1423 eorum

369 1451 678 1521 memoria
709 1478 835 1523 non
867 1461 1158 1524 delentur
1192 1480 1206 1523 ε
1241 1462 1544 1544 quoniam
1574 1459 1870 1522 accidens

367 1556 433 1619 in
464 1556 756 1639 subjecto
783 1559 1092 1621 exsistens
1125 1578 1252 1622 non
1285 1558 1727 1640 corrumpitur,
1744 1555 1868 1618 nisi

367 1674 478 1737 per
506 1656 784 1737 aliquam
817 1658 1285 1739 corruptionem
1317 1659 1486 1720 circa
1513 1656 1868 1736 subjectum

363 1754 736 1829 factam,vel
770 1774 884 1837 per
914 1755 1450 1821 introductionem
1483 1755 1742 1817 alterius
1774 1771 1871 1815 ac-

1982 870 2104 943 niS,
2145 869 2381 951 duplex
2429 869 2699 932 habetur
2747 870 3013 932 scientia
3048 888 3061 932 ε
3095 889 3221 932 una
3268 889 3305 931 a
3352 890 3482 934 suae

1983 968 2319 1031 creationis
2358 968 2638 1042 exordio,
2673 987 2830 1050 pure
2870 968 3281 1052 speculativa,
3314 968 3485 1031 circa

1982 1074 2217 1131 aeterna
2264 1074 2327 1127 et
2370 1067 2541 1128 circa
2583 1066 2974 1129 universales
3020 1086 3232 1130 rerum
3281 1067 3484 1129 omni-

1983 1182 2092 1226 um
2138 1164 2433 1237 rationeS‚
2467 1164 2527 1225 ei
2570 1183 2609 1225 a
2651 1164 2779 1226 Deo
2824 1164 3195 1226 naturaliter
3239 1163 3479 1242 indita3

1980 1261 2177 1323 altera
2234 1280 2311 1324 ex
2368 1269 2677 1343 tempore,
2729 1262 3008 1344 practica
3057 1262 3191 1324 sive
3240 1262 3483 1343 experi-

1983 1360 2301 1435 mentaliS,
2335 1379 2411 1422 ex
2454 1360 2639 1423 factis
2678 1368 2739 1422 et
2784 1360 3300 1442 contingentibus
3341 1380 3481 1443 par·

1981 1458 2357 1521 ticularibus
2388 1459 2716 1540 acquisita.
2752 1458 2837 1521 De
2874 1460 3080 1541 prima
3113 1460 3277 1533 dico,
3311 1460 3481 1540 quod

1982 1556 2149 1618 circa
2184 1575 2324 1619 eam
2366 1558 2430 1619 in
2472 1556 2869 1620 daemonibus
2909 1558 3083 1620 nulla
3122 1558 3289 1620 cadit
3321 1557 3479 1619 obli-

1980 1654 2083 1716 vio
2135 1672 2148 1716 :
2203 1655 2505 1737 quoniam
2563 1656 2728 1718 sicut
2776 1656 3018 1737 integra
3068 1655 3161 1717 eis
3220 1662 3480 1718 manent

1980 1752 2313 1827 naturalia,
2361 1752 2445 1814 ita
2486 1761 2551 1815 et
2593 1753 2735 1815 talis
2778 1754 3021 1816 notitia.

364 1852 634 1915 cidentis
678 1853 743 1915 in
785 1854 941 1916 illud
979 1854 1345 1937 subJectum
1385 1852 1866 1936 incompossibi-
1901 1856 1951 1919 B
2061 1852 2146 1913 De
2196 1852 2474 1913 secunda
2522 1851 2687 1927 dim,
2728 1852 2898 1933 quod
2942 1852 3077 1915 haec
3126 1852 3247 1913 tria
3293 1852 3481 1915 disfe-

366 1949 442 2011 lis
488 1950 806 2013 accidenti
867 1952 1354 2034 praeexsistenti,
1406 1953 1508 2015 vel
1556 1971 1669 2035 per
1717 1952 1866 2013 sub-

367 2050 740 2112 tractionem
789 2051 1046 2113 virtutis
1097 2052 1550 2115 conservantis.
1585 2052 1870 2114 Potentia

366 2156 576 2210 autem
620 2150 1036 2213 memorativa
1076 2149 1313 2214 diaboli
1353 2159 1449 2212 est
1487 2150 1868 2231 incorrupti—

369 2246 534 2309 bilis.
571 2248 830 2329 Species
859 2266 1115 2330 quoque
1146 2248 1582 2330 intelligibiles
1623 2247 1744 2310 sibi
1777 2247 1870 2308 in-

369 2345 574 2407 vicem
618 2346 682 2407 in
723 2347 944 2408 eadem
985 2348 1270 2429 potentia
1308 2365 1433 2409 non
1476 2353 1866 2428 repugnant3

369 2452 428 2505 et
474 2464 603 2525 qua
650 2444 892 2508 ratione
951 2453 1217 2525 possunt
1265 2445 1406 2507 duae
1453 2462 1590 2507 esse
1649 2442 1864 2517 simul,

369 2542 586 2603 eadem
645 2542 886 2605 ratione
946 2542 1012 2603 in
1071 2561 1339 2604 numero
1396 2541 1866 2623 quantumlibet

369 2657 596 2721 magno
630 2658 645 2702 ε
678 2640 844 2701 sicut
873 2638 1146 2701 habetur
1173 2648 1399 2721 quarto
1429 2640 1860 2721 Physicorum,

369 2740 534 2818 quod
566 2757 693 2820 qua
731 2738 976 2802 ratione
1017 2745 1285 2821 possunt
1315 2739 1441 2800 duo
1482 2755 1746 2819 corpora
1773 2756 1867 2799 es-

370 2854 434 2897 se
483 2836 674 2898 simul
736 2836 800 2898 in
852 2836 992 2900 loco
1048 2838 1295 2912 eodem,
1342 2838 1565 2901 eadem
1624 2837 1865 2899 ratione

370 2943 632 3014 possunt
683 2934 750 2996 in
794 2953 1063 2997 numero
1105 2944 1697 3017 quantumcumque
1740 2953 1868 2997 ma-

1979 1958 2148 2023 runt‚
2201 1950 2571 2025 nescientia,
2624 1950 2999 2031 ignorantia,
3051 1959 3114 2012 et
3168 1950 3409 2014 oblivio
3460 1969 3476 2015 :

1979 2048 2280 2129 quoniam
2332 2049 2541 2110 omnis
2592 2049 2947 2129 ignorantia
2994 2056 3057 2111 et
3098 2048 3337 2111 oblivio
3383 2057 3481 2112 est

1979 2146 2348 2221 nescientia,
2364 2147 2474 2209 sed
2506 2164 2633 2209 non
2666 2154 2939 2209 econtra.
2956 2146 3072 2219 Qui
3102 2148 3275 2209 enim
3308 2148 3482 2229 igno-

1979 2252 2074 2306 rat
2131 2244 2373 2326 aliquid
2432 2253 2540 2306 aut
2597 2246 2835 2307 oblitus
2894 2254 2989 2307 est
3050 2247 3214 2327 ejus,
3276 2246 3513 2309 nescitae

1978 2342 2156 2405 illud.
2194 2343 2368 2416 Quod
2413 2361 2562 2405 vero
2605 2343 2839 2425 aliquis
2886 2362 3217 2425 nunquam
3266 2344 3476 2418 scivit,

1978 2442 2227 2518 nescit;
2277 2460 2403 2503 non
2464 2449 2675 2503 tamen
2735 2442 2979 2522 ignorat
3038 2442 3219 2515 illud,
3270 2460 3479 2525 neque

1979 2538 2217 2601 oblitus
2260 2548 2377 2615 est,
2420 2541 2720 2622 quoniam
2774 2559 3105 2622 nunquam
3155 2541 3218 2602 id
3268 2541 3474 2604 scivit.

1978 2638 2338 2718 Ignorantia
2375 2639 2615 2720 quippe
2655 2647 2719 2700 et
2754 2637 2991 2701 oblivio
3031 2640 3287 2721 proprie
3322 2658 3481 2722 prae-

1979 2746 2349 2819 supponunt
2398 2737 2686 2799 habitum
2730 2737 2951 2812 fuisse,
2989 2738 3090 2799 vel
3137 2738 3216 2799 ad
3264 2738 3479 2800 minus

1977 2836 2183 2916 quoad
2234 2836 2653 2916 ignorantiam
2693 2836 2975 2917 potuisse
3015 2835 3233 2898 fuisse.
3266 2836 3479 2899 Nesci-

1976 2934 2148 2996 entia
2177 2941 2389 2995 autem
2423 2934 2487 2995 in
2519 2934 2803 2997 daemone
2834 2942 2950 3007 est,
2984 2934 3287 3015 quoniam
3321 2934 3480 2996 mul-

367 3050 506 3111 gno.
544 3032 950 3096 Conservatio
988 3034 1180 3095 etiam
1222 3034 1458 3117 speciei
1499 3033 1866 3113 intelligibi-
1902 3037 1945 3101 C
1976 3041 2038 3095 ta
2081 3032 2395 3107 scivisset,
2430 3032 2483 3093 si
2528 3032 2828 3106 stetisset,
2863 3052 3003 3113 quae
3052 3040 3267 3114 postea
3316 3053 3477 3096 nun·

370 3130 443 3191 lis
493 3131 558 3193 in
610 3133 918 3194 memoria
960 3132 1220 3206 diaboli,
1254 3152 1380 3195 non
1425 3133 1739 3214 dependet
1785 3132 1866 3193 ab

368 3228 578 3311 aliqua
620 3230 858 3291 virtute
901 3239 1110 3292 creata
1150 3229 1447 3292 exteriori
1482 3248 1495 3291 :
1531 3230 1672 3292 ideo
1718 3229 1864 3291 inde

370 3328 588 3409 nequit
617 3327 834 3389 deleri.
871 3328 1176 3390 Praeterea
1207 3329 1558 3390 secundum
1590 3328 1865 3390 Philoso-

368 3426 566 3507 phum
618 3426 829 3508 primo
877 3426 954 3487 de
998 3426 1246 3499 Anima,
1282 3426 1548 3488 virtutes
1595 3444 1707 3487 seu
1756 3444 1865 3507 po-

367 3524 578 3587 tentiae
608 3541 737 3586 non
777 3524 1240 3586 deteriorantur
1279 3524 1403 3585 nisi
1437 3524 1738 3605 quoniam
1769 3542 1865 3585 or-

363 3640 520 3703 gana
575 3622 964 3703 pej0ran'tur.
1016 3622 1190 3685 Unde
1238 3622 1543 3696 affirmat,
1591 3622 1760 3703 quod
1809 3622 1863 3685 si

364 3738 556 3782 senex
605 3720 868 3782 haberet
909 3738 1218 3801 organum
1261 3720 1437 3783 visus
1480 3721 1863 3803 dispositum

364 3826 429 3879 ut
475 3817 757 3899 juvenis,
811 3818 1054 3881 videret
1112 3827 1183 3881 ut
1237 3818 1513 3900 juveniS.
1565 3820 1866 3882 Memoria

365 3935 513 3980 vero
563 3916 802 3980 diaboli
852 3934 976 3979 non
1025 3924 1120 3979 est
1169 3918 1452 4000 potentia
1498 3918 1794 3999 organica
1846 3936 1860 3981 ε

365 4034 489 4079 non
537 4034 689 4097 ergo
737 4016 1128 4090 debilitatur,
1162 4035 1280 4078 nec
1330 4016 1552 4078 deficit
1599 4018 1666 4080 in
1717 4037 1862 4082 con-

366 4115 691 4178 servando.

1976 3150 2169 3213 quam
2220 3130 2424 3192 scivit.
2478 3130 2671 3191 Multa
2720 3148 2973 3212 quoque
3031 3140 3181 3193 sunt
3226 3132 3481 3195 scibilia

1974 3230 2134 3310 (imo
2164 3237 2227 3291 et
2256 3229 2442 3308 scita)
2472 3229 2600 3290 Deo
2638 3229 2715 3290 de
2756 3247 2823 3291 se
2863 3230 3025 3311 ipso,
3056 3248 3197 3311 quae
3234 3250 3271 3292 a
3300 3231 3477 3293 nulla

1977 3336 2265 3390 creatura
2292 3327 2441 3389 sciri
2480 3333 2746 3407 possunt
2776 3344 2851 3389 eo
2890 3328 3079 3389 modo
3110 3346 3239 3409 quo
3268 3329 3478 3391 sciun-

1975 3434 2080 3487 tur
2107 3446 2144 3487 a
2173 3426 2341 3488 Deo:
2366 3433 2429 3486 et
2459 3426 2551 3486 sic
2581 3426 2787 3506 quoad
2823 3425 2931 3487 illa
2961 3425 3250 3489 diabolus
3285 3427 3476 3490 habet

1974 3524 2411 3586 nescientiam.
2461 3522 2537 3584 Et
2594 3523 2647 3585 si
2704 3523 3056 3586 nescientia
3111 3524 3255 3587 talis
3305 3526 3474 3606 large

1973 3620 2221 3682 dicatur
2267 3620 2528 3694 oblivio,
2581 3619 2673 3681 sic
2723 3619 2962 3683 oblivio
3012 3622 3179 3683 inest
3221 3621 3475 3685 diabolo

1973 3737 2050 3781 ex
2082 3738 2199 3781 suo
2229 3719 2561 3793 demerito,
2594 3719 2843 3781 dicente
2872 3719 2939 3781 B.
2966 3720 3265 3800 Gregorio
3295 3740 3476 3803 quar-

1974 3826 2038 3881 to
2083 3818 2438 3890 Moralium,
2491 3836 2685 3899 super
2732 3817 2890 3880 illud
2936 3818 3074 3893 Job,
3122 3818 3474 3883 Obscurent

1974 3936 2122 3979 eum
2166 3917 2443 3979 tenebrae
2487 3923 2548 3978 et
2598 3915 2827 3979 umbra
2870 3918 3092 3979 mortis
3128 3934 3142 3979 :
3178 3918 3292 3981 Per
3338 3939 3475 3981 um-

1974 4016 2154 4078 bram
2188 4014 2409 4076 mortis
2438 4014 2679 4077 oblivio
2708 4014 2897 4077 debet
2928 4015 3229 4097 intelligi3
3252 4037 3477 4098 quum-

1972 4134 2098 4196 que
2127 4119 2414 4195 apostata
2444 4113 2706 4193 angelus
2736 4120 2985 4177 aeternae
3014 4114 3324 4178 oblivioni
3356 4125 3475 4179 tra-

445 4214 680 4277 Verum
727 4213 828 4275 his
877 4212 1076 4294 objici
1128 4221 1363 4295 posset,
1414 4214 1565 4295 quia
1614 4214 1866 4277 videtur
1893 4215 1942 4277 D
1971 4212 2165 4285 ditur,
2211 4210 2437 4290 umbra
2482 4211 2703 4274 mortis
2740 4210 3133 4275 obscuratur.
3166 4248 3248 4259 —-
3286 4215 3474 4280 Porro

371 4313 548 4394 sequi
577 4331 656 4375 ex
687 4312 801 4385 eis,
837 4311 1006 4393 quod
1049 4330 1165 4373 nec
1198 4312 1274 4373 de
1316 4312 1622 4374 memoria
1652 4322 1865 4376 nostra

369 4410 755 4474 intellectiva
803 4410 1048 4492 species
1098 4409 1534 4490 intelligibiles
1583 4411 1864 4474 deleren-

369 4518 504 4573 tur:
529 4509 716 4591 cujus
745 4516 1010 4591 apparet
1038 4508 1404 4591 oppositum
1435 4528 1511 4571 ex
1543 4509 1662 4572 hoc
1693 4512 1862 4592 quod

369 4608 808 4671 obliviscimur
859 4607 1305 4690 plurimorum.
1355 4643 1435 4653 —
1483 4608 1860 4684 Dicendum,

369 4709 532 4788 quod
577 4708 770 4768 etiam
816 4706 1062 4788 species
1109 4706 1546 4786 intelligibiles
1586 4726 1712 4769 non
1756 4708 1866 4770 de-

370 4805 574 4867 lentur
617 4805 695 4867 de
739 4804 1127 4866 intellectiva
1172 4805 1476 4867 memoria
1527 4804 1808 4869 hominis
1846 4825 1861 4869 ε

369 4903 473 4966 sed
522 4903 825 4985 quoniam
872 4902 1118 4984 species
1166 4902 1604 4983 imaginabiles
1655 4903 1868 4967 delen-

369 5010 469 5063 tur
497 5002 577 5064 de
607 5019 864 5083 organo,
899 4992 1040 5083 q'uae
1070 5002 1421 5063 secundum
1461 5002 1664 5082 legem
1697 5022 1868 5066 com-

373 5120 630 5165 munem
670 5100 1042 5163 necessariae
1081 5106 1230 5161 sunt
1268 5100 1344 5161 ad
1378 5100 1864 5182 intelligendum

375 5198 440 5261 in
494 5206 662 5263 statu
720 5197 1068 5282 praesenti3
1119 5196 1262 5261 ideo
1313 5197 1606 5260 homines
1665 5199 1866 5262 multa

377 5296 856 5363 obliviscuntur.
904 5331 984 5343 -—-
1024 5296 1167 5361 Haec
1209 5296 1578 5359 RicharduS.

617 5431 684 5485 T.
718 5430 799 5485 21.

1973 4311 2213 4374 oblivio
2254 4310 2509 4392 proprie
2550 4310 2737 4385 dicta,
2770 4318 2867 4373 est
2910 4312 3189 4375 carentia
3231 4314 3473 4380 notitiae

1975 4410 2152 4491 prius
2182 4408 2432 4482 habitae,
2447 4426 2561 4491 per
2584 4408 2965 4472 deletionem
2998 4410 3265 4475 interius
3298 4414 3471 4477 illius

1976 4526 2102 4590 quo
2127 4508 2317 4589 [quis]
2346 4506 2569 4569 habuit
2594 4526 2750 4582 eam,
2765 4508 2898 4571 sive
2924 4508 3042 4571 hoc
3066 4510 3313 4573 dicatur
3337 4531 3475 4594 spe-

1973 4606 2125 4681 cies,
2158 4606 2295 4669 sive
2333 4605 2590 4669 habitus
2625 4624 2639 4668 ε
2673 4614 2737 4669 et
2769 4608 3068 4689 quoniam
3110 4608 3175 4670 in
3216 4609 3469 4673 diabolo

1974 4706 2151 4768 nulla
2199 4705 2465 4768 interius
2515 4712 2719 4789 potest
2768 4704 2909 4765 fieri
2962 4706 3193 4769 deletio
3245 4727 3467 4771 eorum

1973 4824 2116 4886 quae
2145 4824 2183 4867 a
2211 4812 2435 4866 natura
2473 4811 2535 4864 et
2573 4822 2649 4864 ex
2690 4802 3008 4864 creatione
3046 4803 3289 4879 habuit,
3324 4807 3467 4871 ideo

1974 4904 2229 4985 proprie
2261 4903 2328 4962 in
2358 4919 2433 4963 eo
2464 4918 2590 4962 non
2623 4900 2791 4963 cadit
2818 4899 3469 4984 oblivio—Ignoran-

1971 5002 2062 5062 tia
2108 5017 2257 5062 vero
2307 5008 2601 5061 causatur
2647 5000 3004 5081 tripliciter.
3048 5000 3279 5078 Primo,
3316 5005 3469 5085 quia

1972 5098 2116 5181 quis
2174 5097 2380 5159 nescit
2429 5098 2599 5179 quod
2654 5098 2859 5179 potuit
2918 5098 3085 5162 scire
3135 5119 3208 5163 ac
3266 5102 3467 5164 disce·

1973 5216 2062 5271 re,
2095 5198 2208 5259 sed
2251 5196 2477 5271 noluit,
2510 5194 2803 5258 faciendo
2844 5205 2952 5259 aut
2990 5206 3215 5281 sponte
3244 5186 3469 5263 admit-

1972 5296 2162 5360 tendo
2193 5297 2363 5379 quod
2392 5314 2539 5358 eum
2577 5295 2911 5377 impedivit
2938 5295 3018 5359 ab
3058 5300 3461 5378 addiscendo,

3154 5432 3217 5487 26

3513 3843 3595 3888 10⁶
3621 3858 3678 3896 m.
3706 3848 3746 3890 5.
