4334 6242
1320 521 1495 570 umen
1534 523 1579 570 11
1619 517 2100 569 senrzn‘rmnuu.
2145 540 2227 550 —
2266 519 2419 569 msT.
2463 519 2502 567 V

3337 494 3458 565 '301

354 699 511 766 tem,
544 693 715 774 quod
754 694 1025 775 singulis
1064 705 1159 758 est.
1201 695 1457 779 propria
1497 713 1609 777 per
1648 693 1859 774 singu-
1886 693 1936 755 A
1970 692 2428 757 rationabilitas
2478 691 2759 753 excludit
2805 689 2994 752 Verbi
3053 687 3466 751 illuminatio-

354 791 565 852 lorum
626 791 1016 872 singularem
1064 795 1143 856 ad
1194 795 1407 876 ipsum
1460 793 1852 855 relationem.

351 889 481 952 Nec
545 889 871 971 loquimur
928 911 1098 955 nunc
1146 893 1225 956 de
1280 891 1857 955 illuminationibus

351 987 595 1068 gloriae,
640 989 749 1050 sed
798 990 877 1052 de
922 990 1497 1054 illuminationibus
1542 990 1607 1052 in
1651 989 1859 1052 distri-

353 1085 735 1149 butionibus
782 1088 1179 1152 naturalibus
1231 1106 1245 1153 :
1292 1089 1525 1171 quibus
1575 1088 1853 1150 Verbum

354 1191 690 1258 aeternum,
727 1184 791 1248 in
832 1205 961 1268 quo
997 1187 1216 1250 omnia
1258 1195 1407 1250 sunt
1444 1187 1576 1250 vita
1616 1194 1679 1250 et
1721 1185 1853 1260 lux,

354 1283 523 1345 sicut
554 1283 881 1366 dispositis
918 1286 995 1347 ad
1036 1284 1273 1347 formas
1303 1285 1451 1348 vitae
1479 1292 1542 1347 et
1572 1303 1731 1358 esse,
1766 1284 1857 1346 in-

354 1378 571 1442 fundit
617 1398 761 1460 eas3
803 1380 891 1443 ita
934 1381 1257 1464 dispositis
1308 1388 1604 1462 praetacta
1651 1379 1859 1462 dispo-

355 1477 589 1540 sitione
648 1479 725 1542 ad
788 1479 1020 1553 lucem,
1084 1497 1153 1541 se
1210 1478 1329 1541 sub
1393 1478 1635 1540 ratione
1696 1477 1856 1540 lucis

354 1576 809 1640 intellectualis
866 1578 1318 1641 communicat.
1372 1579 1441 1639 ln
1488 1594 1616 1659 quo
1663 1577 1855 1639 etiam

355 1673 726 1757 philosophi
767 1676 833 1737 in
877 1676 1063 1739 nobis
1107 1676 1573 1739 constituerunt
1616 1675 1859 1737 intelle-

356 1781 534 1834 ctum
572 1773 998 1836 assimilatum
1034 1791 1047 1834 :
1082 1774 1253 1856 quod
1292 1773 1465 1835 enirn
1507 1773 1573 1834 in
1614 1773 1861 1834 materi-

1966 813 2078 855 nes
2107 793 2190 855 ab
2220 791 2331 854 eis,
2358 791 2546 854 Porro
2576 789 3001 871 vespertinam
3034 787 3462 868 cognitionem

1965 909 2187 954 omnes
2239 889 2523 960 moderni
2575 889 2864 950 doctores
2907 887 3128 949 dicunt
3169 903 3307 948 esse
3351 904 3466 968 per

1966 991 2212 1072 species
2258 1008 2470 1052 rerum
2511 988 2704 1050 totius
2745 986 2986 1050 ordinis
3032 985 3315 1048 universi
3359 1004 3466 1047 an-

1964 1088 2123 1170 gelis
2168 1094 2551 1151 concreataS.
2585 1122 2666 1131 —
2696 1086 2839 1148 Haec
2882 1083 3230 1148 Udalricus.

2044 1187 2163 1262 Qui
2204 1186 2270 1248 in
2310 1185 2411 1248 his
2450 1185 2532 1248 ab
2568 1184 2827 1247 Alberto
2867 1182 3124 1256 recedit,
3159 1190 3288 1245 tam
3333 1200 3465 1245 ma·

1964 1287 2238 1348 tutinam
2296 1302 2488 1366 quam
2549 1282 2976 1365 vespertinam
3037 1281 3466 1361 cognitionem

1964 1382 2371 1445 attribuendo
2418 1379 2660 1462 angelis
2714 1378 3001 1462 reprobis
3047 1384 3195 1440 ante
3242 1394 3464 1438 eorum

1966 1480 2217 1562 lapsum
2253 1500 2266 1544 :
2300 1488 2489 1562 atque
2531 1479 2895 1562 specialiter
2925 1476 3006 1540 ab
3036 1476 3177 1540 aliis
3218 1474 3461 1549 multiS,

1965 1577 2384 1641 adscribendo
2415 1578 2542 1640 illis
2573 1577 2948 1640 matutinam
2989 1575 3280 1638 notitiam
3319 1580 3465 1636 ante

1968 1675 2252 1757 ipsorum
2284 1676 2568 1754 ruinam;
2595 1695 2813 1738 rursus
2848 1675 2912 1736 in
2943 1672 3268 1755 hoc,quod
3304 1672 3466 1733 hanc

1966 1774 2288 1856 duplicem
2361 1775 2787 1856 cognitionem
2849 1773 3008 1836 dicit
3063 1773 3129 1835 in
3191 1769 3464 1835 naturali

354 1869 563 1932 alibus
610 1880 907 1954 operatur
948 1879 1275 1935 contactus
1322 1871 1692 1944 materialis,
1738 1872 1857 1934 hoc
1890 1875 1937 1936 B
1966 1873 2450 1955 perspicacitate
2478 1873 2748 1953 angelici
2779 1872 3140 1934 intellectus
3171 1870 3468 1934 consiste-

359 1968 423 2030 in
482 1969 926 2051 spiritualibus
984 1971 1139 2034 facit
1185 1971 1628 2054 propinquitas
1686 1969 1859 2032 simi-

362 2067 674 2143 litudiniS,
702 2077 774 2131 ut
803 2068 1049 2132 scilicet
1079 2089 1279 2132 unum
1311 2070 1377 2133 in
1407 2070 1579 2133 aliud
1611 2077 1773 2151 agat,
1796 2077 1859 2130 et

360 2185 559 2228 unum
598 2166 679 2228 ab
710 2167 835 2228 alio
864 2167 1359 2250 recipiat.·Unde
1390 2175 1655 2242 constat,
1689 2167 1857 2248 quod

360 2282 581 2326 omnes
618 2265 825 2345 angeli
856 2273 1002 2329 ante
1033 2286 1250 2329 casum
1282 2267 1727 2348 quorumdam,
1761 2283 1859 2328 co—

360 2363 714 2444 gnitionem
746 2364 910 2425 hanc
941 2364 1331 2444 habuerunt3
1364 2366 1476 2427 sed
1506 2365 1657 2427 mali
1686 2383 1857 2428 nunc

361 2462 499 2543 ipsa
541 2469 780 2536 carent,
827 2463 979 2545 quia
1021 2463 1305 2546 ipsorum
1356 2464 1633 2527 amentia
1676 2472 1740 2525 et
1781 2463 1860 2525 ir-

1968 1989 2053 2032 re.
2078 1972 2147 2033 In
2181 1971 2300 2034 hoc
2331 1989 2585 2054 quoque
2616 1971 2867 2032 deviare
2897 1970 3274 2043 ostenditur,
3293 1969 3464 2052 quod

1967 2070 2054 2131 ait
2086 2069 2504 2132 intentionem
2527 2068 2864 2150 August-ini
2899 2069 3266 2141 consistere,
3292 2067 3462 2149 quod

1968 2168 2246 2250 cognitio
2288 2187 2501 2231 rerum
2548 2167 2611 2229 in
2651 2167 2857 2229 Verbo
2895 2185 3020 2230 non
3059 2167 3144 2229 sit
3185 2165 3466 2248 cognitio

1968 2267 2266 2328 beatifica
2300 2287 2313 2330 :
2357 2266 2544 2347 cujus
2583 2266 2949 2347 oppositum
2990 2273 3234 2328 constat
3268 2283 3343 2326 ex
3374 2264 3465 2326 di-

1969 2365 2106 2428 ctis.
2149 2365 2270 2428 Sed
2313 2384 2536 2428 verum
2582 2371 2679 2426 est
2720 2365 2891 2446 quod
2934 2382 3058 2426 non
3101 2364 3309 2426 solum
3357 2362 3466 2424 illa

1969 2463 2246 2544 cognitio
2282 2462 2518 2525 dicitur
2549 2462 2858 2525 matutina
2893 2461 2974 2524 ab
3002 2460 3378 2542 AugustinO.

1402 2863 2239 2999 DISTINCTIO
2325 2864 2416 2974 V

898 3183 979 3246 A.
1046 3187 1145 3248 De
1204 3189 1679 3249 conversione
1738 3186 1809 3248 et
1867 3186 2428 3257 confirmatione
2487 3186 2874 3260 stantium,

1224 3303 1297 3364 et
1344 3305 1732 3364 aversione
1778 3302 1850 3363 et
1896 3305 2113 3376 lapsu
2158 3303 2603 3366 cadentium.

638 3612 977 3676 aversione
1023 3615 1088 3676 et
1137 3611 1583 3675 conversione.
1635 3611 1796 3675 Post
1846 3613 2242 3676 creat-ionem
2296 3630 2581 3694 namque
2627 3631 2783 3678 mox
2838 3615 3109 3695 quidam
3162 3617 3457 3679 conversi
3487 3583 3750 3698 ἷξοιὸζὲξ

372 3495 761 3792 POST
798 3495 939 3560 haec
976 3495 1409 3559 consideratio
1439 3495 1706 3559 adducit
1742 3496 2094 3577 inquirere,
2127 3497 2356 3578 quales
2393 3497 2604 3561 effecti
2642 3497 2797 3577 sint,
2824 3496 2985 3559 dum
3014 3496 3459 3562 dividerentur
3485 3517 3617 3576 nuga
3629 3519 3752 3564 sum-

636 3729 794 3790 sunt
829 3727 911 3790 ad
948 3727 1318 3791 Creatorem
1362 3744 1582 3807 suum,
1617 3727 1886 3808 quidam
1924 3729 2157 3791 aversi.
2195 3728 2500 3792 Converti
2538 3730 2622 3793 ad
2657 3731 2896 3811 Deum,
2930 3729 3059 3793 fuit
3094 3731 3156 3794 ei
3194 3731 3459 3796 caritate

368 3845 734 3925 adhaerere3
774 3843 1004 3923 averti,
1036 3843 1186 3906 odio
1226 3842 1464 3908 habere
1494 3844 1599 3908 vel
1636 3845 1950 3909 invidere.
1984 3844 2260 3909 Invidiae
2289 3863 2575 3927 namque
2603 3849 2812 3910 mater
2839 3849 2939 3911 est
2973 3847 3301 3929 superbia,
3329 3865 3460 3929 qua

366 3963 715 4027 voluerunt
772 3979 843 4026 se
898 3962 1235 4044 parificare
1294 3961 1457 4026 Deo.
1518 3963 1595 4024 In
1652 3963 1985 4027 conversis
2044 3963 2234 4043 quasi
2291 3962 2360 4025 in
2420 3965 2686 4045 speculo
2741 3966 3030 4029 relucere
3086 3966 3283 4048 coepit
3334 3965 3458 4030 Dei

367 4079 709 4161 sapientia,
747 4096 878 4160 qua
923 4077 1279 4143 illuminati
1326 4080 1519 4160 sunt3
1568 4079 1780 4144 aversi
1820 4096 1973 4144 vero
2013 4079 2322 4144 excaecati
2369 4081 2545 4144 sunt.
2587 4081 2672 4143 Et
2707 4081 2805 4143 illi
2843 4081 3110 4162 quidem
3161 4082 3460 4146 conversi

366 4197 515 4260 sunt
558 4197 625 4260 et
663 4195 1018 4259 illuminati
1057 4212 1097 4258 a
1132 4195 1295 4276 Dec,
1328 4196 1539 4278 gratia
1583 4197 1919 4278 apposita3
1960 4196 2071 4260 isti
2113 4213 2268 4261 vero
2312 4198 2468 4261 sunt
2505 4198 2835 4279 excaecati,
2876 4215 3009 4261 non
3047 4198 3459 4264 immissione

364 4312 657 4393 malitiae,
691 4311 805 4375 sed
843 4311 1209 4376 desertione
1246 4312 1473 4392 gratiae
1508 4332 1524 4374 :
1557 4330 1596 4376 a
1636 4329 1767 4394 qua
1802 4312 2040 4376 deserti
2088 4314 2244 4376 sunt
2278 4330 2412 4375 non
2460 4313 2553 4375 ita
2599 4315 2674 4376 ut
2708 4313 2894 4395 prius
2937 4313 3157 4378 dedita
3203 4315 3461 4378 subtra-

364 4425 649 4507 heretur,
683 4427 799 4490 sed
834 4427 991 4508 quia
1030 4445 1369 4508 nunquam
1411 4429 1513 4491 est
1549 4430 1847 4510 apposita
1884 4429 1959 4492 ut
2000 4429 2551 4492 converterentur.
2583 4429 2744 4494 Haec
2786 4431 2885 4493 est
2925 4447 3078 4512 ergo
3118 4432 3458 4496 conversio
3520 4452 3584 4500 ia.
3605 4454 3752 4499 aes·-

364 4544 427 4606 et
470 4543 755 4622 aversio,
795 4559 927 4624 qua
975 4543 1171 4606 divisi
1218 4546 1373 4607 sunt
1410 4545 1526 4625 qui
1573 4547 1805 4609 natura
1848 4544 2004 4608 boni
2053 4546 2258 4625 erant,
2301 4546 2376 4609 ut
2415 4547 2548 4610 sint
2594 4547 2706 4609 alii
2754 4562 2952 4629 supra
2998 4547 3163 4610 illud
3207 4547 3458 4612 bonum
3485 4518 3750 4634 ζ’ῗὲξίἓὶιῗ

364 4677 475 4741 per
517 4658 853 4740 justitiam
897 4658 1079 4740 boni,
1121 4659 1235 4723 alii
1288 4660 1401 4724 illo
1456 4665 1758 4743 corrupto
1808 4678 1925 4742 per
1972 4662 2235 4743 culpam
2283 4663 2461 4726 mali.
2505 4663 2858 4728 Conversio
2907 4664 3128 4745 Justos
3176 4665 3353 4748 fecit,
3397 4667 3462 4731 et

365 4775 617 4839 aversio
666 4774 975 4855 injustos,
1018 4775 1307 4857 Utraque
1356 4775 1484 4840 fuit
1528 4777 1911 4860 voluntatis,
1954 4779 2018 4842 et
2062 4779 2370 4843 voluntas
2416 4782 2758 4862 utriusque
2803 4780 3144 4845 libertatis».

768 4997 847 5062 B.
898 5003 999 5064 De
1050 5005 1281 5067 libero
1332 5006 1656 5068 arbitrio
1706 5005 2032 5067 breviter
2076 5005 2342 5081 tanait,
2395 5006 2658 5068 docens
2704 5005 2879 5081 quia
2922 5005 3042 5070 sit.
3077 4997 3092 5015 ⁸

498 5197 845 5263 Habebant
881 5199 1057 5263 enim
1108 5215 1339 5261 omnes
1385 5197 1665 5261 liberum
1714 5197 2081 5278 arbitrium,
2116 5195 2296 5278 quod
2342 5198 2441 5260 est
2478 5195 2682 5260 libera
2725 5199 3017 5278 potestas
3053 5201 3117 5264 et
3153 5195 3462 5263 habilitas

368 5315 726 5380 voluntatis
760 5314 1120 5380 rationalis.
1155 5315 1466 5381 Poterant
1502 5314 1679 5379 enim
1719 5315 2053 5378 voluntate
2091 5313 2330 5395 eligere
2367 5311 2728 5395 quodlibet,
2762 5315 2827 5378 et
2853 5315 3104 5380 ratione
3135 5315 3456 5398 judicare,
