4334 6242
973 513 1058 559 AN
1098 511 1323 559 ANGELI
1363 513 1498 558 sm'r
1541 513 1713 559 1³08AE
1757 513 1831 558 ΕΤ
1876 513 2326 560 luA'rmuALsss
2368 514 2696 573 EssuNTIAE,
2737 514 2866 561 mc.

3357 497 3474 562 189

362 680 629 744 alterius
676 683 939 745 rationis
986 703 1023 746 a
1069 685 1333 746 materia
1380 684 1690 767 corporali
1728 702 1741 747 ε
1774 685 1870 747 Ad
1899 685 1951 748 A
1980 683 2164 758 biles,
2201 685 2517 767 posuisset
2547 686 2611 748 in
2643 685 2736 748 eis
2767 685 3121 760 materiam,
3155 704 3355 768 quum
3385 703 3478 747 se-

364 775 553 838 istam
582 778 943 860 (inquiens)
968 782 1372 861 quaestionem
1399 782 1596 863 aliqui
1628 781 1865 855 dicunt,

366 875 538 956 quod
568 877 781 958 angeli
812 880 1088 941 essentia
1126 898 1253 942 non
1285 887 1381 942 est
1413 881 1760 962 composita
1792 899 1869 942 ex

364 973 575 1036 forma
628 984 820 1059 atque
870 978 1154 1052 materia,
1206 979 1339 1040 sive
1400 979 1735 1061 loquamur
1791 979 1869 1040 de

368 1075 635 1136 materia
694 1076 1007 1158 unigenea
1053 1077 1145 1155 (id
1204 1085 1301 1139 est
1358 1079 1547 1140 unius
1607 1078 1868 1140 rationis

366 1191 481 1234 seu
510 1173 795 1254 generis)
825 1195 973 1236 cum
1007 1176 1269 1238 materia
1308 1175 1756 1258 corporalium,
1790 1175 1870 1237 si-

366 1290 443 1333 ve
494 1290 641 1335 non.
688 1272 817 1335 Nec
868 1281 1080 1336 tamen
1130 1275 1403 1337 essentia
1452 1273 1657 1355 angeli
1710 1293 1866 1356 pure

364 1378 458 1432 est
488 1371 775 1446 actualis,
796 1373 908 1435 sed
936 1372 1152 1455 aliquo
1182 1374 1368 1436 modo
1400 1373 1723 1456 possibilis
1754 1392 1866 1436 seu

368 1470 734 1550 potentialis
770 1489 784 1533 ε
818 1489 944 1534 non
987 1473 1159 1534 enim
1203 1479 1451 1554 oportet
1487 1474 1657 1554 quod
1703 1492 1867 1554 quae-

366 1567 524 1630 libet
566 1569 959 1650 possibilitas
1003 1571 1283 1652 requirat
1330 1571 1681 1645 materiam,
1717 1589 1867 1652 quo-

363 1667 539 1728 niam
588 1668 798 1730 omnis
841 1667 1045 1731 forma
1092 1675 1321 1744 creata,
1356 1669 1420 1731 in
1470 1677 1781 1750 quantum
1828 1689 1865 1730 a

364 1765 515 1838 Deo,
560 1775 657 1828 est
706 1766 1073 1848 dependens
1121 1776 1311 1849 atquc
1360 1767 1705 1849 possibilis.
1749 1768 1865 1830 Pro

1980 783 2188 844 cundo
2247 784 2690 866 Metaphysicae
2741 786 2910 848 dicat
2962 803 2976 847 ε
3028 785 3351 848 Materiam
3411 784 3476 846 in

1978 881 2155 942 omni
2213 882 2383 963 quod
2447 889 2738 946 movetur
2795 884 3149 966 intelligere
3213 892 3309 947 est
3366 903 3478 946 ne·

1980 997 2175 1040 cesse.

2059 1076 2220 1138 Hinc
2263 1077 2418 1139 mihi
2449 1079 2722 1153 videtur,
2757 1080 2927 1160 quod
2966 1080 3241 1142 essentia
3269 1080 3482 1161 angeli

1980 1175 2331 1256 composita
2372 1185 2466 1238 est
2504 1195 2580 1238 ex
2616 1177 2820 1239 forma
2857 1187 2916 1239 et
2953 1179 3232 1252 materia,
3267 1187 3480 1240 exten·

1981 1271 2187 1335 dendo
2219 1291 2450 1336 nomen
2484 1275 2762 1338 materia>
2791 1276 2867 1337 ad
2899 1293 3154 1338 omnem
3185 1285 3476 1338 naturam
3571 1357 3580 1363 ι

1981 1371 2352 1451 possibilem
2383 1391 2460 1434 ex
2492 1391 2618 1454 qua
2647 1382 2710 1435 ct
2738 1373 2862 1436 alia
2892 1383 3116 1436 natura
3145 1375 3474 1437 actualiori

1981 1469 2390 1531 constit-uitur
2419 1490 2620 1532 unum
2654 1491 2766 1553 per
2795 1472 3155 1534 essentiam.
3177 1472 3351 1545 Quod
3383 1473 3477 1535 sic

1979 1566 2232 1630 declaro
2267 1585 2281 1629 z
2326 1568 2498 1630 Idem
2543 1578 2834 1651 respectu
2877 1571 3166 1651 ejusdem
3209 1589 3336 1633 non
3379 1577 3474 1633 est

1978 1683 2169 1745 agens
2221 1673 2284 1728 et
2335 1667 2580 1748 patiens
2639 1668 2832 1730 simul
2882 1669 3125 1732 ratione
3184 1668 3472 1750 ejusdem

1979 1763 2070 1823 rei
2114 1780 2128 1823 ε
2173 1763 2324 1845 quia
2370 1785 2570 1846 quum
2619 1785 2810 1846 agens
2859 1775 2999 1848 agat
3050 1767 3112 1829 in
3162 1774 3472 1849 quantum

364 1864 485 1926 hoc
531 1864 788 1926 videtur
839 1885 977 1928 esse
1026 1866 1194 1947 quod
1244 1866 1453 1948 primo
1500 1886 1631 1929 suae
1678 1867 1863 1928 Meta·
1902 1865 1949 1927 B
1978 1869 2072 1922 est
2113 1861 2178 1924 in
2219 1870 2387 1936 actu,
2420 1873 2484 1925 et
2515 1883 2640 1926 non
2675 1865 2739 1926 in
2777 1874 3087 1946 quantum
3126 1874 3220 1929 est
3261 1867 3324 1929 in
3366 1885 3473 1949 po-

364 1962 645 2045 physicae
680 1964 962 2046 loquitur
988 1966 1332 2040 Avicenna,
1355 1966 1524 2046 quod
1555 1983 1693 2028 esse
1724 1965 1869 2027 sub-

362 2062 611 2125 stantiae
643 2061 707 2124 in
740 2070 1050 2144 quantum
1082 2072 1179 2126 est
1206 2063 1557 2127 substantia
1592 2071 1860 2139 tantum,

363 2177 491 2222 non
520 2161 759 2242 pendet
799 2181 875 2223 ex
918 2162 1179 2224 materia
1215 2180 1229 2224 :
1261 2162 1500 2244 alioqui
1538 2181 1664 2226 non
1699 2171 1866 2226 esset

362 2257 721 2321 substantia
760 2259 887 2321 nisi
924 2260 1267 2322 sensibilis
1302 2297 1383 2305 —
1412 2261 1531 2322 Sed
1571 2261 1634 2323 hi
1667 2261 1862 2324 debili

361 2355 731 2419 innituntur
771 2356 1203 2420 fundamento.
1238 2358 1374 2420 Non
1420 2359 1589 2420 enim
1629 2359 1864 2421 dicitur

360 2454 629 2516 materia
672 2473 811 2517 esse
851 2455 1207 2517 necessaria
1248 2455 1326 2517 ad
1371 2456 1491 2519 hoc
1534 2465 1601 2518 ut
1641 2457 1723 2519 sit
1762 2477 1862 2520 res

359 2551 457 2613 sic
506 2552 835 2633 possibilis
878 2561 1170 2635 respectu
1223 2554 1447 2635 primae
1494 2572 1719 2630 causae,
1751 2556 1859 2617 sed

359 2650 440 2711 ad
483 2650 603 2712 hoc
646 2656 716 2712 ut
756 2651 838 2712 sit
879 2650 1201 2733 possibilis
1244 2661 1536 2734 respectu
1576 2653 1673 2715 sui
1711 2653 1861 2735 ipsi-

360 2769 461 2821 uS,
494 2769 609 2811 seu
642 2749 917 2830 alicujus
956 2749 1297 2814 inferioris.
1329 2751 1609 2832 Angelus
1647 2760 1859 2814 autem

360 2867 564 2929 quum
600 2855 850 2910 moveat
878 2867 945 2910 se
983 2850 1062 2911 de
1102 2867 1231 2912 uno
1261 2849 1424 2912 velle
1454 2851 1534 2913 ad
1572 2850 1765 2925 aliud,
1798 2858 1861 2914 et

359 2947 441 3008 de
470 2966 600 3008 una
631 2946 1010 3027 cogitatione
1040 2948 1118 3010 ad
1148 2949 1359 3022 aliam,
1393 2956 1583 3031 atque
1614 2950 1691 3012 de
1724 2949 1861 3013 loco

1976 1960 2196 2035 tentia,
2230 1968 2292 2022 et
2332 1961 2577 2043 patiens
2616 1963 2893 2044 patiatur
2931 1964 2996 2025 in
3035 1972 3347 2046 quantum
3379 1973 3474 2028 est

1978 2059 2042 2120 in
2075 2059 2378 2141 potentia,
2407 2077 2534 2122 non
2566 2069 2634 2122 ut
2666 2062 2729 2122 in
2761 2069 2944 2139 actu3
2977 2063 3028 2124 si
3063 2063 3231 2125 idem
3264 2083 3474 2146 respe-

1975 2164 2081 2218 ctu
2119 2176 2193 2219 ac
2233 2157 2476 2220 ratione
2516 2158 2803 2238 ejusdem
2845 2159 3036 2221 simul
3074 2169 3241 2224 esset
3279 2180 3471 2244 agens

1973 2262 2037 2315 et
2068 2255 2336 2336 paticnS,
2370 2263 2743 2336 sequeretur
2773 2256 2942 2338 quod
2975 2257 3142 2320 idem
3177 2267 3469 2341 respectu

1972 2372 2045 2415 ac
2082 2354 2323 2416 ratione
2361 2354 2652 2434 ejusdem
2691 2355 2882 2417 simul
2922 2363 3090 2418 esset
3121 2357 3186 2419 in
3225 2366 3370 2420 actu
3408 2366 3470 2421 et

1973 2469 2099 2513 non
2143 2451 2210 2513 in
2248 2461 2416 2527 actu,
2450 2460 2514 2515 et
2556 2453 2620 2515 in
2664 2454 2947 2535 potentia
2985 2461 3048 2516 et
3088 2472 3214 2517 non
3255 2456 3320 2517 in
3363 2474 3472 2538 po—

1970 2550 2169 2612 tentia
2203 2567 2217 2611 :
2252 2570 2393 2632 quae
2437 2551 2926 2615 contradictoria
2969 2561 3135 2615 sunt.
3171 2553 3290 2616 Sed
3315 2573 3468 2622 ,mo-

1970 2666 2141 2723 vere,
2203 2657 2300 2712 est·
2356 2667 2580 2731 agere3
2630 2658 2693 2712 et
2753 2651 3016 2726 moveri,
3070 2652 3200 2733 pati
3255 2670 3269 2714 :
3319 2671 3469 2734 ergo

1970 2747 2141 2810 idem
2193 2756 2484 2830 respectu
2538 2748 2828 2829 ejusdem
2882 2768 3009 2813 non
3061 2758 3159 2812 est
3209 2769 3467 2815 movens

1970 2854 2033 2908 et
2071 2854 2316 2909 motum
2359 2846 2553 2909 simul
2595 2848 2836 2911 ratione
2880 2849 3188 2929 ejusdem.
3232 2850 3468 2923 Quum-

1971 2963 2095 3026 que
2140 2946 2329 3008 modo
2371 2945 2633 3027 praefato
2679 2947 2942 3027 angelus
2985 2965 3051 3010 se
3097 2956 3347 3011 moveat
3393 2967 3467 3011 ac

357 3046 443 3107 ad
471 3045 709 3119 locum,
743 3045 1037 3126 quamvis
1078 3064 1202 3108 non
1241 3065 1356 3128 per
1394 3064 1861 3110 commensura·
1898 3046 1941 3109 C
1974 3051 2196 3116 mutet,
2231 3050 2403 3126 patet
2450 3046 2620 3125 quod
2671 3045 2840 3107 idem
2886 3045 3148 3126 angelus
3191 3055 3288 3110 est
3336 3065 3465 3110 mo-

358 3144 625 3216 tionem,
659 3143 982 3224 possibilis
1032 3151 1127 3206 est
1167 3144 1384 3226 aliquo
1426 3146 1615 3208 modo
1657 3165 1863 3228 respe-

358 3251 469 3304 ctu
508 3242 606 3304 sui
652 3241 853 3323 ipsius
888 3258 902 3302 :
937 3242 1239 3322 quoniam
1280 3260 1469 3304 omne
1512 3249 1755 3306 motum
1796 3243 1860 3305 in

358 3347 674 3422 quantum
706 3339 851 3412 tale,
885 3339 1189 3420 possibile
1221 3348 1316 3402 est
1347 3349 1636 3422 respectu
1672 3351 1865 3405 moto-

358 3438 469 3499 ris,
501 3437 925 3500 Auctoritates
954 3445 1167 3499 autem
1198 3439 1262 3500 Β.
1301 3439 1581 3522 Dionysii
1618 3449 1681 3502 et
1710 3441 1861 3503 Boe-

357 3535 433 3596 tii
480 3554 623 3616 quae
673 3535 753 3596 ad
804 3534 1169 3615 oppositum
1216 3535 1589 3616 allegantur,
1632 3537 1862 3599 intelli-

354 3633 579 3714 gendae
618 3639 769 3694 sunt
806 3632 883 3693 de
929 3633 1192 3694 materia
1230 3633 1543 3713 unigenea
1584 3636 1861 3699 mat-eriae

356 3729 807 3813 corporalium.
842 3729 969 3792 Nec
1009 3729 1243 3792 debent
1274 3731 1460 3793 inniti
1500 3734 1859 3795 auctoritati

352 3829 721 3902 Avicennae,
754 3827 1057 3909 quoniam
1097 3827 1420 3890 Avicenna
1459 3837 1523 3891 et
1559 3829 1860 3894 Aristote-

355 3928 451 3989 les
492 3935 555 3988 et
598 3933 821 3988 auctor
862 3925 939 3988 de
984 3925 1204 3988 Causis
1247 3935 1583 3989 senserunt
1626 3928 1859 3992 intelli-

351 4027 601 4107 gentias
651 4043 983 4105 nunquam
1032 4025 1370 4106 incepisse,
1407 4045 1523 4088 nec
1565 4045 1671 4089 eas
1720 4048 1858 4092 esse

350 4123 695 4208 possibiles
727 4123 852 4186 nisi
894 4131 1185 4205 respectu
1218 4143 1423 4187 causae
1460 4125 1705 4207 primae,
1739 4147 1857 4190 nec

352 4223 488 4286 ullo
538 4223 727 4286 modo
776 4221 1115 4284 mutabiles
1171 4241 1184 4284 ε

352 4343 523 4397 rum,
575 4323 628 4384 si
691 4322 757 4383 in
820 4321 938 4384 hoc
995 4309 1206 4384 errore
1266 4331 1614 4398 manenteS,
1665 4345 1855 4406 nega-

348 4428 584 4484 verunt
636 4421 703 4482 in
753 4419 911 4502 ip‘sis
961 4420 1310 4482 materiam.
1357 4421 1420 4483 Si
1464 4430 1676 4486 autem
1728 4443 1857 4486 cre-

346 4520 620 4583 didisset
672 4518 999 4582 Avicenna
1054 4537 1159 4580 eas
1218 4518 1533 4600 incepisse
1591 4540 1665 4583 ac
1716 4540 1856 4584 esse

348 4617 712 4690 mutabileS,
728 4616 1047 4699 posuisset
1077 4616 1142 4677 in
1172 4616 1265 4678 eis
1296 4618 1857 4700 materiam,quum

347 4726 581 4801 quarto
618 4715 1063 4797 Metaphysicae
1105 4735 1236 4778 suae
1279 4715 1573 4797 loquatur
1608 4734 1621 4777 :
1656 4717 1855 4781 Omne

348 4817 523 4899 quod
555 4813 786 4896 incipit
816 4831 955 4876 esse
988 4819 1129 4894 post
1158 4830 1287 4875 non
1316 4831 1476 4886 esse,
1498 4813 1687 4876 habet
1718 4816 1853 4878 sine

347 4913 551 4976 dubio
612 4911 962 4973 materiam.
1018 4910 1307 4972 Secundo
1364 4927 1619 4990 quoque
1668 4911 1855 4973 Meta-

348 5013 635 5095 physicae
693 5029 824 5072 suae
883 5008 1061 5082 dicit,
1115 5009 1284 5088 quod
1343 5027 1443 5069 res
1502 5009 1854 5071 secundum

346 5111 519 5193 quod
569 5118 668 5173 est
722 5109 789 5170 in
838 5108 1121 5190 potentia
1168 5113 1233 5168 et
1281 5106 1346 5167 in
1394 5115 1561 5180 actu,
1596 5114 1691 5168 est
1733 5107 1857 5169 alia

346 5217 413 5272 et
448 5209 593 5271 alia.
630 5208 697 5270 Si
742 5206 1003 5269 demum
1048 5205 1423 5268 credidisset
1457 5205 1851 5279 AristoteleS,

344 5309 518 5398 quod
550 5306 993 5388 intelligentiae
1030 5325 1067 5368 a
1106 5324 1173 5367 se
1214 5305 1368 5388 ipsis
1403 5311 1616 5367 essent
1657 5310 1855 5366 muta·

1972 3161 2127 3204 vens
2158 3150 2223 3203 et
2251 3149 2462 3206 motus
2501 3151 2793 3225 respectu
2823 3143 3136 3224 ejusdem,
3168 3145 3467 3208 videlicet

1971 3241 2071 3302 sui
2123 3240 2343 3322 ipsius.
2379 3240 2541 3320 Ergo
2584 3240 2648 3302 in
2693 3241 2834 3322 ejus
2883 3243 3157 3305 essentia
3202 3252 3299 3306 est
3338 3263 3467 3306 una

1972 3358 2071 3400 res
2114 3357 2230 3420 per
2271 3358 2462 3420 quam
2508 3339 2644 3420 ipse
2694 3359 2761 3402 se
2813 3349 3045 3416 movet,
3079 3348 3142 3404 et
3180 3342 3305 3404 alia
3353 3361 3468 3425 per
3552 3349 3558 3354 ‘

1971 3455 2161 3518 quam
2197 3444 2486 3498 movetur
2521 3455 2532 3498 :
2569 3457 2840 3518 quarum
2873 3438 3167 3520 primam,
3191 3440 3466 3503 dicimus

1970 3533 2280 3611 formam3
2313 3535 2683 3609 secundam,
2719 3537 3070 3599 materiam.
3105 3574 3185 3583 —
3210 3538 3304 3600 Ad
3344 3538 3465 3601 hoc

1970 3630 2123 3692 facit
2168 3631 2337 3713 quod
2388 3632 2454 3693 in
2498 3632 2663 3696 libro
2711 3633 3195 3698 Confessionum
3241 3637 3466 3699 asserit

1967 3729 2380 3809 Augustinus»,
2414 3731 2614 3794 Omne
2655 3732 2961 3794 mutabile
2992 3733 3272 3796 insinuat
3302 3737 3464 3798 noti-

1966 3827 2072 3890 tiae
2131 3836 2360 3892 nostrae
2412 3831 2752 3911 quamdam
2807 3831 3263 3894 informitatem
3320 3853 3462 3915 quae

1967 3924 2202 4008 accipit
2244 3925 2554 4007 formam;
2587 3936 2649 3990 et
2692 3929 2858 4010 quod
2899 3929 3238 3993 undecimo
3279 3931 3463 3994 Meta-

1969 4025 2248 4107 physicae
2287 4025 2570 4107 loquitur
2600 4027 3089 4101 Commentator,
3124 4028 3322 4091 Causa
3351 4047 3461 4111 po-

1970 4123 2180 4187 tentiae
2212 4122 2281 4185 in
2311 4123 2500 4186 rebus
2533 4123 2596 4185 in
2629 4123 2863 4206 quibus
2893 4131 2990 4186 est
3029 4125 3332 4206 potentia,
3364 4133 3461 4188 est

1237 4223 1378 4286 ideo
1428 4241 1555 4287 non
1604 4233 1701 4288 est
1742 4227 1856 4288 mi·
1888 4228 1937 4289 D
1968 4222 2250 4284 materia.
2286 4223 2488 4303 Super
2529 4230 2820 4285 octavum
2872 4240 3127 4306 quoque
3170 4224 3459 4307 Physico-

1966 4341 2109 4383 rum
2136 4339 2149 4382 ε
2177 4322 2320 4385 Haec
2349 4322 2615 4404 (inquit)
2645 4322 2994 4404 propositio
3025 4331 3122 4386 est
3151 4325 3460 4388 converti·

1965 4420 2114 4481 bilis
2145 4438 2159 4482 :
2190 4420 2366 4493 Quod
2397 4420 2667 4502 simplex
2699 4429 2814 4494 est,
2840 4429 3010 4484 caret
3043 4424 3364 4503 potentia3
3396 4432 3459 4485 et

1967 4517 2136 4600 quod
2176 4526 2343 4580 caret
2384 4519 2686 4600 potentia,
2720 4519 2992 4602 simplex
3029 4528 3144 4582 est.
3178 4522 3459 4583 Potentia

1965 4617 2137 4679 enim
2181 4625 2277 4680 est
2319 4635 2508 4680 causa
2546 4618 3022 4698 compositionis
3064 4618 3338 4699 alicujus
3379 4639 3457 4682 ex

1964 4715 2214 4778 duabus
2263 4715 2654 4778 substantiis
2705 4715 2876 4777 Unde
2924 4723 2989 4777 et
3036 4716 3316 4798 capitulo
3363 4737 3457 4780 se-

1965 4814 2175 4875 cundo
2214 4812 2291 4874 de
2331 4811 2634 4874 'l'rinitate
2676 4818 2939 4874 testatur
2975 4813 3230 4876 Boetius
3265 4832 3280 4876 :
3314 4816 3456 4878 For-

1967 4931 2085 4973 mae
2128 4910 2454 4992 simplices
2507 4909 2796 4991 subjecta
2842 4929 2979 4973 esse
3021 4930 3148 4974 non
3191 4922 3452 4993 queunt.

1963 5009 2120 5071 Nam
2153 5010 2323 5090 quod
2355 5016 2578 5070 cetera>
2601 5008 2822 5072 formae
2849 5010 3288 5073 accidentibus
3318 5013 3462 5074 sub-

1960 5106 2145 5186 jectae
2178 5115 2347 5181 sunt,
2384 5114 2450 5168 ut
2482 5107 2864 5182 humanitas,
2898 5125 3024 5170 non
3055 5109 3142 5172 ita
3169 5110 3456 5174 acciden-

1964 5204 2053 5266 tia
2085 5205 2356 5286 suscipit
2385 5223 2460 5267 eo
2496 5205 2666 5286 quod
2703 5205 2839 5286 ipsa
2878 5213 2993 5280 est,
3028 5208 3139 5270 sed
3177 5226 3254 5271 eo
3287 5210 3456 5290 quod

1966 5302 2232 5365 materia
2272 5303 2330 5366 ei
2374 5302 2661 5383 subjecta
2704 5311 2816 5366 est.
2864 5303 3259 5387 interpositis
3301 5325 3458 5392 quo-
