4334 6242
757 468 836 533 40
1722 487 1896 534 marn
1937 489 1982 536 11
2023 487 2505 534 suiv-murinum.
2551 505 2632 516 —
2672 489 2825 534 msr.
2874 488 2894 534 1

759 679 866 726 res
920 661 1342 726 dominorum
1388 663 1696 726 dicuntur
1741 679 1884 726 esse
1933 663 2359 743 famulorum,
2404 681 2537 726 non
2586 664 2906 744 dominiO,
2950 664 3066 729 sed
3122 664 3276 746 quia
3323 666 3481 728 sunt
3522 665 3606 728 ad
3656 683 3855 730 usum

764 795 1013 841 eorum.
1055 779 1322 860 Ipsique
1369 776 1584 858 angeli
1630 778 1700 839 in
1737 777 2132 859 quibusdam
2180 778 2533 860 Scripturae
2581 780 2743 843 locis
2793 779 2986 844 nobis
3032 781 3277 845 servire
3324 781 3655 860 dicuntur,
3693 781 3859 844 dum

469 902 650 956 Βοῦν-ι.
673 905 734 948 ¹⁸·
764 896 1030 976 propter
1076 911 1198 958 nos
1243 894 1310 957 in
1358 895 1800 958 ministerium
1849 895 2224 957 mittuntur.

1018 1130 1070 1193 I.
1130 1132 1493 1198 Quomodo
1542 1132 1818 1194 dicitur
1863 1133 2265 1206 aliquando
2316 1132 2394 1192 in
2439 1130 2833 1202 Scriptura
2874 1151 2899 1189 .·
2940 1133 3169 1193 Homo
3216 1131 3460 1204 factus
3504 1133 3613 1194 cst

1523 1249 1836 1322 propter
1879 1250 2448 1320 reparationem
2496 1250 2815 1323 anaclici
2858 1262 3096 1310 casus.

893 1463 993 1526 De
1047 1459 1316 1524 homine
1373 1479 1636 1543 quoque
1683 1462 1749 1524 in
1808 1461 2144 1542 Scriptura
2191 1462 2521 1526 interdum
2574 1462 2917 1542 reperitur,
2962 1462 3141 1542 quod
3193 1463 3405 1526 factus
3458 1463 3547 1526 sit
3597 1464 3863 1544 propter

762 1578 1238 1659 reparationem
1289 1577 1602 1658 angelicae
1651 1579 1882 1642 ruinae.
1933 1578 2125 1652 Quod
2176 1595 2307 1640 non
2356 1579 2448 1640 ita
2498 1580 2597 1641 est
2646 1578 3172 1659 intelligendum,
3212 1579 3403 1660 quasi
3447 1597 3581 1642 non
3629 1579 3865 1643 fuisset

761 1694 963 1756 homo
1003 1695 1216 1757 factus
1253 1695 1309 1756 si
1348 1710 1482 1755 non
1528 1695 1861 1775 peccasset
1897 1694 2209 1775 angelus;
2248 1695 2365 1758 sed
2411 1695 2569 1774 quia
2614 1695 2783 1758 inter
2828 1694 2991 1758 alias
3040 1711 3293 1774 causaS‚
3332 1695 3583 1758 scilicet
3627 1695 3863 1776 praeci-

760 1827 951 1891 puas,
993 1810 1134 1874 haec
1181 1811 1380 1874 etiam
1427 1809 1744 1873 nonnulla
1791 1826 1987 1873 causa
2031 1811 2304 1873 exstitit.

901 1927 1142 1990 Nostra
1191 1944 1346 2008 ergo
1395 1928 1551 1989 sunt
1599 1926 1938 2007 superiora
1985 1927 2049 1990 et
2096 1926 2416 2009 aequalia3
2464 1927 2687 1990 nostra
2737 1926 2936 1989 etiam
2992 1927 3147 1991 sunt
3194 1927 3527 2008 inferiora,
3576 1928 3731 2009 quia
3778 1929 3865 1992 ad

765 2043 1184 2108 serviendum
1229 2042 1422 2106 nobis
1469 2043 1658 2106 facta.

1056 2277 1141 2340 K.
1194 2279 1436 2345 Quare
1473 2279 1580 2340 ita
1619 2279 1720 2340 sit
1752 2281 1967 2341 homo
2009 2278 2414 2353 institutam,
2452 2279 2535 2340 ut
2571 2281 2831 2342 anima
2869 2279 2969 2340 sit
3002 2280 3215 2342 unita
3254 2283 3578 2352 corpori.

895 2491 1078 2554 Solet
1117 2491 1316 2554 etiam
1355 2491 1586 2572 quaeri,
1619 2507 1827 2574 quum
1866 2490 2138 2571 majoris
2176 2492 2517 2573 dignitatis
2551 2492 2881 2554 videretur
2912 2508 3054 2554 esse
3092 2492 3313 2554 anima
3349 2494 3406 2556 si
3444 2492 3689 2574 absque
3726 2513 3871 2558 cor-

764 2625 922 2690 pore
973 2587 1464 2689 permansisset,
1511 2625 1626 2670 cur
1677 2606 1864 2669 unita
1915 2607 2002 2669 sit
2053 2609 2333 2689 corpori.
2376 2608 2480 2670 Ad
2527 2607 2706 2689 quod
2754 2608 2969 2688 primo
3020 2608 3150 2671 dici
3199 2610 3439 2689 potest,
3480 2611 3635 2690 quia
3684 2612 3868 2676 Deus

763 2725 997 2804 voluit,
1030 2727 1096 2788 et
1132 2724 1491 2787 voluntatis
1529 2725 1673 2804 ejus
1710 2741 1908 2787 causa
1933 2725 2287 2805 quaerenda
2321 2742 2453 2788 non
2492 2725 2610 2788 est.
2654 2724 2953 2788 Secundo
2990 2726 3212 2788 autem
3248 2727 3465 2806 potest
3501 2726 3655 2806 dici,
3687 2729 3867 2808 quod

764 2840 912 2904 ideo
965 2840 1146 2904 Deus
1187 2841 1399 2904 voluit
1446 2857 1591 2903 eam
1640 2840 1897 2921 corpori
1939 2840 2138 2920 uniri,
2188 2843 2263 2902 ut
2312 2841 2381 2904 in
2430 2840 2721 2904 humana
2770 2841 3139 2904 ostenderet
3195 2843 3567 2907 conditione
3617 2862 3865 2908 novum

767 2957 1148 3038 exemplum
1187 2957 1392 3021 beatae
1431 2957 1696 3020 unionis
1733 2973 1880 3036 quae
1919 2957 2020 3019 est
2056 2957 2226 3020 inter
2254 2958 2471 3020 Deum
2508 2959 2573 3020 et
2610 2957 2917 3039 spiritum
2953 2978 2967 3018 :
3002 2957 3071 3020 in
3109 2975 3240 3039 qua
3274 2959 3574 3040 diligitur
3610 2979 3689 3024 ex
3726 2962 3866 3025 toto

770 3075 987 3154 corde,
1021 3075 1086 3138 et
1115 3074 1376 3138 videtur
1412 3073 1576 3138 facie
1613 3073 1695 3136 ad
1731 3072 1989 3136 faciem.
2023 3073 2296 3138 Putaret
2331 3073 2506 3137 enim
2548 3075 2841 3138 creatura
2878 3091 2947 3139 se
2976 3092 3109 3137 non
3147 3092 3339 3156 posse
3376 3076 3552 3140 uniri
3582 3077 3871 3140 Creatori

768 3191 894 3254 sub
941 3191 1122 3254 tanta
1177 3190 1667 3272 propinquitate
1710 3191 1787 3252 ut
1833 3207 1985 3252 eum
2036 3190 2176 3253 tota
2231 3190 2449 3253 mente
2497 3189 2796 3271 diligeret
2846 3191 2910 3253 et
2958 3192 3397 3271 cognosceret,
3448 3191 3577 3255 nisi
3624 3193 3879 3257 videret

769 3309 1103 3389 spiritum,
1145 3308 1260 3389 qui
1311 3308 1413 3371 est
1458 3306 2008 3370 excellentissima
2056 3309 2375 3386 creatura,
2416 3309 2551 3371 tam
2598 3308 2868 3387 infimae,
2910 3308 2977 3370 id
3016 3308 3117 3372 est
3152 3309 3354 3387 carni,
3395 3326 3543 3390 quae
3587 3310 3668 3373 de
3704 3312 3879 3374 terra

771 3427 892 3504 est,
935 3425 1003 3486 in
1041 3425 1222 3488 tanta
1267 3423 1619 3487 dilectione
1655 3422 1856 3502 uniri,
1899 3423 1972 3485 ut
2009 3440 2142 3486 non
2182 3423 2396 3486 valeat
2436 3423 2671 3486 arctari
2710 3423 2791 3486 ad
2828 3424 2954 3485 hoc
2990 3424 3064 3486 ut
3102 3423 3262 3486 velit
3298 3441 3443 3487 eam
3480 3425 3870 3506 relinquere,

473 3557 739 3610 noema.
769 3542 942 3605 sicut
980 3541 1266 3604 ostendit
1302 3539 1686 3620 ApostoluS,
1713 3539 1938 3602 dicens
1973 3559 1986 3599 :
2021 3539 2351 3602 Nolumus
2389 3556 2657 3620 corpore
2697 3539 3072 3621 exspoliari,
3108 3540 3223 3602 sed
3266 3542 3714 3621 supervestiri.
3746 3543 3875 3606 Per

769 3658 947 3738 quod
992 3658 1380 3736 ostenditur,
1421 3656 1730 3737 spiritum
1770 3656 2060 3719 creatum
2101 3656 2378 3737 Spiritui
2417 3657 2703 3719 increato
2743 3655 3057 3718 ineffabili
3094 3673 3316 3720 amore
3352 3657 3553 3720 uniri.

525 3791 663 3848 nugo,
684 3793 744 3866 ‚²¹⁰
902 3776 1030 3839 Pro
1072 3774 1373 3856 exemplo
1414 3791 1566 3854 ergo
1616 3773 1854 3836 futurae
1894 3773 2227 3836 societatis
2266 3790 2414 3854 quae
2455 3773 2623 3836 inter
2662 3773 2878 3837 Deum
2918 3775 2983 3836 et
3022 3774 3325 3854 spiritum
3366 3774 3748 3840 rationalem
3795 3777 3865 3840 in

472 3853 744 3970 ,sffssffissi's
769 3891 1240 3973 glorificatione
1298 3889 1594 3970 ejusdem
1651 3889 2046 3970 perficienda
2101 3891 2257 3969 erat,
2296 3888 2585 3952 animam
2644 3889 2973 3970 corporeis
3030 3889 3433 3953 indumentis
3480 3891 3544 3954 et
3588 3893 3863 3956 terrenis

766 4007 1222 4072 mansionibus
1277 4005 1632 4087 copulavit,
1683 4005 2060 4086 luteamque
2115 4006 2460 4069 materiam
2515 4005 2668 4068 fecit
2722 4005 2804 4068 ad
2862 4007 3015 4070 vitae
3070 4024 3337 4070 sensum
3388 4010 3687 4089 vegetare
3730 4029 3746 4070 :
3787 4011 3863 4072 ut

763 4125 960 4188 sciret
1008 4124 1235 4203 hom0‚
1276 4123 1433 4204 quia
1483 4123 1540 4185 si
1592 4122 1810 4203 potuit
1860 4123 2042 4186 Deus
2099 4124 2235 4184 tam
2291 4123 2622 4203 disparem
2674 4123 2978 4184 naturam
3034 4123 3326 4203 corporis
3382 4125 3448 4186 et
3500 4125 3738 4188 animae
3790 4125 3857 4187 in

765 4241 1257 4304 foederationem
1305 4256 1506 4302 unam
1546 4241 1610 4302 et
1648 4239 1716 4301 in
1755 4239 2114 4302 amicitiam
2154 4240 2402 4301 tantam
2443 4238 2861 4319 conjungere,
2902 4255 3315 4319 nequaquam
3354 4239 3413 4302 ei
3451 4239 3860 4321 impossibile

763 4357 1086 4435 futurum,
1129 4355 1466 4418 rationalis
1525 4355 1836 4418 creaturae
1886 4354 2356 4435 humilitatem,
2406 4355 2558 4418 licet
2612 4355 2804 4436 longe
2862 4354 3260 4435 inferiorem,
3311 4356 3393 4418 ad
3439 4374 3578 4420 suae
3632 4357 3859 4438 gloriae

761 4472 1332 4555 participationem
1391 4471 1770 4534 sublimare.
1834 4470 2004 4543 Quia
2060 4488 2214 4550 ergo
2270 4489 2389 4552 pro
2445 4471 2749 4552 exemplo
2814 4471 3151 4534 rationalis
3214 4472 3486 4552 spiritus
3544 4475 3613 4537 in
3676 4476 3861 4556 parte

761 4606 972 4670 usque
1001 4589 1084 4652 ad
1111 4588 1516 4652 consortium
1552 4587 1791 4650 terreni
1831 4587 2124 4667 corporis
2153 4587 2543 4650 humiliatus
2573 4589 2694 4666 est,
2716 4604 2799 4651 ne
2830 4587 2995 4651 forte
3028 4587 3094 4649 in
3122 4587 3248 4650 hoc
3276 4587 3479 4652 nimis
3513 4588 3863 4670 depressus

761 4705 1115 4785 videretur,
1152 4703 1404 4766 addidit
1449 4703 1572 4766 Dei
1623 4703 2035 4784 providentia
2080 4703 2153 4766 ut
2200 4704 2624 4783 postmodum
2673 4721 2823 4767 cum
2870 4703 3103 4767 eodem
3150 4721 3419 4785 corpore
3471 4705 3856 4785 glorificate,

761 4822 845 4884 ad
891 4820 1297 4883 consortium
1342 4819 1609 4882 illorum
1656 4819 1770 4900 qui
1823 4820 1891 4880 in
1941 4836 2062 4882 sua
2112 4821 2615 4900 permanserunt
2661 4819 2946 4901 puritate
2995 4818 3461 4882 sublimaretur
3502 4839 3517 4881 :
3559 4820 3633 4882 ut
3681 4821 3859 4901 quod

761 4937 984 5000 minus
1029 4953 1112 5000 ex
1157 4936 1647 5017 dispensatione
1687 4935 2014 5000 Creatoris
2061 4937 2165 4998 sui
2212 4939 2549 5017 acceperat
2586 4936 2910 5015 conditus,
2950 4935 3376 5017 postmodum
3422 4953 3541 5017 per
3581 4938 3859 5016 gratiam

761 5053 1059 5134 eJusdem
1113 5053 1436 5134 acciperet
1489 5053 1913 5133 glorificatus.
1969 5053 2078 5118 Sic
2136 5070 2289 5133 ergo
2340 5052 2638 5116 conditor
2685 5053 2906 5115 noster
2954 5052 3135 5115 Deus
3190 5052 3542 5116 rationales
3588 5052 3859 5134 spiritus

759 5169 942 5232 varia
990 5171 1164 5233 sorte
1215 5187 1333 5251 pro
1381 5169 1650 5233 arbitrio
1691 5169 2050 5234 voluntatis
2099 5186 2238 5232 suae
2284 5169 2663 5249 disponenS,
2706 5167 2839 5231 illis
2883 5185 3053 5248 quos
3100 5168 3167 5229 in
3214 5185 3335 5230 sua
3379 5168 3664 5248 puritate
3712 5169 3862 5231 reli-

762 5287 1014 5367 querat,
1047 5303 1310 5350 sursum
1358 5285 1426 5347 in
1465 5285 1627 5348 coelo
1667 5285 2101 5365 mansionem,
2145 5283 2280 5346 illis
2318 5301 2470 5347 vero
2513 5301 2682 5364 quos
2730 5283 3113 5365 corporibus
3151 5284 3426 5348 terrenis
3470 5284 3853 5365 sociaverat,
