4334 6242
803 485 921 552 162

1482 508 1547 554 IN
1588 503 1808 552 LIBRUM
1852 505 1894 550 11
1937 500 2419 550 SENTENTlARun.
2465 522 2546 531 --
2585 502 2738 550 msT.
2787 503 2870 566 113
2914 504 3139 561 QUAEST.
3181 505 3221 552 V

803 678 958 740 dum
1000 685 1064 740 et
1106 677 1394 740 ordinem
1439 677 1603 739 inter
1646 675 1957 738 naturalia
2008 691 2296 756 corpora,
2327 673 2378 734 A
2407 673 2779 753 glorificatis
2834 676 3114 738 creditur
3160 677 3554 750 adfuturum,
3603 695 3745 758 quae
3795 677 3910 740 do-

802 784 991 859 atque
1041 776 1329 857 ejusdem
1380 777 1621 838 ordinis
1672 794 1831 847 esse,
1880 773 2172 856 quamvis
2221 772 2298 833 de

804 874 1202 956 beneplacito
1245 875 1355 937 Dei
1399 874 1481 936 sit
1530 874 1707 936 locus
1750 882 1813 934 et
1858 872 2102 934 mansio
2150 871 2301 932 Bea-

802 980 1032 1035 torum.
1068 972 1243 1046 Quod
1268 973 1511 1034 dictum
1543 972 1795 1034 videtur
1825 989 2009 1052 posse
2044 967 2299 1050 probari

802 1089 881 1132 ex
925 1071 1043 1132 hoc
1082 1072 1251 1154 quod
1296 1072 1541 1153 species
1586 1088 1798 1132 rerum
1842 1089 1908 1130 se
1952 1067 2190 1130 habent
2232 1074 2302 1127 ut

804 1169 1078 1241 numeri,
1145 1175 1207 1230 et
1276 1169 1656 1230 coordinatae
1721 1173 1869 1228 sunt
1936 1172 2178 1238 mutuo,
2239 1169 2301 1224 et

805 1285 1005 1328 unum
1064 1267 1459 1328 constituunt
1516 1265 1806 1327 ordinem
1865 1263 2165 1325 universi.
2222 1297 2303 1306 -—

798 1365 1248 1428 Verumtamen
1293 1363 1490 1444 objici
1534 1370 1767 1446 posset,
1803 1363 1955 1444 quia
1999 1369 2067 1422 ut
2109 1378 2302 1441 super

802 1463 1098 1526 Genesim
1129 1463 1354 1525 asserit
1383 1461 1796 1542 Augustinus,
1832 1459 1897 1522 in
1928 1478 2141 1522 rerum
2174 1476 2303 1519 cre-

800 1561 1011 1624 atione
1054 1579 1183 1624 non
1226 1561 1533 1644 quaeritur
1576 1559 1729 1641 quid
1777 1560 1945 1621 Deus
1996 1555 2298 1639 potuerit,

802 1660 914 1721 sed
944 1660 1099 1742 quid
1130 1678 1342 1721 rerum
1376 1657 1793 1721 conveniebat
1825 1657 2087 1720 naturis.
2111 1655 2176 1718 Si
2206 1673 2301 1716 er-

801 1774 882 1838 go
922 1756 1157 1820 coelum
1202 1775 1573 1839 empyreum
1617 1775 1693 1818 ex
1738 1775 1852 1817 sua
1895 1762 2120 1816 natura
2165 1770 2302 1833 gra-

802 1855 957 1916 dum
987 1855 1403 1938 ordinemque
1436 1855 1768 1917 sortiretur
1799 1854 1963 1917 inter
1994 1849 2306 1914 naturalia
2335 1848 2382 1910 B
2414 1862 2657 1934 queunt
2709 1872 2722 1916 :
2775 1855 2972 1927 Quam
3023 1875 3250 1937 magna
3299 1857 3642 1919 multitudo
3689 1858 3911 1920 dulce·
3943 1873 4222 1920 tvm-2132*-

802 1971 1067 2036 corpora
1094 1961 1157 2016 et
1187 1954 1472 2034 ejusdem
1506 1972 1653 2014 cum
1687 1953 1814 2014 illis
1846 1959 2011 2014 esset
2041 1949 2300 2020 ordiniS,

802 2060 1064 2134 apparet
1093 2053 1263 2134 quod
1294 2071 1371 2114 ex
1411 2071 1526 2113 sua
1566 2058 1789 2113 natura
1824 2056 2214 2132 competeret
2244 2046 2304 2108 ei

804 2150 1069 2224 moveri,
1124 2151 1661 2233 quemadmodum
1712 2148 1938 2210 ceteris
1990 2146 2190 2218 eoelis,
2243 2152 2305 2206 et

807 2250 988 2332 quies
1038 2250 1407 2312 conveniret
1454 2249 1512 2310 ei
1562 2249 1663 2310 vel
1713 2256 1931 2310 contra
1988 2253 2304 2317 naturam,

804 2367 916 2410 seu
960 2367 1153 2429 supra
1194 2355 1509 2420 naturam,
1542 2346 1675 2408 sive
1722 2345 2101 2407 miraculose
2138 2361 2151 2404 ε
2189 2343 2308 2404 sic-

804 2467 929 2531 que
970 2448 1034 2510 in
1076 2449 1334 2510 exordio
1376 2447 1541 2508 Deus
1582 2465 1709 2508 non
1750 2444 2129 2508 instituisset
2176 2462 2308 2505 cre-

804 2554 906 2608 ata
948 2546 1115 2608 sicut
1158 2564 1377 2609 eorum
1421 2545 1665 2607 naturis
1712 2542 2151 2606 conveniebat.

883 2645 1049 2707 Dicit
1079 2663 1333 2728 quoque
1364 2644 1720 2717 Durandu8‚
1756 2643 1925 2723 quod
1969 2640 2128 2702 nihil
2162 2659 2310 2702 con-

807 2751 1096 2805 servatur
1123 2743 1204 2804 ab
1234 2743 1358 2804 alio
1388 2760 1503 2823 per
1532 2759 1621 2815 se,
1655 2741 1776 2802 nisi
1811 2740 1969 2801 illud
2004 2739 2088 2801 sit
2120 2758 2312 2800 causa

810 2840 1013 2923 ipsius
1065 2859 1177 2922 per
1220 2860 1306 2902 se.
1340 2876 1421 2885 —
1460 2840 1571 2903 Cui
1618 2838 1814 2918 objici
1866 2844 2093 2920 potest,
2140 2837 2310 2918 quod

786 2948 969 3026 ‘teste
1009 2938 1410 3020 Philosoph0‚
1446 2939 1621 3001 locus
1663 2937 1967 2999 naturalis
2008 2944 2102 2998 est
2134 2944 2314 2998 natu-

2409 788 2492 832 no
2539 771 2838 852 agilitatis
2881 782 3120 850 ornata,
3156 783 3456 856 tanquam
3500 775 3792 837 scintillae.
3839 775 3906 836 in

2408 871 2786 934 arundineto
2823 871 3200 935 discurrent.
3247 873 3322 934 Et
3364 873 3624 954 quidam
3669 873 3734 935 in
3773 874 3912 935 vita

2408 967 2527 1029 hac
2557 988 2634 1030 ex
2671 968 2972 1048 jucundae
3009 971 3365 1033 devotionis
3406 970 3804 1053 plenitudine
3843 979 3912 1033 et

2409 1066 2860 1128 consolationis
2909 1086 3201 1148 supernae
3252 1069 3643 1130 redundante
3691 1069 3911 1131 dulce-

2410 1163 2579 1239 dine,
2634 1183 2700 1226 se
2755 1165 3079 1228 continere
3136 1175 3327 1249 atque
3380 1167 3728 1249 reprimere
3779 1185 3910 1230 non

2411 1263 2715 1338 valenteS‚
2767 1264 2832 1325 in
2888 1266 3195 1346 quosdam
3258 1273 3488 1340 motus,
3541 1267 3910 1329 saltationes

2410 1380 2482 1423 ac
2527 1381 2750 1424 cursus
2793 1371 3159 1444 erumpunt.
3198 1363 3394 1444 Cujus
3437 1364 3528 1426 rei
3569 1365 3800 1428 veritas
3845 1373 3912 1427 et

2411 1460 2619 1540 figura
2651 1461 2716 1522 in
2759 1468 2976 1524 sancto
3008 1462 3205 1542 Dayid
3235 1469 3381 1525 ante
3412 1482 3622 1525 arcam
3657 1465 3910 1527 Domini

2413 1557 2559 1620 totis
2618 1558 2864 1621 viribus
2923 1559 3321 1635 subsiliente,
3383 1562 3722 1644 praecessit.
3779 1563 3910 1625 Nec

2411 1655 2751 1719 defuerunt
2794 1675 2910 1720 nec
2952 1659 3182 1721 desunt.
3221 1660 3341 1722 hoc
3384 1659 3596 1742 ipsum
3637 1663 3908 1743 experti,

2413 1756 2525 1836 qui
2581 1764 2642 1817 et
2703 1776 2778 1818 ex
2836 1758 3149 1819 sententia
3198 1765 3373 1838 grata
3427 1767 3638 1821 mente
3697 1759 3912 1822 dicere

2413 1952 2581 2014 dinis
2627 1960 2769 2026 tuae,
2814 1953 3117 2017 Dominel
3166 1955 3399 2016 Verum
3442 1956 3611 2018 istud
3657 1957 3914 2038 plenius

2414 2051 2732 2114 discutere
2781 2059 3024 2133 spectat
3064 2052 3142 2115 ad
3193 2062 3513 2136 quartum,
3545 2062 3609 2116 et
3658 2054 3747 2117 ibi
3801 2057 3918 2118 Do-

2418 2148 2592 2210 mino
2635 2150 3020 2211 concedente
3067 2151 3457 2213 tractabitur.

2486 2246 2809 2310 Postremo
2839 2249 3008 2330 quod
3043 2248 3106 2310 in
3139 2250 3526 2311 contrarium
3556 2251 3916 2326 adducitur,

2417 2344 2579 2405 nihil
2632 2346 2874 2427 probat.
2911 2347 3046 2409 Non
3097 2347 3269 2409 enim
3324 2356 3664 2429 patuerunt
3717 2350 3924 2431 philo-

2417 2442 2636 2524 sophis
2668 2442 2951 2506 universi
2983 2443 3252 2506 effectus
3284 2445 3637 2508 coelestium
3669 2446 3924 2510 inferio-

2418 2559 2692 2622 rumque
2736 2560 3100 2624 corporum,
3135 2562 3253 2605 nec
3296 2562 3502 2607 causae
3545 2546 3920 2607 eorumdem

2419 2637 2790 2700 effectuum.
2824 2639 2902 2702 Et
2933 2631 3231 2714 breviter,
3256 2641 3421 2704 sicut
3451 2643 3740 2725 empyrei
3773 2644 3921 2707 coeli

2421 2737 2861 2819 proprietateS,
2897 2739 3088 2812 vires,
3121 2747 3184 2800 et·
3213 2739 3606 2804 excellentiae
3645 2759 3762 2823 pro
3794 2761 3926 2804 ma-

2419 2834 2592 2897 xima
2622 2845 2799 2917 parte
2829 2855 2945 2899 nos
2979 2838 3195 2910 latent,
3219 2837 3306 2900 ita
3335 2837 3628 2912 effectuS,
3653 2841 3926 2903 causali-

2421 2940 2578 2996 tates
2610 2953 2682 2996 ac
2722 2934 3078 2998 influentiae
3107 2935 3266 3016 ejus,
3303 2937 3544 2999 Idcirco
3575 2938 3652 3000 de
3684 2938 3926 3002 talibus

810 3038 1026 3101 raliter
1072 3036 1547 3100 conservativus
1589 3035 1773 3098 locati
1812 3036 2100 3117 (propter
2140 3033 2312 3116 quod
2347 3033 2390 3096 C
2423 3031 2512 3092 nil
2557 3040 2797 3095 temere
2838 3035 3272 3096 asserendum.

810 3137 974 3199 levia
1022 3137 1293 3198 tendunt
1340 3153 1616 3207 sursum,
1666 3135 1883 3215 gravia
1927 3150 2079 3196 vero
2136 3132 2314 3194 deor·

808 3235 1019 3315 sum);
1061 3251 1187 3297 non
1231 3241 1446 3295 tamen
1492 3233 1667 3294 locus
1709 3238 1804 3294 est
1848 3250 1962 3313 per
2004 3249 2071 3292 se
2122 3249 2314 3292 causa

812 3333 1018 3396 locati.
1054 3332 1349 3405 Quaedam
1381 3349 1636 3414 quoque
1678 3340 1827 3393 sunt
1864 3329 2182 3393 naturales
2215 3347 2316 3391 oc-

814 3431 1001 3494 cultae
1058 3448 1131 3492 ac
1189 3429 1413 3492 validae
1469 3429 1637 3491 vires
1697 3447 2119 3509 gemmarum,
2173 3445 2315 3508 quae

813 3529 1012 3591 vitam
1043 3527 1338 3590 animalis
1379 3534 1755 3589 conservant
1794 3544 1921 3588 non
1960 3525 2168 3589 solum
2202 3525 2318 3585 im-

816 3626 1133 3708 pediendo
1186 3625 1571 3707 corruptiva,
1622 3624 1731 3686 sed
1781 3625 1973 3686 etiam
2023 3630 2316 3685 naturam

818 3725 885 3786 in
918 3742 985 3786 se
1017 3724 1384 3804 vigorandO,
1417 3730 1488 3783 ut
1526 3721 1757 3803 legitur
1792 3741 1805 3784 :
1840 3723 1931 3784 sic
1962 3730 2024 3784 et
2056 3720 2317 3783 medici-

816 3822 986 3885 nalia
1028 3822 1339 3904 quaedam.

900 4019 1329 4082 Concedendae
1380 4025 1529 4080 sunt
1588 4017 1800 4100 itaque
1856 4017 2128 4080 rationes
2177 4037 2318 4099 quae

818 4116 1090 4200 probant
1140 4117 1373 4180 coelum
1424 4135 1800 4198 empyreum
1854 4115 2125 4177 influere
2174 4116 2317 4177 aliis

2869 3361 3344 3434 QUAESTIO
3413 3362 3474 3425 V

2550 3618 2826 3682 Raeterea
2867 3621 3037 3684 circa
3073 3623 3237 3686 hanc
3278 3624 3755 3688 distinctionem
3788 3627 3930 3707 qui-

2576 3717 2720 3778 dam
2764 3719 3052 3782 doctores
3101 3723 3410 3804 quasdam
3456 3734 3714 3787 movent
3757 3745 3929 3807 quae—

2426 3815 2661 3877 stiones
2703 3816 3006 3880 difficiles
3037 3820 3115 3881 de
3157 3829 3332 3883 motu
3375 3821 3641 3903 locoque
3674 3823 3931 3904 angelo-

2427 3932 2592 3987 rum,
2625 3915 2924 3978 videlicet
2957 3935 2971 3978 :
3007 3937 3087 3981 an
3125 3920 3366 3999 angelis
3407 3921 3742 3984 conveniat
3781 3941 3927 3984 esse

2427 4012 2492 4073 in
2539 4011 2677 4075 loco
2721 4031 3044 4095 corpore0‚
3088 4025 3152 4078 et
3189 4036 3270 4079 an
3310 4018 3524 4099 plures
3569 4019 3775 4100 angeli
3822 4039 3929 4082 va-

2429 4111 2597 4172 leant
2635 4130 2772 4174 esse
2814 4112 2879 4174 in
2921 4113 3058 4176 loco
3093 4116 3315 4177 eodem
3336 4134 3354 4194 3
3383 4136 3465 4179 an
3505 4117 3697 4180 etiam
3735 4136 3928 4198 ange-

3957 795 4074 850 Sap.
4099 811 4156 841 ιιι.
4173 801 4210 836 ·.

3973 1478 4010 1520 ΙΙ
4029 1478 4147 1530 1209.
4163 1492 4216 1528 τι,

3947 1545 4018 1583 ss.

816 4224 946 4278 tam
993 4214 1359 4278 coelestibus
1402 4232 1594 4295 quam
1641 4213 2051 4276 inferioribus
2101 4231 2318 4296 corpo·
2349 4216 2397 4276 D
2429 4209 2527 4270 lus
2568 4211 2767 4291 possit
2806 4229 2943 4273 esse
2985 4213 3050 4274 in
3091 4213 3229 4276 loco
3271 4215 3578 4295 punctali,
3609 4224 3672 4278 et
3704 4224 3922 4278 utrum

819 4314 1021 4388 ribus,
1057 4312 1186 4374 imo
1215 4319 1277 4374 et
1318 4311 1565 4374 eunctis
1597 4312 1872 4374 coelestis
1912 4311 2127 4393 palatii
2162 4312 2317 4375 civi·
2428 4327 2592 4370 unus
2637 4317 2699 4371 et
2736 4310 2906 4372 idem
2949 4311 3211 4391 angelus
3256 4321 3445 4394 queat
3487 4314 3681 4376 simul
3723 4323 3787 4376 et
3829 4335 3927 4378 se·

822 4410 965 4486 bue,
998 4429 1158 4493 quos
1190 4410 1460 4473 delectat
1500 4409 1747 4472 mansio
1788 4417 1915 4472 tam
1948 4428 2225 4492 congrua
2254 4419 2317 4472 et
2427 4407 2553 4469 mel
2597 4408 2660 4469 in
2704 4407 2996 4489 pluribus
3036 4428 3174 4472 esse
3215 4411 3389 4473 lociS.
3424 4412 3518 4474 Ad
3556 4432 3714 4495 quas
3753 4432 3926 4494 quae·

554 4547 597 4588 p.
622 4533 761 4576 ¹57A.
822 4510 1144 4592 praeclara,
1178 4516 1365 4592 prout
1403 4528 1479 4571 ex
1519 4508 1707 4570 dictis
1744 4508 1876 4589 jam
1909 4510 2112 4590 patuit
2144 4510 2315 4573 Guil-
2425 4505 2660 4568 stiones
2691 4525 2884 4588 super
2916 4509 3218 4589 primum,
3243 4509 3652 4588 distinct-ione
3685 4511 3928 4574 tricesi-
4332 4598 4334 4606 Α

824 4609 999 4671 lelmi
1029 4607 1419 4671 ParisiensiS.
1441 4642 1522 4651 —
1552 4608 1620 4669 In
1653 4606 1838 4688 cujus
1869 4607 2073 4669 nihilo
2104 4607 2317 4671 minus
2429 4623 2532 4665 ma
2562 4605 2854 4687 septima,
2890 4605 3263 4669 introductae
3293 4615 3442 4670 sunt
3476 4609 3923 4691 responsiones
3997 4633 4134 4671 nom-
4185 4631 4304 4680 xx,

821 4706 1037 4770 verbis
1078 4707 1392 4768 incertum
1432 4713 1541 4766 aut
1580 4712 1749 4767 certe
1790 4723 1917 4767 non
1956 4725 2181 4768 verum
2223 4715 2316 4769 est
2427 4702 2701 4778 Thomae,
2744 4704 2930 4779 Petri,
2971 4704 3288 4778 Richardi‚
3321 4705 3586 4782 Alberti,
3623 4708 3920 4784 Udalrici,
3951 4705 3998 4745 ¹²·
4021 4695 4126 4733 ⁴⁵⁰
4159 4701 4226 4738 θ’
4253 4710 4334 4798 ⁵7

546 4842 591 4883 p.
620 4829 773 4872 «εἰσιν.
823 4806 993 4888 quod
1032 4805 1140 4879 ait,
1172 4822 1427 4866 omnem
1473 4809 1716 4865 motum
1759 4803 2021 4866 localem
2062 4813 2319 4886 propter
2427 4802 2652 4882 AEgidii
2703 4811 2766 4864 et
2812 4804 3088 4866 Durandi
3127 4821 3138 4864 :
3173 4823 3314 4886 quae.
3365 4805 3551 4868 modo
3597 4825 3726 4869 non
3775 4818 3924 4871 sunt
4332 4809 4334 4812 ’

825 4904 1241 4986 indigentiam
1285 4922 1397 4966 seu
1442 4921 1519 4964 ex
1564 4901 1910 4982 indigentia
1949 4922 2105 4965 esse.
2142 4904 2318 4976 Quod

824 5011 885 5066 et
924 5002 1219 5065 Albertus
1262 5008 1325 5064 et
1366 5000 1474 5062 alii
1521 5000 1781 5082 quidam
1830 5010 2083 5082 negant,
2119 5023 2318 5084 quum

821 5111 885 5165 et
933 5102 1192 5184 quidam
1254 5107 1463 5162 motus
1512 5117 1589 5161 ex
1645 5098 1879 5172 laetitia,
1934 5100 2063 5162 imo
2120 5110 2184 5163 et
2241 5121 2318 5164 ex

821 5201 1093 5283 quadam
1148 5197 1563 5262 exuberantia
1608 5197 2049 5278 jucunditatiS‚
2104 5217 2320 5281 proce-

822 5300 971 5362 dere
1027 5298 1363 5361 videantur
1413 5315 1427 5360 :
1481 5296 1650 5378 quod
1704 5303 1768 5358 et
1822 5295 1887 5358 in
1942 5297 2316 5379 corporibus

2427 4900 2805 4983 repetendae,
2857 4902 2968 4964 sed
3023 4902 3294 4964 aliorum
3354 4906 3777 4985 quorumdam
3828 4927 3923 4970 re-

2427 4999 2799 5082 sponsiones
2842 5001 3150 5081 ponendae
3193 5008 3343 5062 sunt.
3382 5003 3588 5065 modo.
3623 5003 3924 5077 Quaestio-

2425 5117 2537 5160 nes
2587 5114 2840 5180 quoque
2893 5098 2970 5158 de
3029 5107 3206 5161 motu
3263 5099 3656 5180 angelorum,
3707 5104 3920 5166 statim

2426 5206 2568 5278 post
2621 5196 2758 5259 haec
2815 5198 3166 5259 secundum
3221 5199 3476 5261 eosdem
3535 5201 3921 5268 determina-

2425 5295 2684 5358 buntur.
