4334 6242
848 461 970 526 208

1519 479 1583 524 IN
1622 478 1845 524 LIBRUM
1887 479 1930 524 u
1972 475 2456 523 SENTENTIARUH.
2501 495 2582 505 —·
2624 478 2774 523 DIST.
2822 479 2929 540 1113
2973 478 3196 533 QUAEST.
3246 479 3287 524 ll

850 648 1259 711 accidentalis
1310 648 1683 732 proprietaS‚
1732 648 2033 730 quoniam
2082 645 2240 709 dicit
2286 645 2349 708 id
2381 646 2552 709 Atio
2594 665 2745 710 vero
2789 647 3201 710 individualis
3242 648 3368 711 duo
3411 647 3702 722 includit,
3739 646 3971 710 videli-

852 747 1022 828 quod
1079 755 1175 810 est
1234 747 1299 808 in
1356 765 1587 828 genere
1643 746 2013 820 accidentiS,
2064 752 2127 806 et
2180 744 2350 826 quod

852 853 1147 907 causatur
1184 845 1378 908 etiam
1423 844 1503 906 ab
1542 843 1981 907 accidentibus
2024 843 2191 905 sicut
2228 843 2354 905 dis-

853 944 1050 1007 cretio
1080 945 1445 1006 numeralis.
1480 945 1549 1006 ln
1580 945 1700 1007 hoc
1731 951 1945 1006 tamen
1984 941 2353 1005 differentia

850 1049 946 1103 est
980 1061 993 1105 :
1026 1043 1179 1124 quia
1226 1042 1525 1106 discretio
1573 1042 1921 1104 numeralis
1971 1047 2268 1103 causatur
2315 1058 2352 1101 a

850 1139 1213 1203 diversitate
1264 1141 1725 1223 proprietatum
1776 1140 1843 1202 in
1892 1139 2128 1222 quibus
2180 1149 2349 1201 com-

854 1239 1137 1301 municat
1185 1247 1470 1302 creatura
1527 1239 1851 1301 rationalis
1898 1257 2047 1300 cum
2107 1237 2350 1299 irratio-

851 1336 1015 1416 nali3
1057 1337 1355 1401 discretio
1394 1356 1545 1400 vero
1586 1337 1955 1419 personalis,
1990 1355 2026 1398 a
2066 1335 2347 1418 proprie-

850 1435 1087 1497 tatibus
1138 1436 1414 1518 propriis
1466 1445 1767 1498 creaturae
1827 1434 2135 1496 rationali.
2188 1433 2348 1495 Hinc

850 1533 1011 1594 dixit
1050 1534 1433 1617 Porphyrius
1480 1553 1493 1596 :
1535 1533 1943 1597 Individuum
1986 1539 2232 1594 constat
2271 1550 2348 1592 ex

853 1631 1346 1713 proprietatibus
1405 1650 1675 1714 quarum
1728 1631 2169 1694 collectionem
2231 1630 2347 1690 im-

850 1729 1155 1809 possibile
1203 1737 1300 1792 est
1350 1729 1413 1791 in
1464 1729 1661 1792 altero
1711 1729 2009 1811 reperire.
2056 1727 2174 1789 Sed
2227 1727 2347 1788 ista

2462 753 2580 818 cet,
2596 745 3060 820 indivisionem,
3075 754 3137 808 et
3166 753 3628 827 consequenter
3655 745 3968 807 distincti-

2461 862 2662 906 onem.
2681 845 2985 907 Indivisio
3016 854 3229 907 autem
3261 853 3353 908 est
3385 864 3461 908 ex
3493 844 3962 927 principiorum

2461 942 2975 1005 substantialium
3021 943 3402 1006 indivisione
3441 951 3504 1005 et
3543 942 3966 1025 appropriati-

2461 1057 2580 1102 one
2626 1057 2640 1101 :
2688 1041 2826 1122 ipsa
2868 1041 3110 1122 quippe
3159 1041 3250 1103 rei
3295 1041 3613 1124 principia
3661 1041 3817 1102 dum
3863 1040 3962 1101 in-

2461 1138 2670 1200 vicem
2702 1138 3201 1220 conjunguntur,
3236 1139 3651 1222 appropriant
3679 1158 3748 1200 se
3777 1146 3842 1200 et
3871 1139 3966 1200 in·

2460 1236 2795 1299 dividuum
2855 1236 3116 1299 faciunt.
3169 1238 3262 1300 Ad
3320 1238 3488 1319 quod
3546 1236 3964 1318 consequitur

2460 1353 2598 1396 esse
2640 1334 3009 1409 discretum,
3045 1335 3180 1398 sive
3224 1335 3600 1398 distinctum
3647 1335 3728 1397 ab
3775 1334 3960 1413 aliis;

2459 1441 2524 1494 et
2582 1432 2729 1495 inde
2787 1435 2990 1495 oritur
3049 1453 3380 1507 numeruS,
3441 1443 3505 1494 et
3563 1453 3675 1515 per
3733 1452 3962 1497 conse-

2459 1550 2662 1612 quens
2700 1531 3108 1595 accidentalis
3149 1532 3500 1614 proprietas
3537 1533 3962 1595 substantiam

2459 1647 2750 1711 sequens.
2787 1630 3017 1712 Sicque
3064 1630 3475 1693 individualis
3522 1631 3824 1693 discretio
3865 1631 3962 1692 di-

2459 1727 2547 1789 cit
2575 1728 2818 1810 aliquid
2856 1729 3267 1802 accidentale,
3301 1737 3364 1790 et
3392 1728 3634 1811 aliquid
3669 1729 3964 1791 substan-

850 1826 1069 1908 opinio
1098 1828 1321 1909 nequit
1352 1827 1603 1902 salvari,
1640 1847 1839 1909 quum
1874 1826 2204 1889 individua
2233 1824 2348 1887 dis·
2383 1825 2430 1888 B
2462 1826 2624 1888 tiale.
2645 1827 2834 1890 Porro
2865 1826 3215 1909 personalis
3245 1825 3544 1890 diseretio
3573 1845 3764 1909 super
3793 1827 3964 1890 hanc

850 1923 1055 1988 ferant
1084 1927 1436 1989 secundum
1477 1926 1919 1998 substantiam,
1954 1943 2081 1987 non
2121 1943 2344 1986 secun-

849 2024 1003 2086 dum
1037 2025 1451 2087 accidentalia
1479 2032 1746 2087 tantum.
1771 2024 2062 2104 Magister
2091 2041 2346 2104 quoque

851 2122 915 2183 in
976 2123 1183 2185 littera
1242 2122 1525 2205 loquitur
1584 2141 1599 2184 ε
1662 2123 1868 2185 Prima
1926 2121 2347 2184 consideratio

848 2221 1018 2282 circa
1064 2221 1362 2303 angelum
1404 2229 1500 2282 est
1542 2221 1620 2283 de
1664 2220 2017 2282 substantia
2065 2219 2226 2298 ejus.
2271 2218 2348 2280 Et

848 2317 968 2380 sub
1008 2318 1118 2380 illa
1156 2318 1659 2380 consideratione
1703 2316 2186 2398 comprehendit
2225 2315 2348 2377 dis-

849 2417 1195 2479 cretionem
1254 2416 1460 2496 angeli
1520 2416 1919 2498 personalem
1973 2434 1987 2478 :
2040 2414 2149 2476 illa
2197 2431 2346 2495 ergo

848 2524 944 2578 est
990 2514 1444 2578 substantialis.
1487 2550 1568 2560 —
1620 2515 1909 2577 Secunda
1956 2513 2176 2596 opinio
2225 2520 2354 2596 est,

846 2614 1018 2696 quod
1066 2613 1416 2697 personalis
1458 2613 1758 2676 discretio
1801 2612 1956 2674 dicit
1998 2610 2346 2693 proprieta-

846 2720 976 2774 tem
1019 2710 1497 2785 accidentalem,
1531 2730 1673 2792 quae
1712 2717 1925 2772 tamen
1964 2728 2091 2773 non
2131 2709 2213 2772 ab
2248 2727 2348 2771 ac-

848 2809 1209 2873 cidentibus
1256 2811 1365 2872 sed
1405 2829 1441 2871 a
1480 2807 2007 2872 substantialibus
2049 2814 2347 2871 causatur

852 2908 1183 2990 principiis
1219 2926 1232 2970 :
1268 2908 1805 2990 quemadmodum
1840 2908 2048 2969 unitas
2078 2927 2221 2988 quae
2250 2914 2345 2968 est

2457 1924 2633 1986 addit
2691 1925 3062 2004 dignitatem
3123 1925 3608 2007 personalitatis.
3656 1925 3806 1998 Quae
3863 1925 3962 1988 di-

2457 2021 2662 2101 gnitas
2722 2023 2849 2085 duo
2905 2023 3082 2098 dicit,
3133 2023 3432 2085 videlicet
3483 2043 3498 2087 ε
3555 2023 3960 2086 nobilitatem

2458 2128 2698 2184 naturae
2739 2121 3084 2194 rationalis,
3118 2141 3259 2203 quae
3293 2122 3588 2203 estquod
3629 2123 3960 2185 rationalis

2458 2226 2681 2280 natura
2725 2219 2889 2280 inter
2933 2227 3141 2281 creata
3185 2226 3354 2281 tenet
3401 2220 3769 2301 primatum,
3815 2239 3962 2302 pro-

2456 2326 2598 2399 pter
2637 2318 2805 2399 quod
2849 2335 2975 2380 non
3013 2327 3110 2380 est
3147 2319 3520 2382 ordinabilis
3563 2321 3640 2383 ad
3681 2320 3960 2384 formam

2458 2417 2920 2499 perfectiorem.
2967 2418 3114 2490 Quae
3163 2417 3462 2480 nobilitas
3505 2420 3798 2501 quamvis
3843 2440 3963 2502 per

2458 2515 2718 2578 modum
2763 2515 3088 2598 qualitatis
3139 2516 3550 2598 intelligatur,
3592 2518 3798 2581 nihilo
3841 2519 3962 2581 mi-

2455 2632 2578 2675 nus
2607 2613 2897 2676 rationali
2930 2622 3231 2677 creaturae
3262 2623 3359 2677 est
3387 2615 3764 2679 essentialis.
3788 2617 3962 2681 Dicit

2456 2729 2710 2794 quoque
2759 2712 3056 2775 nobilitas
3107 2713 3216 2775 illa
3272 2713 3684 2777 eminentiam
3743 2725 3960 2779 actua-

2458 2810 2606 2884 lem,
2641 2810 2727 2872 ita
2756 2811 2926 2892 quod
2959 2811 3025 2873 in
3055 2812 3384 2894 supposito
3414 2813 3590 2875 nulla
3619 2814 3702 2875 sit
3733 2823 3961 2877 natura

2455 2915 2587 2970 tam
2619 2907 2991 2990 principalis
3022 2918 3091 2972 ut
3122 2910 3466 2972 rationalis,
3489 2947 3572 2956 —
3598 2910 3960 2975 Dicendum

847 3006 1241 3089 principium
1298 3006 1572 3080 numeri,
1622 3014 1718 3068 est
1768 3005 1834 3067 in
1891 3024 2121 3086 genere
2179 3005 2344 3068 acci·
2383 3014 2426 3076 C
2457 3026 2626 3089 erge,
2659 3007 2828 3089 quod
2871 3007 3037 3068 sicut
3076 3006 3486 3070 individualis
3524 3007 3824 3072 discretio
3859 3019 3963 3072 est

846 3105 1075 3179 dentis,
1108 3112 1320 3167 tamen
1364 3124 1401 3166 a
1443 3103 1798 3167 substantia
1840 3104 2206 3166 immediate
2248 3122 2346 3167 ac-

846 3203 1003 3285 cipit
1041 3210 1272 3266 ortum.
1306 3203 1541 3265 Verum
1582 3211 1709 3265 tam
1755 3203 1906 3264 huic
1948 3220 2140 3283 quam
2187 3221 2342 3284 prae-

847 3301 1093 3364 cedenti
1145 3300 1430 3382 opinioni
1479 3300 1803 3382 objicitur,
1857 3301 2027 3383 quod
2076 3317 2345 3382 persona

845 3418 974 3462 non
1016 3407 1112 3462 est
1152 3399 1329 3461 aliud
1370 3418 1562 3481 quam
1614 3398 1943 3461 individua
1990 3397 2344 3461 substantia

845 3506 1085 3560 naturae
1132 3497 1497 3576 rationalis3
1549 3496 1878 3559 individua
1928 3504 2143 3559 autem
2195 3497 2342 3558 sub-

846 3597 1077 3658 stantia
1131 3595 1455 3658 rationalis
1516 3601 1777 3668 naturae,
1824 3602 1920 3656 est
1977 3595 2216 3657 directe
2275 3595 2342 3657 in

845 3695 1336 3776 praedicamento
1370 3693 1761 3767 substantiae,
1796 3711 1923 3755 non
1964 3694 2289 3755 reductive
2323 3713 2338 3758 t

843 3811 973 3856 non
1003 3810 1153 3874 ergo
1186 3799 1283 3854 est
1311 3792 1553 3874 aliquid
1584 3791 1990 3853 accidentale.
2012 3792 2338 3867 Praeterea,

844 3891 1093 3954 nullum
1136 3889 1431 3953 accidens
1470 3896 1567 3952 est
1598 3888 1721 3950 nisi
1758 3889 1822 3950 in
1864 3888 2218 3952 substantia
2251 3891 2343 3953 in-

842 3989 1306 4069 dividua:ergo
1336 3986 1845 4050 individuitatem
1878 3987 2168 4050 essentiae
2200 4007 2344 4051 con-

844 4088 1134 4170 sequitur
1178 4087 1474 4149 accidens
1520 4093 1646 4148 tam
1699 4085 1764 4146 in
1814 4085 2100 4147 rationali
2148 4105 2340 4167 quam

2456 3105 2828 3168 exsistentia
2857 3103 3077 3166 formae
3106 3104 3413 3166 naturalis
3445 3104 3509 3166 in
3541 3106 3828 3180 materia,
3861 3108 3958 3169 sic

2458 3203 2808 3287 personalis
2848 3202 3148 3265 discretio
3179 3211 3276 3264 est
3305 3203 3673 3266 exsistentia
3715 3212 3958 3269 naturae

2459 3301 2906 3363 intellectualis
2963 3319 3036 3362 ac
3087 3301 3622 3382 supereminentis
3679 3302 3746 3364 in
3808 3322 3960 3385 sup-

2459 3401 2666 3482 posito
2731 3416 2744 3462 :
2810 3398 3103 3480 quamvis
3171 3398 3510 3480 utrobique
3577 3400 3961 3483 importetur

2458 3497 2612 3579 quid
2644 3496 3074 3570 substantiale,
3103 3504 3166 3558 et
3198 3496 3350 3559 item
3381 3497 3535 3578 quid
3564 3498 3958 3562 accidentale

2456 3596 2628 3679 quod
2658 3595 3071 3676 consequitur
3099 3593 3370 3657 formam
3413 3594 3479 3657 in
3519 3595 3804 3672 materia,
3841 3615 3958 3659 seu

2456 3703 2747 3757 naturam
2805 3693 2870 3755 in
2921 3692 3269 3776 supposito.
3317 3729 3397 3740 —
3437 3695 3580 3758 Haec
3629 3694 3960 3758 Bonaven-

2456 3799 2616 3853 tura.

2536 3889 2652 3962 Qui
2684 3890 2894 3951 denuo
2933 3889 3180 3970 quaerit,
3217 3889 3437 3951 Utrum
3473 3888 3772 3952 discretio
3811 3909 3957 3972 per-

2456 3988 2690 4050 sonalis
2739 4005 2852 4050 seu
2906 3987 3326 4049 individuatio
3367 3987 3451 4049 sit
3490 4006 3567 4049 ex
3610 3996 3786 4069 parte
3832 3988 3962 4051 for-

2456 4105 2576 4148 mae
2625 4086 2726 4148 vel
2787 4084 3088 4160 materiae,
3139 4103 3254 4149 seu
3309 4085 3614 4168 principii
3666 4085 3958 4151 formalis

846 4187 911 4248 in
944 4185 1290 4248 irrationali
1331 4191 1574 4246 natura.
1612 4184 1774 4264 Ergo
1805 4183 2131 4266 prioritate
2161 4192 2344 4246 natu-
2374 4191 2424 4254 D
2454 4191 2562 4245 aut
2611 4184 2975 4246 materialis.
3020 4184 3378 4266 Respondet
3423 4202 3440 4246 ι
3486 4184 3574 4247 De
3621 4185 3740 4247 hac
3786 4204 3962 4267 quae-

846 4302 929 4347 rae
966 4290 1064 4346 est
1106 4283 1461 4345 substantia
1506 4282 1835 4344 individua
1878 4300 2068 4362 quam
2115 4282 2345 4344 habeat

844 4381 1159 4444 accidens,

924 4479 1131 4540 Tertia
1189 4495 1339 4558 ergo
1386 4477 1608 4558 opinio
1655 4484 1772 4550 est,
1824 4478 1993 4559 quod
2042 4478 2342 4541 discretio

846 4576 1195 4660 personalis
1246 4576 1363 4638 etsi
1414 4575 1704 4638 videatur
1751 4575 1962 4637 dicere
2020 4576 2339 4651 accidens,

844 4693 919 4738 eo
948 4675 1119 4758 quod
1150 4675 1317 4736 dicat
1348 4693 1461 4757 per
1491 4673 1751 4735 modum
1781 4672 2152 4748 accidentis,
2179 4676 2344 4755 prin-

844 4775 1135 4858 cipaliter
1163 4780 1375 4835 tamen
1415 4772 1572 4834 dicit
1602 4771 1755 4853 quid
1796 4771 2242 4852 substantiale3
2280 4783 2342 4836 et

843 4873 893 4934 si
932 4873 1148 4954 aliquo
1189 4871 1377 4934 modo
1416 4870 1715 4952 importat
1745 4869 2061 4944 accidens,
2095 4870 2216 4933 hoc
2248 4879 2342 4934 est

842 4978 1325 5054 consequenter,
1367 4975 1429 5031 et
1472 4969 1631 5030 illud
1676 4975 1886 5030 tamen
1926 4987 1963 5030 a
2006 4969 2342 5051 principiis

841 5068 1369 5133 substantialibus
1428 5074 1638 5129 ortum
1700 5065 1892 5128 habet
1951 5067 2336 5130 immediate.

839 5169 1017 5243 Quod
1060 5174 1232 5252 patet
1272 5167 1383 5228 sic.
1420 5165 1729 5228 Discretio
1773 5166 2124 5246 personalis
2168 5167 2344 5229 addit

839 5285 1033 5350 super
1061 5265 1538 5329 distinctionem
1580 5263 2056 5326 individualem.
2095 5265 2338 5327 Discre-

2455 4282 2662 4344 stione
2721 4282 2845 4345 fuit
2905 4283 3227 4344 contentio
3289 4283 3455 4346 inter
3514 4283 3953 4366 philosophos.

2454 4381 2719 4453 Quidam
2770 4399 3046 4462 namque
3098 4380 3442 4443 innitentes
3492 4381 3703 4444 verbis
3748 4382 3960 4445 Philo·

2454 4479 2660 4560 sophi,
2713 4479 3012 4542 dixerunt
3070 4480 3236 4561 quod
3300 4480 3720 4544 individuatio
3775 4482 3959 4544 venit

2452 4597 2489 4639 a
2521 4578 2804 4652 materia,
2833 4578 2983 4659 quia
3013 4577 3416 4640 individuum
3449 4598 3641 4661 supra
3671 4581 3958 4663 speciem

2455 4695 2581 4738 non
2623 4677 2798 4739 addit
2839 4676 2965 4738 nisi
3017 4677 3367 4738 materiam.
3411 4677 3586 4750 Quod
3627 4679 3954 4754 dixerunt,

2454 4776 2605 4857 quia
2638 4783 2974 4838 senserunt
3007 4775 3390 4840 universalia
3425 4794 3552 4838 non
3584 4776 3794 4840 dicere
3826 4779 3957 4841 nisi

2454 4873 2710 4947 forma5‚
2763 4882 2825 4935 ct
2885 4881 3036 4936 tunc
3095 4874 3304 4955 primo
3363 4875 3533 4956 tangi
3595 4876 3954 4952 materiam,

2455 4972 2707 5053 quando
2754 4972 2835 5034 ad
2882 4972 3003 5034 hoc
3051 4971 3294 5054 aliquid
3354 4973 3741 5054 pervenitur.
3792 4975 3958 5038 Aliis

2453 5069 2665 5131 visum
2708 5077 2825 5142 est,
2859 5070 3028 5150 quod
3074 5069 3496 5134 individuatio
3536 5072 3713 5134 venit
3751 5092 3790 5134 a
3829 5071 3960 5136 for-

2456 5187 2578 5241 ma,
2613 5169 2700 5230 ita
2738 5169 2908 5249 quod
2949 5168 3115 5230 ultra
3158 5167 3430 5232 formam
3469 5169 3706 5252 speciei
3751 5171 3960 5253 speci-

2453 5267 2751 5329 alissimae
2801 5275 2898 5330 est
2939 5266 3144 5330 forma
3191 5267 3620 5332 individualis,
3665 5269 3741 5331 Et
3778 5272 3957 5353 quod
