4334 6242
1121 526 1275 574 msr.
1322 526 1384 572 1x
1427 525 1676 588 smA3
1721 525 1944 580 Quffis‘r.
1989 525 2009 570 1
2052 523 2066 569 :
2112 524 2257 581 omn
2300 524 2393 570 srr
2430 523 2811 572 manascunt
3400 500 3521 568 469

419 701 795 765 sanctorum
851 702 1201 766 hominum
1267 704 1381 766 aut
1447 700 1942 764 immundorum
2004 700 2396 768 daemonum.
2440 702 2774 782 novimus,
2832 703 2903 764 in
2960 697 3243 783 quorum
3297 698 3518 762 locum

417 818 838 882 succedentes
893 819 1014 882 filii
1071 819 1409 881 catholicae
1458 817 1710 896 matriS,
1752 833 1898 897 quae
1955 816 2199 879 sterilis
2247 817 2599 898 apparebat
2638 818 2706 880 in
2744 819 2957 892 terris,
3000 818 3069 879 in
3116 835 3192 879 ea
3236 833 3395 897 pace
3436 815 3516 877 de
3563 829 3627 874 ιι.
3652 844 3732 884 m,
3754 835 3790 876 ι.

417 951 546 1014 qua
595 934 696 997 illi
734 909 1129 1013 ceciderunt,
1180 935 1321 998 sine
1359 934 1494 996 ullo
1542 933 1860 1013 temporis
1907 933 2189 995 termino
2228 934 2723 1013 permanebunt.
2776 935 2905 998 Sed
2954 934 3219 997 illorum
3269 932 3515 996 civium

414 1067 754 1130 numeruS,
804 1052 944 1115 sive
992 1052 1107 1132 qui
1147 1052 1266 1131 est,
1307 1051 1448 1114 sive
1498 1049 1612 1130 qui
1661 1049 1810 1126 fuit,
1851 1049 1991 1111 sive
2042 1049 2156 1128 qui
2206 1049 2468 1112 futurus
2506 1051 2625 1130 est,
2666 1051 2737 1113 in
2773 1050 3320 1132 contemplatione
3372 1047 3516 1128 ejus

415 1165 686 1229 artificis
722 1169 843 1247 est,
877 1168 991 1247 qui
1022 1167 1214 1230 vocat
1242 1185 1318 1230 ea
1355 1184 1502 1247 quae
1533 1183 1665 1228 non
1693 1166 1849 1228 sunt
1879 1165 2189 1245 tanquam
2231 1183 2305 1228 ea
2342 1183 2489 1245 quae
2527 1168 2701 1229 sunt.
2742 1203 2831 1212 --
2867 1167 3034 1230 Ecce
3072 1166 3291 1246 aperte
3328 1164 3511 1244 dicit,
3542 1180 3805 1234 Romam-1.

413 1299 545 1344 non
591 1283 814 1346 minus
860 1284 942 1348 de
986 1283 1370 1348 hominibus
1407 1281 1646 1346 salvari
1692 1298 1890 1362 quam
1931 1281 2178 1344 corruit
2216 1281 2297 1344 de
2335 1281 2607 1362 angeliS,
2648 1284 2763 1347 sed
2800 1283 2951 1365 plus
2996 1299 3128 1344 non
3165 1281 3418 1346 asserit.

982 1567 1342 1631 SUMMA

706 1729 1313 1788 DISTINCTIONIS
1370 1731 1610 1788 NONAE

463 2005 465 2007 ’
559 1985 632 2049 IC
672 1992 895 2048 tractat
941 1985 1234 2066 Magister
1277 1984 1639 2067 specialiter
1681 1985 1758 2047 de
1800 2003 1906 2046 an-

573 2084 735 2167 gelis
783 2084 1040 2156 sanctiS,
1082 2091 1389 2165 quantum
1437 2083 1514 2145 ad
1564 2101 1906 2145 numerum

405 2187 705 2249 ordinum
757 2189 820 2244 et
863 2180 1364 2244 hierarchiarum
1403 2199 1417 2243 z
1453 2181 1660 2262 primo
1702 2189 1908 2243 osten·-

404 2285 562 2347 dens
593 2283 748 2366 quid
777 2280 1027 2343 dicatur
1054 2278 1161 2341 hic
1191 2279 1376 2356 ord03
1408 2279 1708 2352 secundo,
1737 2279 1906 2361 quod

404 2400 636 2444 novem
697 2386 846 2441 sunt
900 2376 1155 2440 ordines
1209 2377 1634 2458 angelorum3
1695 2377 1903 2450 terti0,

403 2479 680 2562 qualiter
709 2478 874 2539 inter
902 2494 970 2537 se
998 2475 1500 2554 distinguantur3
1524 2482 1768 2556 quarto,
1794 2494 1908 2536 cur

404 2578 668 2640 nomina
699 2576 818 2638 ista
845 2574 939 2636 eis
970 2573 1270 2655 imposita
1300 2573 1445 2634 sint.
1473 2572 1708 2634 Deinde
1739 2573 1907 2635 circa

1933 1489 1985 1553 A
2017 1491 2112 1554 bit
2167 1501 2688 1574 argumentorum
2746 1513 2887 1576 quae
2942 1494 3049 1556 hic
3104 1492 3251 1555 fieri
3309 1492 3515 1555 solent

2016 1589 2267 1653 solutio.

2095 1687 2289 1751 Multa
2318 1707 2571 1772 quoque
2609 1708 2829 1753 eorum
2862 1709 3003 1772 quae
3041 1690 3109 1752 in
3142 1690 3262 1752 hac
3291 1688 3513 1752 distin-

2015 1785 2225 1848 ctione
2256 1793 2621 1868 tanguntur,
2644 1789 2941 1871 expedita
2969 1796 3118 1852 sunt
3146 1795 3313 1862 ante,
3335 1787 3509 1850 vide-

2016 1883 2164 1946 licet
2200 1903 2213 1946 ε
2246 1905 2327 1947 an
2372 1886 2625 1948 ordines
2669 1886 3038 1968 angelorum
3082 1907 3120 1950 a
3162 1906 3293 1950 suae
3339 1905 3509 1949 crea·
3564 1919 3607 1960 p.
3634 1905 3767 1950 ηδε.

2015 1983 2207 2046 tionis
2253 1985 2511 2047 exordio
2555 1983 2794 2047 fuerint
2840 1986 3146 2058 distincti,
3178 1993 3243 2048 et
3291 1993 3505 2048 utrum
3548 2005 3791 2058 anem.

2016 2099 2239 2144 omnes
2282 2083 2489 2164 angeli
2531 2083 2819 2164 ejusdem
2864 2085 2993 2146 sint
3034 2084 3294 2146 ordinis.

2095 2280 2312 2360 Itaque
2361 2279 2631 2341 Thomas
2679 2280 2785 2343 hic
2836 2281 3059 2344 scribit
3096 2299 3111 2344 :
3148 2281 3513 2345 Hierarchia

2017 2378 2252 2439 dicitur
2299 2378 2480 2460 quasi
2538 2397 2717 2441 sacer
2774 2379 3192 2462 principatus,
3245 2400 3283 2444 a
3340 2388 3507 2466 ἱερόν,

2018 2477 2187 2558 quod
2230 2484 2326 2538 est
2360 2495 2635 2552 sacrum,
2668 2486 2733 2540 et
2772 2478 2961 2564 ἁρχός,
2996 2480 3165 2561 quod
3204 2487 3301 2542 est
3337 2480 3511 2562 prin-

2021 2593 2189 2656 ceps,
2238 2575 2306 2636 In
2350 2575 2527 2637 omni
2568 2583 2781 2638 autem
2833 2577 3195 2660 principatu
3244 2578 3512 2660 requiri-

403 2676 538 2738 haec
569 2680 783 2736 movet
821 2680 949 2734 tres
989 2670 1390 2752 quaestiones.
1426 2670 1624 2732 Unam
1664 2689 1739 2732 ex
1771 2690 1906 2733 ver-
1943 2671 1990 2732 B
2019 2679 2124 2733 tur
2172 2673 2404 2753 gradus
2457 2675 2786 2770 potestatis
2837 2694 2911 2737 ac
2964 2693 3281 2757 congruus
3331 2676 3505 2740 finis.

402 2773 502 2836 bis
541 2769 903 2851 Augustini,
937 2777 1008 2830 ut
1052 2775 1222 2850 patet
1272 2768 1336 2847 in
1385 2774 1580 2831 textu.
1617 2768 1905 2831 Secunda

401 2879 519 2945 est,
552 2891 633 2933 an
666 2869 919 2932 ordines
949 2866 1029 2928 ab
1071 2866 1254 2928 initio
1285 2885 1414 2928 suae
1451 2867 1786 2929 creationis
1819 2868 1906 2929 ita

399 2968 686 3031 distincti
731 2966 988 3029 fuerint.
1024 2964 1252 3036 Tertia,
1295 2983 1376 3026 an
1424 2982 1645 3027 omnes
1694 2964 1902 3045 angeli

397 3066 692 3148 ejusdem
731 3065 860 3127 sint
899 3062 1160 3126 ordinis.
1197 3062 1670 3144 Consequenter
1698 3063 1902 3126 decla-

397 3172 515 3238 rat,
549 3181 680 3246 quo
721 3181 911 3226 sensu
954 3161 1202 3223 dicatur
1244 3179 1382 3222 esse
1424 3161 1578 3223 ordo
1616 3162 1903 3224 decimus

397 3263 792 3344 angelorum.
827 3261 1150 3323 Postremo
1190 3259 1568 3321 determinat
1599 3261 1766 3341 quod
1796 3261 1904 3324 ho-

399 3361 608 3423 mines
631 3366 801 3442 'post
839 3359 1003 3421 hanc
1041 3357 1238 3420 vitam
1278 3356 1354 3418 ad
1399 3358 1766 3438 angelorum
1802 3377 1901 3421 or-

397 3459 580 3522 dines
633 3457 1066 3520 assumuntur.
1118 3454 1424 3528 Quocirca
1478 3455 1766 3537 inquirit,
1817 3475 1900 3519 an

395 3563 807 3620 assumentur
847 3555 1028 3637 juxta
1065 3571 1405 3615 numerum
1452 3555 1754 3617 stantium
1795 3575 1900 3618 an-

395 3655 710 3738 gelorum,
756 3673 836 3716 an
883 3654 1223 3734 lapsorum.

711 3977 1192 4053 QUAESTIO
1250 3977 1580 4041 PRIMA

543 4246 606 4307 Ic
652 4243 959 4325 quaeritur
1001 4241 1231 4323 prime,
1277 4241 1482 4318 Qum
1524 4243 1634 4307 s1t
1677 4241 1887 4336 hier-

569 4340 868 4410 archia.

469 4442 545 4503 Et
572 4439 756 4523 juxta
785 4437 1075 4499 divinum
1108 4437 1501 4520 Dionysium,
1535 4437 1769 4500 dicitur
1795 4457 1889 4500 es-

387 4559 452 4602 se
501 4557 681 4602 sacer
730 4535 1144 4619 principatus.
1189 4535 1305 4599 Cui
1353 4535 1675 4618 objicitur,
1716 4538 1886 4618 quod

385 4637 782 4720 principatus
823 4642 920 4698 est
959 4654 1125 4696 unus
1155 4653 1226 4696 ac
1267 4635 1561 4717 specialis
1594 4636 1748 4698 ordo
1776 4655 1883 4697 an-

381 4736 646 4819 gelicuS,
700 4735 832 4796 imo
881 4740 944 4796 et
994 4752 1139 4815 pars
1193 4733 1434 4796 infimae
1488 4733 1879 4809 hierarchiae,

381 4835 546 4897 sicut
605 4831 867 4914 patebit.
925 4831 1072 4893 Pars
1129 4839 1342 4892 autem
1395 4849 1519 4893 non
1582 4832 1880 4912 praedica-

381 4940 484 4995 tur
541 4931 622 4994 de
680 4938 840 5003 t0t0,
901 4928 1126 4991 saltem
1187 4947 1332 5010 pars
1392 4928 1740 5010 integralis,
1800 4965 1880 4976 -—

2017 2771 2177 2833 Hinc
2212 2771 2378 2833 sicut
2412 2771 2478 2833 in
2513 2772 2875 2855 principatu
2910 2773 3195 2836 saeculari
3228 2774 3381 2837 finis
3414 2784 3511 2838 est

2014 2876 2085 2931 ut
2119 2868 2409 2950 subjecta
2447 2870 2789 2934 multitudo
2828 2871 3099 2953 pacifice
3138 2872 3512 2954 disponatur

2013 2967 2090 3028 ad
2160 2966 2400 3029 bonum
2456 2968 2772 3030 intentum
2834 2988 2871 3031 a
2925 2970 3239 3052 principe,
3290 2971 3384 3034 sic
3441 2971 3507 3034 in

2013 3081 2191 3128 sacro
2236 3065 2683 3149 spiritualique
2727 3067 3089 3150 principatu
3135 3069 3507 3132 assimilatio

2011 3164 2089 3225 ad
2132 3164 2331 3226 Deum
2372 3173 2469 3226 est
2501 3163 2681 3228 finis.
2716 3165 2913 3239 Quem
2953 3165 3162 3246 angeli
3201 3167 3505 3249 consequi

2011 3268 2339 3343 nequeunt
2398 3262 2692 3345 nisi-per
2748 3263 3099 3325 ordinatam
3163 3265 3500 3339 actionem,

2009 3359 2087 3420 ad
2130 3378 2320 3440 quam
2360 3359 2634 3441 exigitur
2670 3360 2958 3422 ordinata
2997 3369 3272 3442 potestas
3315 3370 3504 3444 atque

2010 3457 2278 3519 scientia
2337 3457 2639 3539 dirigens.
2700 3459 2942 3522 Idcirco
3002 3460 3067 3522 in
3128 3460 3504 3524 definitione

2007 3555 2381 3618 hierarchiae
2429 3556 2689 3638 ponitur
2738 3558 2913 3630 ordo,
2966 3559 3032 3620 in
3090 3576 3217 3640 quo
3271 3560 3503 3640 gradus

2007 3653 2392 3735 exprimitur
2432 3655 2782 3736 potestatiS,
2828 3655 3095 3718 scientia
3136 3675 3390 3739 quoque
3434 3665 3503 3719 ut

2006 3752 2308 3833 dirigenS,
2343 3761 2406 3814 et
2446 3753 2611 3816 actio
2655 3760 2955 3836 tanquam
2998 3755 3075 3817 ad
3118 3754 3319 3817 finem
3364 3775 3503 3838 per-

1930 3848 1973 3910 C
2005 3850 2267 3925 ducens,
2312 3869 2385 3912 ac
2430 3851 2539 3913 Dei
2589 3849 2944 3914 similitudo
2986 3860 3055 3914 ut
3096 3853 3249 3916 finis
3293 3853 3499 3917 inten-

2003 3954 2120 4009 tus,
2159 3948 2265 4010 Ait
2303 3949 2543 4030 quippe
2578 3949 2763 4011 tertio
2803 3949 3089 4012 Coelestis
3127 3951 3498 4016 hierarchiae

2003 4045 2283 4126 capitulo
2342 4047 2598 4108 divinus
2649 4055 2713 4109 et
2764 4066 3031 4128 magnus
3089 4049 3423 4132 Dionysius
3476 4069 3491 4113 ε

2000 4143 2363 4206 Hierarchia
2400 4152 2495 4206 est
2534 4143 2789 4206 divinus
2828 4146 2983 4208 ordo
3020 4153 3083 4208 et
3122 4147 3387 4210 scientia
3429 4156 3494 4210 et

1998 4241 2185 4316 actio,
2219 4243 2548 4316 deiforme,
2583 4252 2891 4325 quantum
2926 4245 3230 4326 possibile
3263 4253 3380 4320 est,
3414 4246 3493 4309 si-

1999 4340 2230 4402 milans
2274 4359 2385 4402 seu
2425 4340 2704 4415 imitanS,
2738 4349 2798 4403 et
2839 4342 2917 4403 ad
2963 4343 3192 4405 inditas
3235 4343 3291 4405 ei
3334 4343 3491 4406 divi-

1996 4439 2168 4500 nitus
2214 4437 2713 4522 illuminationes
2761 4441 3385 4522 proportionabiliter
3421 4443 3488 4505 in

1996 4538 2105 4600 Dei
2151 4537 2639 4600 similitudinem
2686 4540 3135 4602 conscendens,

2075 4638 2261 4700 Porro
2325 4637 2479 4699 alibi
2542 4638 2697 4700 dicit
2758 4639 3196 4702 :Hierarchia
3256 4648 3351 4703 est
3405 4642 3481 4704 ad
3533 4663 3776 4708 necoeiest.

1993 4736 2216 4808 Deum,
2268 4743 2577 4817 quantum
2637 4736 2941 4818 possibile
2991 4745 3108 4812 est,
3158 4739 3369 4802 unitas
3421 4749 3485 4802 et
3511 4729 3777 4836 gff‘fflffss

1991 4835 2366 4897 similitudo.
2402 4835 2574 4898 Finis
2612 4854 2887 4917 namque
2928 4843 3021 4898 est
3052 4855 3243 4900 causa
3271 4857 3484 4901 causa·
3510 4854 3620 4898 hier.
3640 4867 3678 4898 ο.
3700 4868 3743 4898 ιι.

1991 4951 2132 4994 rum
2170 4951 2185 4994 :
2221 4933 2363 4996 ideo
2402 4932 2695 4996 definitio
2733 4942 2988 5016 sumpta
3026 4954 3103 4997 ex
3131 4935 3287 5010 fine,
3322 4942 3483 5000 cete-

385 5032 503 5094 Sed
565 5037 906 5111 antequam
968 5026 1478 5108 multiplicentur
1534 5027 1639 5088 hic
1696 5046 1878 5108 argu·
1908 5032 1958 5093 D
1993 5031 2078 5093 ris
2120 5039 2322 5093 exstat
2365 5031 2712 5104 formalior,
2744 5041 2967 5115 estque
3009 5034 3289 5096 medium
3327 5031 3482 5098 alias

387 5135 622 5201 menta,
673 5126 980 5208 ponendae
1027 5132 1089 5186 et
1142 5124 1532 5206 exponendae
1579 5133 1728 5186 sunt
1778 5127 1882 5188 hic

387 5225 850 5308 descriptiones
913 5223 1302 5286 hierarchiae.
1365 5223 1456 5284 Ex
1518 5223 1884 5286 declaratio—

392 5344 470 5389 ne
514 5332 729 5387 autem
772 5320 1222 5385 definitionum
1250 5321 1652 5403 hierarchiae,
1691 5324 1884 5386 clare-

1992 5127 2399 5191 definitiones
2430 5130 2887 5194 demonstrans.
2918 5132 3077 5194 Hinc
3117 5131 3225 5194 illa
3254 5134 3483 5196 descri-

1994 5225 2148 5307 ptio,
2205 5227 2563 5290 Hierarchia
2622 5237 2717 5291 est
2762 5230 2839 5291 ad
2895 5231 3092 5292 Deum
3150 5232 3358 5294 unitas
3418 5241 3483 5295 et

1995 5325 2370 5400 similitudo,
2403 5334 2497 5388 est
2528 5327 2700 5390 velut
2734 5327 3027 5392 definitio
3057 5349 3198 5413 quae
3226 5338 3322 5394 est
3352 5349 3480 5394 me-
