4334 6242
850 502 970 566 116

1542 525 1606 571 m
1646 526 1867 572 LIBRUM
1910 526 1953 571 11
1995 525 2477 571 SENTENTIARUM.
2524 542 2605 553 --
2645 526 2798 571 DIST.
2847 526 2906 587 13
2950 525 3174 580 QUAEST.
3219 525 3260 569 X

851 710 973 766 reS‚
1024 693 1205 774 quasi
1259 695 1705 757 essentialibus
1765 695 2147 757 differentiis
2204 713 2346 777 pro·
2377 696 2429 757 A
2539 694 2781 768 Quibus
2821 703 3122 757 consonat
3152 694 3320 776 quod
3362 692 3530 755 idem
3565 690 3848 754 affirmat
3889 691 3958 753 in

851 790 1241 873 pinquioreS.

930 889 1137 963 Quum
1185 910 1334 972 ergo
1392 893 1786 974 simplicium
1844 892 2341 955 substantiarum

849 985 1214 1051 differentia
1245 989 1309 1051 in
1340 991 1553 1071 specie
1584 992 1667 1052 sit
1693 991 2045 1053 secundum
2078 991 2345 1070 gradum

848 1086 1229 1149 actualitatis
1259 1096 1323 1149 et
1352 1089 1830 1170 potentialitatis
1872 1090 1936 1151 in
1968 1090 2084 1163 eis,
2117 1108 2196 1150 ex
2227 1090 2348 1150 hoc

848 1183 1061 1245 anima
1108 1186 1431 1249 rationalis
1480 1186 1699 1249 differt
1739 1186 1819 1248 ab
1868 1187 2132 1268 angelis,
2176 1186 2346 1269 quod

850 1280 1151 1345 ultimum
1213 1284 1481 1364 gradum
1544 1282 1608 1346 in
1673 1285 2115 1366 spiritualibus
2175 1291 2348 1347 tenet

848 1379 1242 1455 substantiiS,
1277 1382 1444 1444 sicut
1486 1384 1748 1445 materia
1790 1384 1999 1465 prima
2043 1384 2108 1444 in
2152 1383 2348 1444 sensi-

848 1476 1086 1541 bilibus
1135 1479 1348 1554 rebuS,
1392 1488 1463 1542 ut
1511 1482 1697 1543 'tertio
1747 1482 1825 1543 de
1868 1482 2097 1544 Anima
2143 1480 2345 1562 loqui-

845 1583 951 1638 tur
982 1577 1468 1641 Commentator.
1504 1580 1839 1661 Quumque
1880 1579 2232 1661 plurimum
2269 1579 2346 1640 de

847 1675 1306 1756 potentialitate
1354 1676 1604 1751 habeat,
1656 1684 1785 1739 tam
1846 1677 2206 1759 propinqua
2251 1682 2348 1739 est

847 1773 1285 1836 materialibus
1326 1774 1539 1849 rebus,
1576 1783 1645 1836 ut
1689 1794 1919 1857 corpus
1964 1794 2105 1838 eam
2146 1775 2346 1857 possit

2457 809 2573 854 suo
2602 800 2869 855 tractatu
2901 793 2978 855 de
3011 793 3162 854 Esse
3193 800 3256 853 et
3285 790 3561 854 essentia
3595 810 3609 853 :
3644 789 3960 863 Quoniam

2457 891 2812 972 (inquiens)
2845 892 2907 953 in
2952 890 3389 971 intelligentiis
3424 896 3750 971 ponuntur
3776 896 3963 949 actus

2458 997 2520 1050 et
2568 990 2870 1071 potentia,
2924 1007 3050 1051 non
3108 989 3228 1050 erit
3283 987 3552 1050 difficile
3609 985 3968 1048 multitudi-

2458 1106 2606 1149 nem
2651 1096 2713 1149 et
2759 1087 3047 1150 ordinem
3098 1086 3663 1167 intelligentiarum
3715 1084 3966 1147 inveni-

2458 1203 2524 1247 re
2560 1203 2574 1248 :
2609 1186 2777 1266 quod
2821 1184 3220 1267 impossibile
3251 1192 3438 1258 esset,
3473 1185 3526 1246 si
3559 1184 3734 1246 nulla
3769 1183 3834 1244 in
3866 1183 3966 1245 eis

2457 1292 2624 1345 esset
2682 1284 2982 1365 potentia.
3039 1284 3212 1346 Unde
3271 1284 3424 1345 dicit
3485 1283 3966 1345 Commentator-

2459 1382 2646 1443 tertio
2705 1382 2783 1443 de
2844 1381 3074 1443 Anima
3125 1398 3139 1442 :
3193 1382 3257 1444 Si
3315 1388 3540 1443 natura
3599 1379 3964 1441 intellectus

2459 1480 2783 1561 possibilis
2831 1488 2997 1542 esset
3046 1480 3229 1543 nobis
3281 1480 3514 1560 ignota,
3568 1496 3692 1541 non
3743 1496 3962 1559 posse-

2459 1596 2602 1639 mus
2635 1578 2924 1640 invenire
2954 1578 3432 1640 distinctionem
3466 1586 3527 1639 et
3559 1576 3847 1640 ordinem
3889 1574 3962 1635 in

2457 1674 2831 1738 substantiis
2867 1676 3192 1757 separatis,
3228 1676 3468 1739 Idcirco
3498 1674 3823 1738 distinctio
3851 1692 3960 1736 ea-

2457 1792 2600 1835 rum
2660 1774 2738 1835 ad
2793 1774 3070 1836 invicem
3119 1782 3216 1857 est
3272 1775 3625 1836 secundum
3682 1773 3956 1854 gradum

844 1871 1227 1953 participare
1262 1892 1277 1936 z
1313 1872 1453 1935 ideo
1490 1880 1967 1955 consequuntur
2008 1873 2131 1936 illae
2161 1872 2344 1934 diffe—
2380 1873 2428 1936 B
2455 1878 2634 1933 actus
2692 1879 2756 1933 et
2805 1872 3122 1954 potentiae,
3175 1873 3262 1933 ita
3309 1872 3476 1953 quod
3535 1870 3964 1952 intelligentia

844 1970 1064 2033 rentiae
1113 1971 1276 2032 inter
1318 1972 1615 2053 angelum
1660 1979 1723 2034 et
1758 1973 2063 2045 animam,
2098 1972 2343 2033 unibile

844 2067 1116 2147 corpori,
1149 2077 1213 2130 et
1260 2087 1384 2131 non
1429 2068 1673 2131 unibile
1712 2070 1791 2131 ei.
1828 2070 1904 2131 Et
1949 2070 2124 2142 item,
2159 2068 2345 2130 ratio-

845 2164 986 2227 nale
1028 2174 1091 2227 et
1123 2166 1568 2229 intellectuale.
1605 2168 1696 2229 Ex
1736 2169 1856 2231 hoc
1895 2168 2135 2249 quippe
2173 2167 2343 2248 quod

843 2264 1107 2344 angelus
1158 2265 1301 2346 plus
1350 2265 1541 2327 habet
1588 2266 1665 2327 de
1714 2274 1861 2328 actu
1905 2274 1965 2328 et
2012 2266 2226 2327 minus
2265 2265 2342 2327 de

846 2363 1128 2443 potentia
1169 2382 1361 2445 quam
1404 2364 1637 2437 anima,
1673 2364 2010 2446 participat
2050 2364 2230 2445 quasi
2277 2363 2340 2423 in

845 2460 1034 2541 plena
1066 2461 1202 2523 luce
1234 2462 1871 2524 intellectualitatem:
1892 2469 2147 2544 propter
2179 2461 2342 2542 quod

844 2557 1292 2621 intellectualis
1323 2559 1836 2622 vocatur.Anima
1866 2577 2016 2622 vero
2044 2578 2182 2621 eam
2210 2578 2346 2641 par-

842 2656 1065 2737 ticipat
1107 2658 1419 2720 defective
1463 2665 1527 2720 et
1570 2657 1946 2720 obumbrate
1990 2675 2004 2719 :
2050 2657 2191 2719 ideo
2233 2678 2340 2740 ap-

841 2754 1117 2835 pellatur
1165 2755 1510 2829 rationaliS‚
1544 2756 1847 2837 quoniam
1895 2757 2053 2818 ratio
2094 2757 2157 2818 in
2206 2776 2342 2818 um—

842 2850 956 2912 bra
1011 2851 1444 2932 intelligentiae
1491 2854 1711 2916 oritur.
1765 2854 1856 2915 Ex
1906 2854 2005 2915 his
2055 2855 2342 2935 procedit

841 2948 1166 3012 distinctio
1222 2950 1425 3013 tertia.
1490 2951 1695 3024 Quum
1755 2952 1929 3013 enim
1987 2952 2068 3013 sit
2126 2953 2339 3014 anima

2456 1970 2748 2050 superior
2777 1989 2918 2052 quae
2960 1971 3158 2052 magis
3203 1970 3559 2052 propinqua
3591 1977 3688 2031 est
3718 1969 3956 2051 primu,

2455 2068 2664 2149 majus
2715 2068 2904 2129 habet
2947 2069 3024 2130 de
3066 2054 3211 2131 actu
3255 2076 3318 2130 et
3361 2068 3574 2131 minus
3617 2069 3696 2131 de
3739 2074 3965 2149 poten-

2456 2166 2563 2239 tia,
2597 2168 2816 2248 sicque
2849 2167 2926 2228 de
2956 2166 3133 2245 aliis;
3166 2173 3229 2228 et
3259 2166 3615 2248 completur
3646 2167 3710 2228 in
3742 2166 3964 2228 anima

2455 2263 2753 2338 humana,
2786 2283 2929 2345 quae
2973 2265 3037 2325 in
3083 2262 3622 2325 intellectualibus
3665 2262 3964 2324 substan-

2455 2360 2559 2423 tiis
2609 2361 2908 2423 ultimum
2953 2370 3126 2424 tenet
3165 2362 3432 2443 gradum
3478 2380 3492 2423 τ
3535 2362 3721 2442 cujus
3773 2361 3964 2422 intel-

2454 2460 2656 2522 lectus
2707 2460 3033 2541 possibilis
3093 2462 3179 2523 ita
3227 2480 3294 2523 se
3345 2460 3536 2523 habet
3587 2461 3666 2522 ad
3715 2459 3960 2521 formas

2454 2558 2908 2639 intelligibiles,
2943 2559 3110 2621 sicut
3149 2559 3413 2621 materia
3456 2558 3664 2641 prima
3705 2558 3782 2619 ad
3829 2558 3958 2620 for-

2455 2676 2589 2717 mas
2633 2656 2990 2731 sensibiles,
3025 2665 3096 2718 ut
3133 2657 3319 2720 tertio
3363 2659 3441 2720 de
3480 2658 3707 2719 Anima
3751 2656 3958 2738 loqui-

2453 2760 2556 2813 tur
2601 2752 3089 2815 Commentator.
3126 2754 3272 2814 Ideo
3315 2752 3734 2834 Philosophus
3779 2769 3956 2814 com-

2449 2858 2628 2931 parat
2671 2870 2819 2913 eum
2865 2849 3095 2913 tabuloe
3146 2871 3320 2925 rasae‚
3365 2851 3430 2913 in
3474 2870 3600 2932 qua
3647 2850 3812 2912 nihil
3853 2857 3956 2912 est

2451 2948 2716 3030 pictum.
2753 2950 2912 3011 Hinc
2945 2950 3109 3012 inter
3139 2949 3523 3012 substantias
3555 2949 3954 3011 intellectua-

840 3048 1124 3129 corporis
1169 3048 1395 3124 forma,
1439 3049 1631 3111 habet
1676 3051 1980 3131 quasdam
2028 3050 2196 3112 vires
2245 3068 2340 3113 or-
2375 3045 2419 3108 C
2451 3048 2540 3110 les
2571 3048 2711 3129 plus
2742 3048 2932 3110 habet
2955 3049 3033 3110 de
3065 3049 3342 3130 potentia
3354 3067 3371 3128 ;
3391 3056 3576 3131 atque
3607 3048 3674 3109 in
3705 3055 3954 3109 tantum

838 3146 1115 3226 ganicaS,
1158 3146 1404 3209 scilicet
1448 3166 1695 3221 sensuS‚
1728 3168 1804 3210 ex
1848 3148 2081 3229 quibus
2129 3150 2208 3210 ad
2251 3149 2341 3211 in·

841 3243 1275 3325 telligibilium
1339 3246 1768 3327 cognitionem
1832 3248 2135 3309 ascendit.
2196 3249 2337 3310 Por-

841 3361 911 3406 ro
953 3343 1279 3407 distinctio
1321 3354 1546 3426 quarta
1592 3346 1875 3408 nascitur
1914 3366 1992 3408 ex
2035 3348 2332 3409 secunda.

839 3440 1046 3515 Quum
1105 3442 1278 3504 enim
1336 3444 1599 3523 angelus
1660 3443 2052 3507 intellectum
2111 3445 2339 3508 habeat

837 3538 1238 3614 deiformem,
1308 3543 1701 3603 convertitur
1771 3542 2190 3605 immobiliter
2259 3544 2336 3607 ad

839 3638 1326 3721 quodcumque3
1359 3657 1485 3701 non
1529 3647 1742 3702 autem
1783 3640 2017 3715 anima,
2051 3661 2193 3723 quae
2226 3660 2340 3723 per

837 3735 1321 3818 inquisitionem
1353 3738 1627 3819 acquirit
1656 3738 1967 3801 notitiam.
1993 3740 2222 3812 Quinta
2252 3740 2340 3801 di-

838 3834 1095 3897 stinctio
1141 3853 1219 3896 ex
1261 3835 1473 3917 prima
1513 3836 1843 3898 descendit
1884 3856 1900 3900 :
1943 3838 2094 3920 quia
2136 3856 2336 3920 quum

836 3933 1053 3994 anima
1082 3932 1330 4015 corpori
1364 3934 1620 3995 uniatur
1650 3935 1970 4015 organico,
1996 3943 2206 4017 potest
2236 3955 2338 3997 ex-

840 4031 1135 4094 teriorem
1180 4050 1398 4093 vocem
1446 4032 1743 4105 formare,
1775 4052 1903 4096 non
1943 4034 2226 4115 angelus
2259 4070 2340 4079 —

838 4129 997 4191 Hinc
1037 4130 1263 4191 harum
1306 4130 1791 4193 distinctionum
1832 4132 2041 4213 prima
2080 4140 2177 4193 est
2212 4151 2340 4193 me-

2449 3146 2733 3209 efficitur
2767 3146 3200 3209 materialibus
3241 3146 3433 3209 rebus
3466 3147 3847 3229 propinqua,
3881 3154 3956 3209 ut

2451 3245 2806 3307 materialis
2839 3263 2938 3307 res
2984 3245 3265 3308 trahatur
3307 3246 3384 3307 ad
3438 3245 3954 3327 participandum

2450 3361 2588 3405 esse
2642 3344 2864 3424 ipsiuS‚
2909 3344 2996 3404 ita
3037 3344 3207 3425 quod
3254 3362 3332 3404 ex
3378 3344 3592 3405 anima
3629 3352 3693 3405 et
3731 3361 3956 3426 corpo-

2449 3460 2516 3503 re
2561 3441 2825 3503 resultat
2867 3460 3004 3503 esse
3045 3461 3244 3503 unum
3291 3442 3355 3503 in
3400 3459 3528 3504 uno
3573 3442 3951 3523 composito,

2449 3539 2741 3621 quamvis
2785 3558 2924 3601 esse
2967 3540 3125 3602 illud
3171 3548 3359 3622 prout
3399 3548 3495 3601 est
3534 3541 3786 3615 animae,
3819 3559 3954 3603 non

2449 3638 2531 3699 sit
2572 3639 2938 3719 dependens
2977 3658 3014 3701 a
3053 3657 3334 3721 corpore.
3371 3639 3446 3700 Et
3481 3639 3566 3700 ita
3604 3646 3750 3721 post
3783 3638 3950 3701 hanc

2447 3737 2743 3811 formam,
2781 3737 3075 3799 videlicet
3104 3738 3384 3800 animam
3424 3738 3818 3813 rationalem,
3854 3739 3964 3819 in-,

2449 3835 2793 3897 veniuntur
2851 3836 2992 3898 aliae
3049 3836 3272 3899 formae
3330 3836 3475 3917 plus
3533 3838 3612 3898 de
3661 3837 3950 3919 potentia

2449 3934 2776 4007 habentes»,
2835 3954 2908 3996 ac
2966 3934 3453 4016 propinquiores
3513 3935 3813 4009 materiae,
3878 3936 3948 3998 in

2449 4040 2692 4094 tantum
2743 4041 2814 4095 ut
2860 4052 2998 4095 esse
3046 4052 3263 4095 earum
3315 4033 3454 4095 sine
3503 4032 3768 4095 materia
3815 4051 3948 4096 non

2447 4132 2548 4193 sit..
2585 4132 2652 4193 In
2686 4131 2923 4213 quibus
2957 4132 3279 4193 invenitur
3308 4132 3500 4194 etiam
3531 4133 3684 4194 ordo
3713 4140 3776 4193 et
3805 4151 3949 4213 gra-

840 4227 979 4301 lior‚
1013 4228 1165 4308 quia
1205 4228 1520 4308 accipitur
1567 4230 1919 4291 secundum
1971 4249 2131 4303 esse,
2167 4231 2337 4311 quod
2369 4234 2418 4294 D
2447 4230 2566 4290 dus
2627 4248 2828 4310 usque
2887 4230 2964 4291 ad
3025 4229 3264 4310 primas
3324 4248 3436 4291 seu
3496 4228 3950 4292 substantiales

838 4324 1120 4406 primum
1181 4332 1296 4385 est.
1352 4326 1641 4387 Secunda
1690 4344 1842 4388 vero
1886 4334 1949 4388 et
1998 4327 2182 4389 tertia
2239 4348 2339 4389 su-

839 4429 1103 4484 muntur
1141 4441 1337 4505 penes
1382 4423 1511 4485 vim
1558 4425 2072 4504 cognoscitivam.
2108 4425 2338 4499 Quarta

835 4520 1149 4602 accipitur
1191 4539 1385 4602 penes
1429 4522 1734 4584 virtutem
1778 4524 2216 4605 appetitivam,
2258 4525 2335 4587 ad

836 4638 1028 4701 quam
1064 4620 1419 4681 secundum
1453 4612 1905 4703 Philosophum
1940 4628 2183 4703 spectat
2211 4623 2336 4684 ele-

836 4718 982 4780 ctio.
1028 4719 1361 4799 Quumque
1411 4718 1638 4781 electio
1686 4720 1769 4781 sit
1818 4720 2178 4800 cognitione
2227 4739 2335 4803 po-

835 4816 1083 4891 sterior,
1128 4817 1270 4879 ideo
1319 4818 1439 4878 ista
1486 4817 1854 4880 differentia
1905 4819 2119 4881 minus
2168 4821 2334 4883 valet

834 4932 1027 4995 quam
1070 4914 1517 4995 praecedenteS.
1554 4914 1784 4987 Quinta
1822 4915 2099 4977 sumitur
2138 4935 2334 4997 penes

832 5012 1137 5073 virtutem
1171 5011 1495 5085 motivam,
1531 5030 1644 5093 per
1673 5031 1866 5094 quam
1900 5011 1977 5073 fit
2004 5014 2181 5076 vocis
2214 5015 2336 5077 for-

836 5110 1051 5172 matio.
1096 5110 1329 5191 Estque
1379 5111 1617 5173 motiva
1657 5112 1969 5193 posterior
2018 5114 2336 5193 cognitiva

834 5216 899 5271 et
940 5208 1289 5291 appetitiva
1324 5228 1338 5273 :
1376 5208 1515 5272 ideo
1559 5208 1885 5271 distinctio
1937 5210 2056 5271 ista
2105 5212 2333 5273 ceteris

838 5308 1051 5373 minus
1096 5308 1282 5370 valet.
1314 5340 1397 5352 -—
1434 5307 1576 5370 Haec
1625 5307 1896 5369 Thomas
1948 5308 2012 5369 in
2061 5308 2328 5391 Scripto.

2445 4326 2684 4388 formas
2741 4327 3229 4401 elementorum,
3283 4346 3424 4408 quae
3480 4327 3951 4409 propinquissi-

2449 4444 2566 4489 mae
2619 4425 2975 4487 consistunt
3031 4425 3312 4487 materiae
3365 4444 3379 4487 :
3431 4426 3598 4487 unde
3655 4444 3774 4487 nec
3833 4426 3950 4489 ali-

2447 4541 2637 4604 quam
2681 4523 2914 4585 habent
2949 4524 3380 4604 operationem
3424 4524 3546 4585 nisi
3587 4525 3949 4587 secundum

2444 4622 2826 4702 exigentiam
2875 4621 3254 4703 qualitatum
3300 4622 3651 4684 activarum
3695 4630 3758 4684 et
3803 4642 3949 4704 pas-

2445 4720 2748 4795 sivarum,
2800 4739 2872 4783 ac
2919 4720 3186 4782 aliarum
3244 4721 3478 4801 quibus
3537 4721 3805 4783 materia
3863 4724 3948 4785 ad

2443 4818 2680 4880 formas
2723 4818 3101 4901 disponitur.
3137 4820 3280 4882 Haec
3325 4819 3434 4881 ibi.

2524 4915 2764 4989 Quibus
2807 4918 2959 4978 satis
3004 4918 3384 4979 concordant
3425 4918 3661 4999 scripta
3693 4917 3942 4981 Alberti

2444 5015 2510 5076 in
2552 5013 2716 5076 libro
2754 5033 2869 5077 suo
2909 5016 2986 5077 de
3024 5015 3313 5087 Homine,
3349 5024 3411 5077 et
3446 5015 3510 5077 in
3551 5024 3820 5078 tractatu
3859 5018 3941 5080 de

2443 5114 2518 5175 lV
2547 5113 2952 5195 CoaequaeviS,
2971 5114 3034 5175 in
3067 5122 3430 5177 commento
3459 5133 3714 5197 quoque
3745 5134 3943 5197 super

2446 5211 2682 5274 librum
2728 5213 2804 5274 de
2849 5212 3086 5275 Causis,

2526 5310 2684 5372 Hinc
2724 5319 2786 5372 et
2817 5312 3087 5373 Thomas
3129 5312 3196 5373 in
3231 5312 3480 5395 Scripto
3518 5313 3784 5376 secundi
3819 5333 3834 5379 :
3869 5315 3944 5379 ln
