4334 6242
122 2592 219 2633 cap.
250 2584 293 2629 2.
319 2586 367 2630 3,

92 2649 153 2694 16,
172 2650 261 2689 ete.

654 523 741 571 AN
782 524 939 571 mms
980 526 1143 573 AGAT
1184 526 1453 572 PROPTER
1494 526 1703 583 FINEM,
1744 526 1819 571 m*
1857 524 2155 580 QUAerER
2197 524 2453 571 Romus
2495 524 2634 571 Esus
2677 524 2770 571 su·
2811 521 3048 571 OMNIUM
3088 520 3247 567 F1N1s

3377 495 3497 574 105

382 693 595 757 etiam
638 696 703 758 in
743 696 987 777 age-ndo
1028 695 1364 757 intendunt
1402 696 1643 777 aliquid
1681 695 1895 777 acqui·
1928 692 1978 756 A
2008 701 2071 756 et
2109 694 2494 776 intelligunt,
2531 694 2658 757 Deo
2702 693 3061 776 aliqualiter
3100 691 3499 755 conforman-

389 812 563 855 rere.
598 795 833 856 Verum
874 796 994 857 hoc
1032 793 1242 877 primo
1278 794 1491 874 agenti
1530 812 1657 856 non
1692 800 1895 875 potest

390 900 766 975 competere
801 912 813 955 :
850 893 979 956 imo
1017 893 1224 955 solum
1267 892 1537 953 intendit
1576 911 1753 954 suam
1787 891 1896 953 bo-

392 990 669 1053 nitatem
716 990 1210 1053 communicare.
1256 991 1331 1051 Et
1378 990 1679 1071 quaelibet
1728 1008 1897 1052 crea-

389 1096 547 1150 tura
578 1090 846 1152 intendit
876 1108 1055 1151 suam
1088 1088 1386 1169 consequi
1420 1088 1895 1170 perfectionem,

390 1208 547 1269 quae
575 1196 671 1250 est
700 1188 1104 1270 participatio
1132 1196 1193 1248 et
1226 1188 1513 1270 qua-*dam
1546 1187 1899 1249 similitudo

392 1286 815 1367 perfectionis
862 1285 1291 1367 bonitatisque
1335 1286 1629 1347 increatae
1662 1305 1675 1347 :
1710 1292 1771 1347 et
1816 1285 1900 1346 ita

394 1382 654 1445 bonitas
684 1384 795 1446 Dei
826 1391 923 1445 est·
952 1383 1241 1447 omnium
1274 1402 1487 1445 rerum
1529 1383 1701 1445 finis.
1736 1382 1899 1444 Dici-

394 1492 508 1544 tur
540 1482 751 1563 itaque
780 1484 945 1546 Deus
974 1482 1128 1545 sinis
1159 1482 1447 1545 omnium
1481 1501 1694 1545 rerum
1730 1499 1745 1543 ε
1772 1501 1899 1545 non

394 1582 575 1663 quod
606 1582 821 1643 omnia
852 1582 1063 1663 ipsum
1104 1588 1506 1661 cognoscant,
1540 1588 1650 1641 aut
1689 1580 1899 1662 ipsum

398 1679 921 1742 intellectualiter
948 1679 1425 1761 apprehendere
1456 1676 1566 1740 aut
1593 1679 1901 1759 attingere

396 1778 679 1851 valeant,
712 1778 822 1840 sed
854 1778 1005 1859 quia
1034 1778 1136 1839 vel
1178 1777 1591 1839 intellectuali
1631 1786 1741 1839 aut
1770 1796 1903 1839 sen-

2009 802 2129 855 tur.
2177 794 2406 875 Sicque
2454 794 2582 855 Deo
2630 792 2991 867 assimilari,
3033 791 3150 853 rite
3197 789 3501 853 asseritur

2009 891 2299 954 omnium
2369 892 2636 955 ultimus
2700 891 2874 953 finis.
2940 889 3248 971 Denique,
3313 906 3502 951 omne

2010 1009 2200 1072 agens
2243 990 2538 1071 producit
2575 990 2786 1051 simile
2825 988 2949 1051 sibi
2987 1006 3000 1050 :
3037 995 3296 1071 propter
3333 988 3502 1069 quod

2010 1089 2282 1151 effectus
2320 1096 2582 1151 vocatur
2622 1088 2908 1169 quaedam
2957 1086 3331 1169 participata
3374 1105 3505 1150 suae

2011 1207 2218 1251 causac
2277 1186 2650 1259 similitude,
2706 1192 2770 1247 ct
2825 1193 3113 1247 creatura
3168 1194 3264 1247 εει
3323 1186 3504 1267 quasi

2012 1285 2272 1367 quidam
2325 1284 2536 1346 radius
2585 1284 2682 1345 sui
2729 1283 3058 1348 CreatoriS.
3104 1284 3334 1366 Sicque
3377 1284 3505 1346 Deo

2011 1383 2374 1457 assimilari,
2407 1391 2503 1445 est
2541 1384 2830 1445 omnium
2875 1383 3140 1445 ultimus
3182 1382 3354 1445 finis.
3387 1383 3502 1445 Ve-

2013 1502 2155 1544 rum
2204 1482 2454 1544 diversa
2507 1482 2931 1546 diversimode
2977 1481 3500 1544 assimilationem

2012 1582 2177 1643 hanc
2206 1587 2652 1662 assequuntur,
2679 1582 3030 1643 secundum
3062 1581 3230 1662 quod
3259 1580 3502 1643 altioris

2011 1688 2122 1742 aut
2170 1680 2491 1741 inferioris
2540 1688 2787 1742 exstant
2836 1688 3096 1754 naturas,
3130 1686 3192 1741 et
3238 1680 3341 1741 vel
3388 1699 3503 1761 per

2012 1779 2143 1840 sola
2175 1778 2486 1840 naturalia
2513 1787 2621 1840 aut
2653 1798 2766 1860 per
2793 1779 3064 1860 gratuita
3094 1779 3223 1841 Deo
3257 1778 3503 1840 assimi-

396 1876 600 1938 sitivo
627 1884 737 1937 aut
768 1876 1037 1938 naturali
1071 1875 1355 1957 appetitu
1389 1875 1660 1957 cupiunt
1688 1875 1900 1956 ipsum
1936 1876 1983 1937 B
2014 1878 2240 1938 lantur.
2273 1912 2355 1921 —
2383 1877 2526 1939 Haec
2570 1876 2678 1938 ibi.
2711 1877 2781 1938 In
2824 1876 3058 1958 quibus
3099 1877 3176 1938 de
3206 1876 3504 1939 omnibus

396 1994 519 2036 scu
566 1973 828 2046 bonum,
861 1975 1031 2055 quod
1074 1992 1200 2037 non
1244 1972 1434 2036 habet
1478 1973 1786 2035 rationem
1833 1971 1904 2034 si-

398 2073 509 2135 nis
558 2081 667 2135 aut
709 2071 1079 2154 appetibilis
1126 2071 1252 2133 nisi
1297 2070 1364 2133 in
1409 2079 1718 2153 quantum
1762 2089 1901 2153 par-

396 2172 631 2253 ticipat
660 2170 1151 2233 similitudinem
1192 2169 1323 2231 Dei.
1360 2170 1501 2231 Haec
1530 2169 1802 2230 Thomas
1838 2168 1902 2230 in

398 2271 689 2333 Summa.

486 2368 679 2430 Porro
728 2367 791 2429 in
841 2367 1103 2429 Summa
1151 2375 1369 2428 contra
1414 2366 1705 2447 gentileS‚
1743 2364 1906 2427 libro

402 2466 618 2538 tertie,
662 2466 886 2529 scribit
932 2466 1011 2527 de
1062 2464 1325 2528 materia
1374 2464 1493 2526 ista
1540 2462 1843 2526 diffusius
1887 2481 1900 2525 :

406 2565 623 2647 primo
652 2565 1114 2638 demonstranS,
1138 2563 1305 2645 quod
1338 2580 1525 2625 omne
1556 2581 1747 2643 agens
1777 2562 1906 2642 agit

406 2672 672 2746 propter
710 2662 947 2741 sinem3
982 2662 1235 2734 deinde,
1269 2662 1437 2743 quod
1481 2679 1669 2723 omne
1713 2680 1904 2741 agens

403 2763 542 2844 agit
590 2770 848 2845 propter
896 2762 1175 2839 bonum3
1208 2767 1691 2843 consequenter,
1735 2760 1903 2841 quod

404 2859 565 2922 sinis
621 2859 969 2941 cujuslibet
1016 2859 1107 2921 rei
1156 2865 1251 2921 εει
1310 2858 1573 2931 bonum,
1624 2864 1687 2918 et
1735 2858 1903 2939 quod

402 2959 626 3021 omnia
662 2958 1035 3020 ordinantur
1066 2957 1131 3019 in
1174 2976 1373 3017 unum
1414 2956 1635 3029 finem,
1670 2956 1778 3038 qui
1811 2964 1907 3017 εει

2013 1976 2112 2037 his
2157 1974 2402 2056 prolixe
2441 1994 2515 2037 ac
2558 1976 2876 2057 sapienter
2917 1976 3340 2058 prosequitur.

2078 2076 2313 2136 Verum
2347 2074 2678 2136 Durandus
2711 2074 2964 2136 videtur
2994 2074 3358 2156 praehabitis
3387 2074 3510 2137 dis-

2012 2174 2249 2235 sentire
2279 2192 2397 2255 pro
2426 2182 2602 2255 parte
2627 2191 2640 2235 τ
2665 2173 2807 2235 Haec
2833 2173 3189 2255 (inquiens)
3217 2174 3504 2255 quaestiO,

2013 2279 2229 2333 utrum
2259 2272 2424 2333 Deus
2454 2278 2596 2353 agat
2626 2279 2882 2353 propter
2910 2270 3132 2346 finem,
3167 2271 3509 2353 dupliciter

2013 2379 2222 2451 potest
2271 2370 2538 2451 intelligi
2589 2388 2604 2431 :
2654 2370 2883 2451 prime,
2929 2389 3008 2431 an
3057 2377 3197 2451 agat
3250 2377 3508 2452 propter

2012 2469 2212 2531 finem
2253 2469 2532 2549 agentis;
2564 2469 2864 2541 secundo,
2895 2488 2974 2531 an
3015 2476 3274 2550 propter
3305 2468 3506 2531 finem

2011 2567 2280 2630 actionis
2323 2566 2554 2629 divinae
2591 2574 2654 2628 et
2695 2568 2783 2628 rei
2824 2586 2940 2648 per
2977 2586 3116 2628 eam
3159 2567 3501 2648 productae.

2011 2666 2222 2729 Primo
2255 2666 2442 2728 modo
2472 2666 2636 2727 Deus
2667 2683 2792 2727 non
2825 2664 2952 2746 agit
2994 2672 3252 2747 propter
3280 2664 3503 2739 finem,

2014 2764 2316 2847 quoniam
2349 2763 2501 2825 finis
2532 2770 2628 2825 εει
2669 2763 2892 2825 melior
2922 2763 3022 2825 his
3064 2784 3204 2845 quae
3243 2772 3392 2825 sunt
3428 2764 3506 2825 ad

2014 2862 2214 2924 finem
2259 2879 2274 2923 ε
2318 2861 2445 2923 Deo
2487 2869 2699 2923 autem
2744 2861 2905 2923 nihil
2949 2868 3043 2923 est
3087 2861 3336 2923 meliuS.
3387 2862 3507 2924 Sed

2015 2960 2296 3022 secundo
2346 2959 2533 3021 modo
2581 2960 2748 3021 Deus
2797 2960 2923 3040 agit
2975 2967 3234 3041 propter
3281 2958 3505 3033 finem,

402 3058 596 3131 DeuS,
630 3064 691 3119 εἰ
722 3056 1043 3138 quomodo
1073 3056 1239 3117 Deus
1271 3055 1354 3117 sit
1388 3054 1677 3117 omnium
1709 3052 1902 3132 sinis3
1939 3059 1983 3122 C
2015 3058 2124 3140 qui
2168 3065 2264 3119 est
2303 3076 2418 3118 sua
2455 3056 2726 3131 bonitas,
2761 3064 2982 3139 estque
3022 3057 3174 3119 finis
3218 3058 3508 3120 omnium

402 3157 583 3229 item,
616 3155 786 3237 quod
816 3154 1034 3217 omnia
1073 3153 1343 3235 cupiunt
1374 3154 1501 3215 Deo
1538 3152 1900 3226 assimilari,

400 3262 595 3336 atque
626 3254 795 3335 quod
828 3272 928 3316 res
970 3252 1396 3314 diversimode
1435 3252 1808 3314 ordinantur
1838 3251 1902 3312 in

403 3370 553 3415 suos
596 3351 783 3414 fines.
1166 3346 1179 3361 '

490 3452 561 3513 Et
614 3451 781 3512 inter
828 3459 1038 3513 cetera
1088 3450 1369 3530 loquitur
1412 3467 1425 3510 :
1471 3448 1695 3511 Omnia
1743 3447 1906 3510 ordi-

406 3557 642 3612 nantur
678 3549 747 3610 in
787 3567 989 3610 unum
1028 3548 1267 3611 bonum
1310 3548 1475 3611 sicut
1507 3548 1571 3609 in
1604 3546 1903 3608 ultimum

408 3648 627 3710 finem.
645 3647 709 3709 Si
742 3646 917 3709 enim
948 3646 1110 3708 nihil
1142 3647 1345 3709 tendit
1375 3647 1439 3708 in
1470 3646 1714 3727 aliquid
1744 3645 1906 3707 sicut

410 3745 471 3807 in
521 3744 725 3806 finem
776 3744 901 3805 nisi
957 3745 1024 3806 in
1073 3754 1381 3827 quantum
1439 3743 1595 3805 illud
1655 3751 1752 3805 est
1800 3744 1907 3805 bo-

410 3862 584 3915 num,
617 3850 769 3923 ergo
809 3850 1058 3924 oportet
1098 3852 1167 3905 ut
1205 3842 1443 3905 bonum
1488 3843 1551 3903 in
1594 3849 1902 3924 quantum

412 3940 673 4013 bonum,
704 3940 789 4002 sit
828 3939 1001 4001 finis.
1033 3940 1208 4013 Quod
1251 3957 1401 4020 ergo
1439 3947 1534 4001 est
1578 3958 1902 4001 summum

411 4041 673 4115 honum,
706 4047 803 4102 est
850 4039 1125 4101 maxime
1172 4040 1461 4101 omnium
1513 4039 1684 4101 finis.
1726 4040 1905 4101 Sum-

414 4158 583 4200 mum
618 4156 770 4200 vero
798 4137 1039 4200 bonum
1070 4145 1167 4199 est
1197 4157 1395 4199 unum
1432 4145 1699 4212 tantum,
1735 4138 1903 4219 quod

2013 3154 2338 3217 actionum
2371 3154 2732 3217 divinarum
2763 3161 2827 3216 et
2856 3174 3064 3217 rerum
3096 3172 3210 3237 per
3237 3174 3342 3217 eas
3375 3172 3512 3237 pro-

2014 3255 2370 3316 ductarum.
2423 3255 2589 3316 Deus
2643 3254 2814 3315 enim
2862 3262 3160 3335 operatur
3206 3253 3283 3315 ad
3332 3261 3509 3317 extra

2015 3371 2129 3433 per
2168 3352 2558 3415 voluntatem
2597 3370 2610 3414 :
2645 3351 2786 3414 ideo
2828 3352 2993 3413 sicut
3031 3352 3169 3413 vult
3204 3352 3326 3414 alia
3369 3370 3508 3434 pro-

2015 3457 2156 3532 pter
2187 3470 2364 3512 suam
2399 3450 2770 3523 bonitatem,
2804 3451 2896 3512 sic
2927 3450 3078 3514 facit
3108 3451 3218 3513 illa
3247 3457 3508 3533 propter

2014 3550 2326 3611 eamdem.
2375 3550 2517 3612 Haec
2560 3550 2913 3611 Durandus.

2095 3649 2237 3710 Haec
2278 3648 2605 3730 responsio
2638 3649 2891 3710 videtur
2932 3648 3162 3730 partim
3202 3648 3326 3710 sibi
3368 3649 3506 3731 ipsa

2016 3746 2344 3819 contraria,
2359 3755 2422 3808 et
2453 3747 2682 3828 partim
2713 3766 2750 3809 a
2778 3747 3042 3810 veritate
3071 3748 3290 3809 aliena.
3307 3749 3505 3822 Quum

2013 3844 2188 3905 enim
2228 3844 2394 3907 actio
2433 3845 2541 3906 Dei
2583 3844 2666 3907 sit
2703 3845 2844 3925 ejus
2884 3845 3178 3919 essentia,
3211 3846 3378 3908 sicut
3415 3848 3508 3910 ni-

2016 3943 2108 4005 hil
2149 3950 2245 4004 est
2293 3944 2521 4005 melius
2565 3945 2712 4017 Deo,
2749 3944 2835 4005 ita
2877 3962 2995 4006 nec
3045 3943 3185 4023 ejus
3232 3946 3499 4009 actione.

2014 4041 2256 4102 Idcirco
2304 4042 2356 4102 si
2406 4059 2531 4103 non
2581 4042 2709 4120 agit
2758 4050 3017 4123 propter
3063 4041 3262 4104 finem
3313 4063 3509 4125 quan-

2014 4147 2149 4200 tum
2181 4148 2277 4201 est
2315 4158 2392 4200 ex
2425 4147 2599 4220 parte
2632 4140 2833 4221 ipsius
2872 4140 3138 4221 agentiS,
3171 4141 3322 4222 quia
3356 4140 3508 4204 finis

410 4245 502 4298 cst
530 4238 697 4299 Deus
733 4252 747 4296 ε
776 4235 995 4297 omnia
1024 4254 1172 4317 ergo
1202 4236 1575 4298 ordinantur
1608 4236 1673 4298 in
1704 4256 1903 4299 unum
1935 4237 1984 4298 D
2015 4237 2240 4300 melior
2287 4244 2382 4299 est
2433 4237 2532 4300 his
2580 4247 2918 4327 quaa-sunt
2964 4239 3041 4300 ad
3092 4239 3314 4313 finem,
3359 4258 3509 4321 ergo

411 4354 733 4397 summum
793 4335 1057 4409 bonum,
1108 4336 1279 4417 quod
1332 4343 1430 4396 est
1482 4336 1666 4398 Deus.
1721 4336 1899 4409 Item,

414 4434 573 4495 sicut
604 4452 933 4497 summum
975 4432 1215 4495 bonum
1246 4441 1340 4495 est
1376 4452 1564 4495 causa
1592 4434 1767 4497 omni
1800 4434 1907 4495 bo-

414 4550 492 4594 no
525 4533 694 4615 quod
734 4532 816 4593 sit
846 4532 1110 4605 bonum,
1146 4531 1231 4592 ita
1261 4550 1550 4593 summus
1587 4532 1760 4605 siniS,
1794 4532 1900 4613 qui

416 4630 573 4693 Deus
610 4638 730 4704 est,
763 4638 860 4693 est
898 4630 1073 4692 omni
1115 4629 1233 4690 fini
1275 4648 1465 4691 causa
1504 4631 1669 4711 quod
1712 4631 1793 4691 sit
1832 4629 1906 4692 fi-

416 4728 530 4790 nis.
562 4765 641 4775 -
672 4729 789 4792 Per
838 4728 957 4790 hoc
1006 4735 1217 4790 autem
1268 4728 1437 4810 quod
1488 4748 1587 4790 res
1634 4729 1721 4791 ita
1769 4747 1905 4810 par-

423 4826 631 4908 ticipat
692 4845 1011 4889 summam
1072 4833 1134 4888 et
1192 4826 1465 4907 primam
1529 4826 1899 4899 bonitatem,

422 4923 541 4986 Deo
580 4923 969 4987 assimilatur
1002 4940 1016 4985 τ
1050 4924 1193 4986 ideo
1239 4926 1367 4986 Deo
1415 4924 1775 4999 assimilari,
1808 4933 1904 4986 est

422 5022 697 5084 omnium
758 5021 930 5083 sinis.
986 5021 1299 5102 Amplius,
1356 5022 1676 5084 cernimus
1734 5023 1902 5103 quod

420 5122 626 5185 omnia
652 5128 963 5204 appetunt
992 5140 1153 5195 esse,
1186 5130 1251 5182 ει
1280 5141 1421 5203 quae
1452 5120 1674 5183 vivunt
1712 5129 1901 5203 atque

426 5217 795 5300 intelligunt,
830 5219 1202 5281 naturaliter
1239 5227 1548 5301 appetunt
1588 5220 1801 5282 vivere
1840 5228 1904 5281 et

425 5316 765 5399 intelligere
798 5334 814 5379 ε
848 5317 957 5380 scd
1002 5316 1067 5378 in
1112 5324 1421 5398 quantum
1474 5326 1644 5392 sunt,
1677 5318 1903 5380 vivunt

2013 4355 2131 4398 nec
2175 4336 2299 4417 agit
2346 4345 2604 4418 propter
2647 4336 2846 4399 sine-m
2886 4336 3171 4400 actionis.
3205 4339 3509 4402 Praeterea

2012 4434 2354 4496 declaratio
2398 4435 2652 4498 Thomae
2694 4443 2756 4497 et
2799 4435 2962 4498 Petri
3007 4436 3160 4498 satis
3209 4438 3504 4512 ostendit,

2013 4533 2181 4614 quod
2227 4541 2289 4595 et
2330 4532 2602 4614 qualiter
2641 4534 2806 4596 Deus
2845 4535 2972 4615 agit
3011 4544 3270 4617 propter
3307 4536 3505 4598 finem

2012 4631 2215 4712 ipsius
2256 4631 2520 4712 agentis.
2555 4632 2787 4693 Verum
2829 4641 2923 4694 εει
2956 4642 3190 4707 autem,
3226 4635 3394 4716 quod
3435 4634 3510 4695 fi-

2011 4729 2109 4790 nis
2148 4737 2245 4790 εει
2292 4729 2518 4791 melior
2558 4730 2659 4791 his
2701 4749 2842 4811 quae
2880 4738 3028 4791 sunt
3066 4731 3142 4791 ad
3183 4730 3406 4804 finem,
3442 4733 3504 4795 id

2010 4836 2106 4888 est
2157 4828 2384 4889 mediis
2433 4846 2574 4908 quae
2621 4828 2697 4889 ad
2749 4827 2947 4889 finem
3002 4827 3385 4903 referuntur,
3439 4830 3505 4892 in

2010 4916 2246 5005 quibus
2277 4924 2430 4987 finis
2471 4925 2725 4987 realiter
2753 4925 2971 4987 differt
3008 4945 3044 4987 a
3081 4926 3306 4988 mediis
3341 4944 3354 4988 ε
3389 4928 3507 4989 sic-

2010 5042 2128 5103 que
2159 5021 2408 5084 bonitas
2441 5023 2548 5085 Dei
2581 5042 2702 5086 non
2732 5032 2828 5085 est
2857 5023 2885 5084 f
2890 5024 3011 5086 inis
3040 5042 3156 5085 nec
3185 5024 3296 5086 Dei
3326 5044 3510 5105 agen-

2010 5121 2090 5182 tis
2142 5140 2260 5183 nec
2309 5122 2542 5185 divinae
2589 5122 2876 5185 actionis,
2931 5123 3005 5184 Et
3054 5123 3348 5205 quamvis
3395 5122 3505 5185 bo-

2010 5219 2178 5281 nitas
2209 5220 2318 5282 Dei
2352 5220 2594 5282 dicatur
2623 5221 2775 5283 finis
2806 5221 2915 5282 Dei
2947 5222 3190 5301 agent-is
3220 5229 3286 5283 ut
3313 5241 3505 5303 agens

2011 5326 2106 5380 est-
2138 5319 2458 5400 sapienter
2488 5338 2559 5381 ac
2603 5318 2799 5381 libere
2831 5319 2911 5382 ob
2942 5320 3198 5401 aliquod
3236 5319 3500 5397 bonum,
