4334 6242
1313 486 1401 532 AN
1440 486 1623 533 AEvmi
1662 485 1949 532 mansum
1991 486 2083 531 srr
2124 485 2490 533 ANGELORUH
3332 462 3452 531 139

348 664 565 738 posset
603 658 845 721 moveri
890 667 1023 722 rota
1064 658 1269 740 figuli,
1303 666 1365 722 et
1403 664 1648 721 constat
1676 657 1845 739 quod
1875 656 1926 719 Α
1957 665 2051 720 θεῖ
2092 660 2260 740 quod
2305 665 2557 740 tempus
2600 665 2696 721 est
2739 678 2962 731 unum,
2995 676 3196 740 quum
3240 664 3450 720 motus

348 764 823 819 mensuraretur
872 757 979 820 ille
1029 766 1238 819 motus
1283 775 1297 818 :
1338 775 1488 838 ergo
1536 774 1662 819 non
1714 763 1845 819 tan-

346 862 475 916 tum
524 863 619 917 est
664 855 755 917 ibi
798 864 1073 937 tempuS,
1108 856 1239 918 imo
1277 862 1340 918 et
1370 856 1435 917 in
1474 855 1616 917 aliis
1656 855 1847 918 rebus

349 952 715 1015 mobilibus.
771 955 949 1027 Item,
1000 962 1257 1035 tempus
1304 962 1399 1017 est
1446 954 1513 1015 in
1564 953 1846 1015 affectio-

344 1050 537 1113 nibus
568 1058 629 1113 et
660 1052 1151 1133 cogitationibus
1182 1053 1367 1115 liberi
1397 1051 1844 1134 arbitrii‚quod

346 1167 467 1211 non
524 1150 745 1213 subest
794 1150 992 1213 motui
1044 1152 1211 1224 coeli,
1257 1158 1327 1212 ut
1372 1151 1596 1213 asserit
1640 1150 1847 1230 Augu-

344 1248 571 1309 stinuS.
596 1284 676 1294 —-
702 1248 827 1311 Alii
858 1266 1007 1329 ergo
1036 1249 1357 1321 dixerunt,
1390 1248 1559 1331 quod
1592 1256 1843 1328 tempus

348 1353 438 1407 est
487 1366 692 1408 unum
743 1347 985 1410 ratione
1031 1346 1307 1427 subjecti
1358 1347 1422 1408 in
1465 1364 1594 1428 quo
1634 1347 1843 1427 primo

348 1454 628 1526 apparet.
663 1446 872 1518 Quum
911 1446 1081 1507 enim
1124 1453 1377 1527 tempus
1416 1446 1499 1507 sit
1538 1464 1843 1507 numerus

351 1562 725 1606 mensurave
772 1550 1084 1617 motuum,
1127 1552 1187 1605 et
1230 1562 1536 1605 numerus
1587 1544 1705 1605 iste
1748 1561 1843 1604 se-

348 1642 629 1703 cundum
677 1642 1018 1703 essentiam
1077 1641 1158 1703 sit
1206 1642 1273 1702 in
1334 1660 1400 1703 re
1449 1640 1671 1702 mobili
1730 1659 1843 1703 seu

346 1758 411 1801 re
442 1748 635 1813 mota,
669 1740 735 1802 in
767 1757 892 1822 qua
930 1748 1026 1802 est
1056 1739 1233 1821 prius
1272 1747 1461 1821 atque
1504 1738 1838 1821 posteriuS,

1954 757 2083 819 sint
2126 757 2320 835 varii;
2361 758 2727 832 dicendum,
2762 758 2930 839 quod
2976 764 3183 819 motus
3226 754 3450 819 defini-

1954 864 2059 917 tur
2105 875 2219 937 per
2263 857 2326 918 id
2370 858 2448 918 ad
2488 856 2659 937 quod
2697 864 2792 917 est
2833 876 2846 919 :
2893 857 3058 918 unde
3100 863 3311 919 motus
3353 874 3449 919 re-

1955 954 2144 1035 spicit
2202 962 2512 1015 motorem
2566 961 2628 1016 et
2679 953 2914 1017 mobile
2964 962 3028 1015 et
3075 953 3443 1017 terminum.

1954 1054 2231 1133 Tempus
2278 1072 2427 1116 vero
2484 1054 2745 1135 respicit
2793 1054 2996 1136 ipsam
3047 1055 3445 1117 durationem

1952 1152 2194 1214 variam
2237 1160 2300 1213 et
2344 1154 2766 1214 successivam
2821 1171 2960 1233 quae
3003 1152 3181 1215 venit
3223 1172 3299 1215 ex
3343 1172 3452 1234 po-

1950 1250 2150 1311 tentia
2194 1251 2281 1311 rei
2331 1249 2602 1312 mobilis
2637 1250 2970 1332 Quumque
3011 1258 3263 1333 tempus
3301 1270 3449 1314 con-

1953 1346 2229 1411 similius
2269 1349 2351 1409 sit
2380 1356 2619 1410 naturae
2658 1348 2964 1423 durantiS,
2999 1357 3061 1410 et
3088 1358 3312 1411 natura
3351 1370 3450 1411 su-

1954 1464 2068 1526 per
2098 1466 2288 1527 quam
2332 1446 2654 1520 fundatur,
2687 1454 2783 1507 est
2815 1464 3078 1509 numero
3110 1465 3265 1526 una3
3297 1448 3448 1509 hinc

1951 1551 2206 1625 tempus
2249 1563 2375 1608 non
2425 1545 2630 1607 solum
2675 1552 2771 1606 est
2815 1564 3013 1607 unum
3059 1546 3294 1627 specie,
3337 1548 3448 1609 sed

1952 1644 2142 1705 etiam
2192 1661 2482 1717 numero,
2519 1644 2581 1704 in
2622 1643 3080 1724 temporalibus
3123 1644 3444 1719 omnibuS,

1953 1739 2261 1803 differens
2302 1760 2496 1823 penes
2528 1760 2686 1814 esse,
2723 1750 2790 1802 ut
2822 1750 3170 1823 posuerunt
3204 1744 3450 1824 sapien-

346 1838 697 1899 secundum
755 1837 1067 1899 actualem
1124 1855 1276 1900 vero
1333 1836 1838 1898 numerationem
1877 1839 1924 1901 B
1953 1846 2047 1900 tes
2088 1841 2514 1902 communiter
2554 1839 2723 1901 circa
2762 1840 3091 1902 materiam
3136 1842 3322 1904 istam
3363 1842 3450 1905 lo-

344 1936 423 1997 sit
454 1956 493 1997 a
530 1944 712 2017 parte
750 1936 1001 2009 animae,
1036 1944 1105 1997 ut
1143 1935 1282 1998 vult
1322 1935 1739 2017 Philosophus
1780 1942 1842 1996 et

343 2034 758 2115 AugustinuS,
794 2053 991 2115 quum
1034 2034 1249 2096 anima
1279 2051 1500 2096 omnes
1541 2040 1748 2096 motus
1779 2042 1842 2095 et

346 2133 729 2197 mutationes
769 2142 1063 2195 numeret
1100 2134 1511 2215 adspiciendo
1548 2134 1624 2195 ad
1670 2152 1843 2194 men-

343 2252 557 2295 suram
612 2240 821 2295 motus
870 2232 1059 2315 primi
1113 2232 1392 2305 mobilis,
1435 2232 1680 2293 scilicet
1728 2251 1842 2313 per

342 2331 536 2405 diem,
569 2350 811 2393 annum
853 2339 917 2392 et
953 2331 1195 2405 horam,
1228 2331 1567 2393 voluerunt
1605 2330 1838 2404 dicere,

346 2430 513 2511 quod
548 2448 749 2491 unum
780 2437 875 2491 est
904 2439 1157 2511 tempus
1199 2429 1439 2491 ratione
1469 2428 1742 2508 subjecti
1776 2428 1839 2489 in

342 2545 468 2609 quo
504 2528 719 2609 primo
761 2535 1024 2609 apparet
1064 2546 1079 2590 :
1125 2528 1274 2608 quia
1316 2527 1435 2589 etsi
1478 2528 1693 2589 omnia
1734 2526 1842 2588 ha-

343 2626 533 2687 beant
577 2626 868 2707 proprias
912 2626 1227 2707 periodoS,
1261 2631 1711 2687 mensurantur
1755 2632 1841 2686 ta—

344 2744 490 2787 men
525 2730 591 2785 et
620 2732 1039 2786 numerantur
1079 2743 1195 2806 per
1234 2742 1596 2785 mensuram
1634 2730 1841 2786 motus

342 2823 674 2904 regularis,
708 2822 863 2883 certi
907 2840 979 2883 ac
1023 2822 1206 2885 nobis
1249 2821 1589 2893 notissimi,
1624 2828 1841 2903 utpote

342 2929 553 2985 motus
608 2920 867 2984 mobilis
926 2920 1139 3002 primi.
1192 2920 1427 2981 Verum
1487 2919 1655 2981 istud
1715 2937 1840 2982 non

1953 1938 2103 1999 cuti.
2138 1939 2328 2000 Porro
2372 1938 2424 1999 si
2471 1957 2736 2019 quaeraS,
2778 1957 2891 2001 cur
2936 1940 3023 2001 ita
3069 1958 3196 2001 non
3242 1947 3338 2001 est
3381 1940 3446 2003 in

1951 2036 2412 2117 quantitatibus
2443 2036 2704 2109 cunctis,
2725 2056 2924 2118 quum
2949 2055 3169 2099 omnes
3200 2054 3452 2100 concer-

1951 2142 2104 2195 nant
2135 2134 2500 2213 materiam3
2541 2134 3076 2215 respondendum,
3109 2135 3277 2215 quod
3308 2136 3448 2198 aliae

1952 2249 2194 2307 omneS,
2229 2233 2347 2294 etsi
2389 2251 2526 2294 esse
2575 2231 3030 2313 incompletum
3065 2232 3338 2295 habeant
3380 2234 3444 2295 in

1952 2330 2214 2391 materia
2236 2332 2408 2411 (sunt
2432 2330 2604 2393 enim
2638 2331 2703 2392 in
2735 2330 2998 2392 materia
3026 2330 3446 2393 dimensiones

1952 2427 2270 2507 intinitae),
2303 2435 2581 2489 attamen
2623 2447 2760 2490 esse
2793 2446 3011 2491 earum
3053 2429 3443 2511 completum

1950 2535 2047 2588 est
2084 2546 2121 2588 a
2162 2526 2427 2588 materia
2467 2526 2809 2588 exsistente
2851 2526 2973 2589 sub
3012 2526 3232 2589 l'orma.
3269 2528 3447 2589 Tem-

1953 2643 2073 2705 pus
2103 2632 2314 2686 autem
2346 2623 2536 2686 habet
2565 2642 2704 2685 esse
2733 2642 2810 2687 ex
2840 2624 2959 2686 hoc
2989 2626 3152 2706 quod
3184 2625 3448 2687 materia

1951 2723 2154 2784 tendit.
2192 2722 2270 2784 ad
2312 2721 2603 2795 formam,
2638 2730 2896 2803 propter
2937 2723 3055 2786 hoc
3094 2724 3263 2805 quod
3305 2742 3448 2786 cau-

1952 2828 2127 2883 satur
2160 2840 2197 2882 a
2236 2828 2433 2894 motu,
2468 2812 2578 2902 q'ui
2618 2828 2714 2882 est
2753 2824 3076 2905 ἐντελέχεια
3115 2840 3227 2884 seu
3267 2831 3446 2885 actus

1953 2919 2117 2980 entis
2164 2918 2228 2979 in
2277 2918 2558 2999 potentia
2600 2936 2613 2980 :
2660 2918 2802 2980 ideo
2848 2926 3017 2981 tenet
3061 2939 3128 2981 se
3175 2921 3446 2983 maxime

343 3019 612 3093 sufficit,
658 3019 961 3101 quoniam
1008 3017 1165 3080 dicit
1211 3017 1629 3097 Philosophus
1679 3016 1843 3078 libro
1879 3017 1923 3080 C
1954 3035 2031 3078 cx
2062 3024 2239 3098 parte
2271 3016 2652 3088 materiae‚et
2682 3016 2919 3079 idcirco
2951 3034 3077 3079 non
3107 3026 3204 3080 est
3233 3018 3446 3081 distin-

346 3118 421 3179 dc
470 3117 645 3181 Coelo
691 3124 755 3178 et
805 3116 1065 3187 mundo,
1117 3116 1287 3196 quod
1346 3114 1399 3176 si
1458 3120 1668 3175 essent
1717 3113 1843 3175 duo

346 3215 609 3279 mobilia
669 3214 897 3296 prima,
948 3214 1155 3276 adhuc
1215 3231 1414 3275 unum
1474 3219 1638 3274 esset
1694 3219 1845 3272 tem·

347 3334 465 3395 pus
508 3331 522 3375 ε
566 3332 685 3375 nec
730 3321 883 3374 tunc
928 3320 1141 3393 posset
1182 3311 1307 3373 dici
1354 3329 1553 3371 unum
1601 3310 1841 3372 ratione

272 3456 277 3459 -
345 3412 619 3493 subjecti
669 3411 736 3473 in
784 3428 913 3492 quo
962 3410 1172 3491 primo
1218 3416 1405 3482 esset,
1449 3427 1565 3470 nec
1610 3408 1675 3469 in
1717 3425 1844 3488 quo

345 3511 553 3591 primo
610 3515 965 3591 appareret,
1017 3526 1217 3589 quum
1277 3514 1619 3588 utrumque
1677 3514 1844 3568 esset

342 3628 519 3690 aeque
552 3608 837 3691 primum
869 3614 931 3668 et
962 3607 1262 3683 evidens;
1296 3624 1413 3668 nec
1446 3605 1685 3667 ratione
1716 3605 1843 3666 ani-

344 3727 485 3781 mae,
535 3706 843 3789 quoniam
902 3711 1158 3786 tempus
1208 3722 1335 3766 non
1388 3710 1483 3765 est
1532 3721 1841 3765 numerus

342 3804 835 3877 numeranS,sed
868 3822 1172 3865 numerus
1204 3809 1676 3875 numeratus‚ut
1706 3801 1843 3863 vult

342 3903 785 3985 Philosophu5‚
818 3910 1042 3983 estque
1083 3909 1335 3981 tempus
1377 3900 1711 3981 dispositio
1750 3899 1840 3960 rei

342 4004 420 4065 ad
460 4010 658 4074 extra,
695 4018 822 4063 non
862 3999 1044 4061 fictio
1082 4000 1328 4062 animae.
1362 4034 1442 4043 -—
1470 3997 1629 4059 Hinc
1673 3997 1839 4059 tertii

344 4101 641 4163 dixerunt
684 4098 1089 4181 profundius,
1133 4097 1302 4178 quod
1348 4095 1557 4157 unitas
1600 4103 1842 4177 tempo-

1954 3122 2148 3176 ctum.
2185 3114 2312 3176 Nec
2350 3114 2514 3203 dic0,
2549 3115 2716 3195 quod
2754 3122 3006 3196 tempus
3045 3115 3129 3177 sit
3159 3116 3224 3178 in
3256 3127 3448 3180 mate-

1953 3212 2067 3282 ria,
2101 3212 2277 3274 omni
2308 3211 2512 3274 forma
2542 3212 3061 3294 circumscripta3
3095 3214 3203 3276 sed
3233 3234 3449 3297 quam-

1952 3309 2049 3372 vis
2082 3310 2165 3371 sit
2194 3329 2229 3371 a
2263 3310 2524 3371 materia
2554 3328 2695 3391 quae
2724 3317 2820 3371 est
2849 3310 2968 3372 sub
3000 3310 3225 3385 forma,
3247 3314 3446 3395 magis

1952 3417 2163 3470 tamen
2205 3414 2499 3470 causatur
2529 3427 2566 3470 a
2607 3408 2863 3470 materia
2903 3416 3091 3491 prout
3128 3410 3330 3473 tendit
3367 3414 3446 3474 ad

1951 3507 2248 3579 formam,
2282 3514 2345 3567 et
2384 3506 2476 3567 sic
2514 3513 2609 3568 est
2643 3505 2705 3568 in
2743 3507 3003 3568 materia
3035 3507 3274 3570 ratione
3317 3528 3447 3573 suae

1951 3604 2454 3686 potentialitatiS.

2032 3702 2316 3785 Denique
2361 3702 2543 3783 juxta
2589 3703 2760 3765 hunc
2810 3703 3128 3784 triplicem
3186 3707 3446 3768 modum

1952 3801 2075 3863 nisi
2120 3808 2268 3862 sunt
2309 3800 2509 3882 aliqui
2553 3801 2618 3862 in
2659 3818 2793 3863 aevo
2836 3819 3070 3883 ponere
3113 3802 3442 3866 unitatem.

1949 3900 2182 3972 Primo,
2217 3899 2457 3960 ratione
2497 3898 2767 3979 subjecti
2813 3898 2876 3960 in
2913 3917 3040 3980 quo
3079 3900 3289 3981 primo
3327 3910 3442 3963 est.

1950 3997 2301 4060 Posuerunt
2350 4016 2626 4078 namque
2677 3997 2741 4058 in
2793 3996 3232 4078 intelligentiis
3281 4000 3447 4061 ordi-

1953 4114 2100 4157 nem
2160 4096 2512 4157 secundum
2575 4094 3028 4157 continentiam
3084 4095 3442 4170 virtualem,

346 4200 433 4260 ris
462 4198 741 4261 sumitur
772 4214 967 4278 penes
1004 4195 1311 4257 unitatem
1348 4194 1620 4274 subjecti
1650 4213 1687 4255 a
1716 4212 1842 4276 quo
1872 4201 1921 4263 D
1952 4194 2119 4255 sicut
2168 4194 2232 4254 in
2276 4192 2640 4255 visibilibus
2691 4192 3083 4256 continentia
3132 4194 3448 4276 reperitur

347 4305 661 4369 causatur,
713 4296 884 4376 quod
941 4300 1036 4355 est
1086 4292 1349 4355 materia
1406 4293 1469 4353 in
1532 4298 1838 4373 quantum

350 4393 691 4465 mutabiliS,
710 4400 774 4454 et
803 4391 901 4463 ita,
923 4396 993 4451 ut
1020 4409 1133 4452 ens
1166 4390 1231 4450 in
1263 4389 1561 4469 potentia.
1589 4389 1843 4450 Materia

346 4491 585 4573 quippe
627 4498 697 4552 ut
736 4497 833 4551 est
872 4488 938 4549 in
977 4486 1399 4568 acquisitione
1447 4486 1667 4549 formae
1707 4506 1842 4547 mu-

344 4594 529 4661 tatur,
563 4595 629 4651 et
658 4588 752 4649 sic
784 4595 878 4649 est
907 4604 1021 4647 ens
1057 4586 1122 4645 in
1165 4585 1463 4665 potentia.
1500 4584 1659 4647 Hinc
1692 4593 1844 4647 tem-

348 4706 465 4769 pus
495 4685 829 4769 potissime
858 4684 1024 4745 inter
1053 4682 1265 4745 omnia
1291 4682 1639 4744 accidentia
1670 4689 1846 4745 tenet

344 4804 413 4846 se
444 4804 587 4847 cum
630 4782 911 4847 materia.
946 4781 1488 4855 Quemadmodum
1532 4798 1681 4861 ergo
1720 4801 1845 4843 ma-

344 4882 500 4945 teria
539 4901 669 4944 una
700 4890 798 4943 est
835 4899 948 4961 per
986 4877 1350 4950 essentiam,
1385 4877 1689 4940 disserens
1730 4898 1843 4959 per

346 5000 481 5043 esse
522 5001 537 5045 ε
583 4998 732 5053 una,
785 4979 1068 5060 inquam,
1119 4993 1247 5038 non
1304 4976 1545 5037 unitate
1594 4976 1844 5038 univer-

342 5078 631 5153 salitatis,
665 5095 785 5140 nec
815 5074 1295 5157 singularitatis,
1329 5073 1437 5135 sed
1472 5074 1683 5137 medio
1716 5093 1844 5137 mo-

344 5176 460 5256 do;
501 5177 589 5238 ita
631 5184 695 5237 et
733 5182 989 5255 tempus
1030 5181 1127 5235 est
1170 5191 1371 5233 unum
1420 5172 1485 5233 in
1529 5179 1843 5253 tempora-

342 5273 511 5337 libus
560 5271 898 5335 universis.
950 5270 1028 5333 Et
1074 5270 1126 5333 si
1178 5288 1445 5351 quaeraS,
1498 5270 1667 5333 unde
1716 5269 1836 5333 hoc

1954 4290 2169 4354 localis
2206 4307 2220 4352 :
2253 4298 2316 4352 et
2355 4290 2519 4353 sicut
2561 4298 2814 4373 tempus
2859 4290 2925 4353 in
2972 4291 3179 4373 primo
3223 4293 3447 4355 mobili

1953 4389 2278 4461 fundatur,
2321 4388 2411 4450 sic
2455 4409 2661 4452 aevum
2712 4389 2778 4451 in
2828 4389 3037 4471 prima
3078 4398 3171 4453 θεῖ
3221 4391 3450 4454 intelli-

1952 4487 2186 4568 gentia,
2235 4506 2378 4569 quae
2424 4487 2781 4549 virtualiter
2833 4488 3117 4550 continet
3171 4488 3326 4551 alias
3384 4497 3446 4551 et

1952 4584 2170 4646 influit
2219 4585 2364 4646 illis.
2409 4585 2551 4647 Haec
2594 4592 2805 4647 autem
2855 4586 3086 4666 positio
3131 4594 3296 4649 stare
3345 4606 3450 4649 ne·

1953 4684 2110 4765 quit.
2154 4682 2386 4756 Primo,
2432 4682 2733 4763 quoniam
2777 4683 2985 4745 omnis
3029 4684 3448 4765 intelligentia

1955 4782 2018 4842 in
2052 4779 2528 4861 incorruptione
2559 4780 2748 4841 habet
2778 4780 3224 4861 aequalitatem,
3260 4788 3330 4842 ut
3361 4780 3448 4842 in-

1951 4878 2049 4941 fra
2077 4878 2341 4940 dicetur.
2378 4878 2687 4952 Secundo,
2721 4878 3022 4959 quoniam
3053 4878 3447 4941 conservatio

1952 4975 2511 5057 intelligentiarum
2546 4975 2904 5038 immediate
2937 4977 3169 5057 pendet
3197 4996 3273 5038 ex
3304 4978 3440 5039 Deo

1952 5075 2183 5149 Terti0‚
2237 5074 2388 5157 quia
2435 5074 2489 5137 si
2540 5074 2648 5136 illa
2701 5074 3121 5156 intelligentia
3168 5075 3447 5137 destrue-

1953 5180 2147 5244 retur,
2179 5172 2667 5235 fundamentum
2699 5171 2815 5233 aevi
2849 5172 3104 5253 periret.
3138 5172 3445 5236 Possibile

1952 5287 2208 5351 quoque
2242 5268 2364 5331 fuit
2395 5269 2570 5331 illam
2611 5287 2895 5351 peccare,
2933 5268 3064 5332 imo
3102 5269 3262 5333 forte
3302 5290 3447 5353 pec-
