4334 6242
851 497 972 565 476

1521 516 1587 566 m
1627 519 1850 566 unam!
1889 520 1935 565 11
1977 519 2460 566 SENTENTIARUM.
2506 537 2587 547 -
2626 519 2781 566 msT.
2826 520 2929 585 1x;
2972 521 3197 577 QUAEST.
3238 521 3284 568 11

848 691 1196 772 potentiam
1236 709 1363 774 qua
1396 690 1658 771 praedita
1697 697 1813 764 est,
1841 690 2209 772 exemplum
2248 696 2345 751 est
2373 688 2424 753 A
2458 707 2575 751 nec
2616 697 2757 771 post
2799 708 2981 752 suam
3020 689 3503 772 productionem
3548 691 3777 773 recipit
3816 709 3957 762 eos,

848 789 958 851 Dei
992 789 1219 868 Patris3
1254 809 1367 872 per
1398 788 1778 851 luminosam
1810 790 2187 870 sapientiam
2220 807 2345 870 qua

849 886 1161 949 illustrata
1193 895 1308 960 est,
1331 888 1698 968 exemplum
1731 895 1827 948 est
1857 887 2169 967 unigeniti
2202 886 2343 948 Filii

846 984 998 1063 Dei;
1030 1004 1145 1066 per
1173 985 1691 1048 ardentissimum
1721 985 1912 1047 etiam
1945 1005 2132 1047 suum
2174 1003 2344 1047 amo-

847 1101 981 1144 rem
1015 1084 1078 1145 in
1112 1085 1334 1158 Deum,
1369 1084 1735 1165 exemplum
1766 1092 1861 1146 est
1891 1084 2165 1166 Spiritus
2198 1084 2346 1145 San-

793 1215 795 1218 <
847 1181 952 1242 cti.
1006 1182 1157 1244 Tota
1216 1199 1468 1263 quoque
1521 1182 1630 1244 illa
1687 1182 1983 1244 sublimis
2041 1190 2104 1244 et
2161 1181 2345 1243 beata

847 1279 1092 1354 civitaS,
1127 1280 1192 1342 in
1223 1280 1491 1360 singulis
1533 1279 1781 1342 civibus
1811 1281 1943 1342 suis
1979 1281 2066 1342 ita
2095 1279 2342 1342 confor-

849 1377 970 1440 mis
1008 1386 1104 1441 est
1141 1379 1709 1441 dominantissimae
1747 1398 1820 1440 ac
1860 1378 2347 1461 supermagnifi-

847 1477 1230 1539 centissimae
1267 1477 1580 1551 Trinitati‚
1609 1477 1830 1559 sicque
1867 1478 2230 1559 resplendet
2266 1478 2343 1539 ad

2458 788 2568 850 sed
2609 789 2925 851 concreati
2967 795 3115 850 sunt
3152 789 3230 851 ei.
3264 789 3498 850 Verum
3529 789 3735 872 quoad
3772 797 3959 852 actus

2459 886 2853 967 intelligendi
2885 893 2979 950 est
3019 887 3083 949 in
3125 887 3429 969 potentia,
3462 896 3534 949 ut
3571 905 3697 950 non
3738 889 3821 950 sit
3848 905 3962 950 ne-

2459 1003 2633 1046 cesse
2690 1004 2839 1047 eum
2898 985 3147 1067 singula
3198 986 3390 1048 simul
3451 986 3821 1068 intelligere.
3872 1021 3962 1032 —

2458 1083 2687 1165 Sicque
2736 1101 2989 1166 semper
3034 1083 3334 1147 inferiora
3379 1084 3442 1146 in
3492 1102 3609 1147 suo
3655 1102 3963 1167 supremo

2458 1199 2741 1244 connexa
2781 1190 2930 1244 sunt
2972 1182 3200 1245 infimo
3243 1183 3682 1265 superiorum3
3712 1191 3775 1245 et
3811 1203 3961 1265 quae

2460 1280 2525 1341 in
2597 1279 2883 1342 inferiori
2949 1287 3098 1342 sunt
3158 1282 3510 1344 secundum
3576 1280 3961 1363 ampliorem

2460 1380 2986 1462 compositionem
3034 1389 3099 1443 et
3145 1380 3692 1462 potentialitatem,
3739 1381 3803 1442 in
3852 1400 3965 1442 su-

2460 1479 2695 1560 periori
2725 1487 2875 1540 sunt
2913 1480 3264 1541 secundum
3306 1480 3611 1561 majorem
3650 1479 3965 1561 simplici-

605 1578 779 1626 Ezech·
847 1575 1075 1657 ipsam,
1131 1583 1200 1637 ut
1257 1576 1698 1658 unusquisque
1751 1575 2006 1637 illorum
2054 1576 2345 1656 signacu-
2459 1583 2651 1638 tatem
2684 1583 2747 1638 et
2774 1575 3401 1659 actualitatemzquae
3431 1577 3647 1640 omnia
3674 1576 3965 1640 finaliter

552 1657 694 1696 '‘m“
729 1648 792 1688 ¹²·
847 1673 980 1734 lum
1027 1674 1466 1736 similitudinis
1511 1673 1594 1736 sit
1644 1673 1834 1736 illius.
1867 1675 2127 1756 Propter
2174 1674 2345 1757 quod
2460 1683 2845 1760 concurrunt
2891 1676 2956 1738 in
3002 1676 3275 1757 primam
3320 1684 3382 1739 et
3423 1676 3963 1758 perfectissimam

843 1781 974 1835 tota
1023 1773 1245 1836 civitas
1305 1773 1371 1835 in
1423 1773 1562 1855 ipsa
1613 1793 1726 1835 sua
1785 1773 2110 1844 totalitate,
2164 1791 2341 1855 pace,
2460 1773 2769 1835 unitatem
2798 1781 2861 1836 et
2890 1775 3530 1838 actualitatem.Unde
3558 1775 3831 1856 septimo
3862 1794 3967 1838 ca-

843 1872 1180 1946 concordia
1229 1880 1292 1934 et
1340 1871 1580 1934 unitate
1630 1871 2045 1934 sincerissimi
2096 1871 2428 1934 serven-B
2461 1871 2663 1952 pitulo
2702 1872 2779 1934 de
2818 1872 3063 1935 Divinis
3107 1872 3477 1936 nominibus
3516 1873 3581 1935 B.
3618 1873 3964 1956 Dionysius

842 1970 1199 2052 tissimique
1228 1971 1732 2045 amoriS,eximia
1761 1970 2237 2053 pulchritudine
2269 1971 2348 2032 si·
2458 1970 2545 2032 ait
2580 1987 2593 2031 :
2627 1971 2769 2052 lpse
2810 1979 2905 2032 est
2943 1990 3197 2053 semper
3224 1972 3441 2034 omnia
3479 1971 3959 2052 compaginem,

843 2070 1226 2132 militudinis
1257 2089 1325 2132 se
1357 2069 1730 2145 conformat,
1758 2077 2068 2150 quantum
2101 2067 2195 2130 fas
2226 2077 2342 2142 est,
2458 2076 2520 2130 et
2551 2067 2911 2130 insolubilis
2943 2081 3135 2131 causa'
3166 2070 3595 2150 congruentiae
3624 2069 3966 2132 ordinatio-

840 2168 917 2230 ad
951 2167 1282 2242 deiforme,
1318 2168 1380 2229 id
1417 2175 1512 2230 est
1543 2167 2002 2230 formositatem
2037 2167 2340 2228 divinam.
2457 2166 2686 2249 nisque
2730 2167 3063 2246 omnium3
3105 2167 3267 2230 fines
3308 2168 3664 2250 primorum
3700 2187 3963 2250 semper

839 2268 1164 2340 Praeterea,
1217 2267 1384 2328 sicut
1443 2266 1571 2347 igni
1633 2284 1797 2347 puro
1854 2274 1916 2327 et
1972 2264 2345 2328 elementari
2458 2265 2853 2345 conjungens
2898 2265 3234 2348 principiis
3279 2266 3725 2339 secundorum,
3758 2274 3821 2330 et
3859 2267 3961 2329 sic

841 2364 1189 2427 fortissima
1227 2372 1291 2426 et
1331 2363 1729 2426 incessabilis
1769 2361 2097 2425 inclinatio
2135 2369 2231 2424 est
2267 2364 2357 2426 ad'
2458 2381 2649 2424 unam
2692 2364 3123 2426 universitatis
3168 2364 3663 2446 conspirantiam
3712 2370 3775 2425 et
3815 2365 3964 2426 har-

840 2482 1117 2536 sursum,
1151 2463 1243 2524 sic
1279 2462 1480 2525 beatis
1522 2462 1649 2524 illis
1683 2461 2056 2524 substantiis
2095 2461 2347 2524 inabru-
2458 2460 2739 2523 moniam
2799 2461 3133 2543 pulchram
3192 2460 3506 2524 efficiens,
3572 2462 3647 2523 Et
3708 2462 3774 2524 in
3830 2462 3960 2526 hoc

840 2561 1109 2644 ptibilis,
1135 2561 2096 2643 inseparabilis,vigorosissima
2123 2579 2197 2622 ac
2229 2559 2348 2622 fer·
2456 2557 2759 2620 fundatur
2800 2559 2864 2620 in
2908 2559 3150 2640 angelis
3190 2559 3347 2621 ratio
3386 2559 3775 2624 hierarchiae.
3810 2559 3961 2624 Haec

842 2660 1216 2722 ventissima
1256 2658 1582 2721 inclinatio
1627 2667 1722 2722 est
1761 2660 1839 2720 ad
1883 2657 2345 2720 sublimitatem
2456 2658 2782 2720 Henricus.

843 2757 1320 2820 assimilationis
1361 2757 1612 2820 divinae.
1647 2793 1726 2802 —
1765 2757 1908 2819 Haec
1944 2756 2341 2819 Guillelmus.

551 2871 705 2924 quaest-
731 2871 796 2911 ¹⁵·
927 2856 1228 2919 Praeterea
1260 2855 1567 2918 Henricus
1598 2855 1972 2929 Quodlibeto
2001 2855 2227 2936 quinto
2258 2863 2345 2916 te-

846 2961 1094 3016 statur:
1129 2953 1334 3028 Quum
1379 2952 1699 3036 perfectus
1743 2953 1937 3015 fuerit
1983 2953 2345 3014 intellectus

843 3060 1058 3115 noster
1087 3071 1200 3134 per
1231 3051 1480 3114 habitus
1511 3052 1864 3114 scientiales
1895 3052 2173 3114 omnium
2204 3070 2345 3132 quae
2382 3050 2425 3114 C

843 3171 958 3234 per
994 3151 1204 3233 ipsum
1249 3159 1395 3213 nata
1435 3159 1582 3212 sunt
1619 3151 1936 3231 cognosci,
1969 3157 2034 3213 et
2069 3156 2215 3212 actu
2250 3149 2343 3211 in-

842 3249 1072 3330 telligit
1113 3269 1186 3312 ea
1229 3268 1306 3310 ex
1343 3248 1594 3322 habitu,
1624 3249 1743 3311 hoc
1783 3257 1880 3311 est
1918 3268 2241 3311 summum
2282 3255 2344 3310 et

844 3349 1384 3431 perfectissimum
1411 3348 1488 3410 ad
1520 3348 1689 3429 quod
1729 3367 1805 3409 ex
1839 3348 2016 3430 puris
2047 3346 2345 3408 naturali-

843 3446 963 3509 bus
1004 3448 1136 3509 suis
1173 3454 1380 3528 potest
1421 3446 1780 3528 pertingere
1823 3445 2175 3507 secundum
2223 3453 2343 3506 sta-

843 3554 980 3607 tum
1025 3545 1170 3608 vitae
1219 3545 1567 3626 praesentis.
1613 3545 1741 3606 Hoc
1791 3554 2005 3605 tamen
2054 3551 2148 3605 est
2197 3543 2342 3605 infi-

845 3663 1022 3706 mum
1082 3643 1148 3704 in
1209 3643 1533 3705 intellectu
1598 3642 1901 3722 angelico.
1965 3643 2106 3724 Ipse
2168 3641 2342 3704 enim

843 3742 1034 3805 habet
1064 3742 1351 3804 habitum
1386 3741 1781 3803 scientialem
1815 3739 2189 3802 naturaliter
2218 3740 2341 3802 sibi

844 3840 1150 3902 innatum·
1183 3840 1472 3901 omnium
1522 3857 1735 3900 rerum
1779 3857 1815 3899 a
1861 3857 1928 3900 se
1972 3837 2345 3899 naturaliter

844 3939 1396 4019 cognoscibilium,
1444 3937 1623 4019 quasi
1674 3937 2026 3998 secundum
2082 3937 2339 3998 modum

2876 2902 3348 2976 QUAESTIO
3418 2904 3496 2966 II

2598 3151 2797 3213 Einde
2839 3151 2943 3213 hic
2986 3151 3313 3234 quaeritur,
3350 3153 3483 3217 An
3524 3151 3611 3216 in
3652 3151 3963 3230 ang-en-

2624 3253 2741 3316 616
2776 3249 3203 3331 sp1r1t1bus
3240 3250 3405 3315 sint
3444 3251 3615 3315 tres
3650 3249 3963 3317 hierar-

2456 3348 2661 3415 chiae
2706 3351 2789 3414 et
2837 3349 3155 3414 ordines
3196 3362 3505 3416 novem.

2550 3447 2815 3508 Videtur
2868 3446 3037 3528 quod
3092 3463 3235 3508 non.
3287 3445 3512 3526 Angeli
3570 3445 3745 3508 enim
3805 3456 3963 3509 sunt

2457 3544 2938 3627 simplicissimo
3005 3545 3135 3606 Deo
3200 3543 3691 3625 propinquiores
3758 3564 3961 3627 quam

2454 3643 2747 3706 homines
2774 3661 2787 3705 ε
2816 3661 2966 3724 ergo
2998 3643 3063 3704 in
3094 3643 3187 3704 eis
3218 3651 3311 3704 est
3343 3642 3551 3704 minor
3579 3643 3965 3724 multiplici-

2455 3748 2547 3803 tas
2580 3749 2769 3823 atque
2810 3740 3038 3802 divisio
3076 3758 3266 3822 quam
3304 3740 3367 3801 in
3404 3739 3794 3802 hominibus.
3830 3741 3968 3805 Sed

2455 3839 2520 3901 in
2552 3838 2921 3901 hominibus
2958 3855 3085 3900 non
3119 3846 3215 3900 est
3252 3837 3377 3899 nisi
3412 3857 3539 3900 una
3571 3838 3963 3914 hierarchia,

2455 3936 2751 3999 videlicet
2782 3935 3214 3998 ecclesiastica
3243 3953 3256 3996 :
3284 3953 3435 4016 ergo
3464 3935 3822 3998 hierarchia
3848 3957 3967 4000 an-

843 4037 933 4100 rei
983 4044 1294 4117 generatae
1342 4035 1757 4113 naturaliter3
1808 4053 1935 4096 non
1989 4034 2343 4096 secundum
2453 4033 2655 4116 gelica
2694 4052 2819 4096 non
2858 4041 2957 4096 est
2995 4033 3246 4116 triplex,
3281 4033 3391 4096 sed
3432 4053 3559 4096 una
3601 4035 3959 4098 dumtaxat.

843 4136 1106 4198 modum
1161 4134 1571 4196 scientiarum
1621 4133 1700 4196 ab
1751 4132 2078 4196 intellectu
2128 4139 2344 4195 nostro
2454 4167 2534 4178 —
2571 4132 2880 4205 Secund0‚
2922 4131 2987 4193 B.
3032 4131 3369 4214 Dionysius
3416 4131 3480 4192 in
3525 4132 3812 4213 quolibet
3856 4152 3962 4196 or-

842 4234 1300 4316 acquisitarum
1344 4250 1357 4293 :
1401 4232 1551 4313 quia
1599 4231 1958 4294 intellectus
2010 4238 2226 4293 noster
2276 4231 2339 4292 in
2374 4227 2423 4289 D
2452 4231 2601 4293 dine
2651 4230 3018 4310 angelorum
3078 4229 3235 4291 dicit
3283 4248 3421 4292 esse
3476 4229 3837 4312 superiores
3895 4241 3965 4296 et
4020 4259 4287 4302 memnon,

841 4350 1072 4413 genere
1101 4329 1960 4410 intellectualium,respectu
1992 4327 2341 4390 formarum
2453 4328 2785 4390 inferiores
2815 4345 2887 4389 ac
2929 4327 3171 4389 medios
3206 4345 3219 4389 ε
3254 4345 3403 4408 ergo
3443 4328 3505 4388 in
3537 4328 3823 4409 quolibet
3852 4348 3961 4393 or-
3996 4322 4125 4427 ἐξα·
4158 4336 4201 4364 ⁰·
4232 4337 4287 4372 ¹³·

843 4429 1301 4492 universalium
1333 4427 1859 4508 intelligibilium,
1891 4435 1987 4489 est
2019 4427 2185 4490 sicut
2216 4447 2342 4489 ma-

844 4527 1002 4590 teria
1042 4527 1247 4608 prima
1285 4532 1578 4606 respectu
1617 4525 1964 4587 formarum
2005 4525 2344 4607 particula-

845 4627 1036 4699 rium,
1071 4633 1132 4687 et
1175 4625 1236 4686 in
1285 4623 1604 4705 principio
1639 4623 1746 4686 ‘sui
1786 4632 1879 4686 est
1919 4623 2086 4685 sicut
2128 4623 2343 4686 tabula

843 4725 1014 4787 nuda
1061 4724 1139 4785 ad
1189 4721 1443 4785 habitus
1494 4722 1852 4784 scientiales
1903 4723 2341 4803 recipiendum

845 4825 910 4886 in
942 4843 1028 4886 se.
1063 4824 1230 4884 Deus
1262 4839 1412 4883 vero
1443 4821 1608 4882 sicut
1635 4821 1698 4882 in
1729 4821 1950 4883 ordine
1986 4839 2223 4892 rerum,
2260 4821 2347 4881 ita

845 4923 910 4985 in
956 4921 1178 4985 ordine
1227 4917 1731 5000 intelligibilium
1775 4926 1871 4980 est
1916 4937 2075 5001 pura
2117 4917 2343 4992 forma,

845 5021 1031 5102 cujus
1084 5037 1222 5082 esse
1270 5026 1366 5081 est
1421 5036 1606 5079 suum
1671 5016 2023 5097 intelligere
2075 5017 2341 5078 actuale.

844 5119 1122 5201 Angelus
1161 5125 1375 5180 autem
1417 5117 1582 5178 inter
1611 5116 1810 5178 Deum
1849 5123 1910 5176 et
1951 5115 2345 5177 intellectum

847 5218 1197 5279 humanum
1231 5215 1421 5278 habet
1451 5233 1516 5277 se
1549 5213 1759 5276 medio
1791 5214 1976 5276 modo
2001 5231 2016 5275 z
2041 5213 2343 5295 quoniam

845 5315 1101 5380 habitus
1153 5313 1512 5379 scientiales
1561 5331 1597 5374 a
1645 5331 1713 5376 se
1763 5313 1902 5395 ipso
1951 5328 2078 5376 non
2131 5311 2346 5386 habet,

2453 4426 2601 4487 dine
2632 4433 2728 4487 est
2760 4425 2989 4506 triplex
3027 4426 3199 4487 ordo.
3234 4461 3315 4470 —-
3342 4425 3573 4500 Tertio,
3608 4445 3961 4509 supremus

2453 4524 2713 4604 angelus
2764 4523 2833 4585 in'
2873 4523 3161 4605 quolibet
3202 4524 3423 4586 ordine
3468 4524 3679 4587 minus
3725 4525 3961 4588 distin-

2455 4622 2672 4704 guitur
2699 4621 2780 4683 ab
2812 4620 3038 4683 infimo
3066 4622 3563 4702 angeloordinis
3602 4623 3963 4705 superioris

2454 4740 2646 4804 quam
2677 4720 2756 4783 ab
2787 4719 3014 4781 infimo
3043 4720 3397 4802 angelo'sui
3438 4721 3679 4804 proprii
3708 4723 3965 4786 ordinis

2453 4820 2633 4901 (quia
2681 4819 2926 4900 species
2970 4837 3183 4880 rerum
3229 4837 3297 4880 se
3340 4819 3576 4882 habent
3618 4828 3686 4882 ut
3728 4839 3967 4884 nume·

2458 4917 2562 4998 ri),
2598 4926 2663 4979 et
2704 4917 3069 4979 immediate
3108 4917 3397 4999 sequitur
3428 4917 3725 4999 angelum
3768 4919 3967 4984 illum

2459 5016 2524 5077 in
2568 5015 2789 5078 ordine
2840 5015 3121 5078 universi
3166 5033 3181 5078 τ
3224 5033 3373 5098 ergo
3419 5016 3562 5099 plus
3607 5017 3969 5099 pertineret

2458 5115 2536 5176 ad
2596 5114 2884 5176 ordinem
2947 5113 3363 5195 superiorem,
3420 5133 3613 5197 quam
3669 5115 3747 5177 ad
3805 5116 3967 5179 cho-

2462 5231 2604 5273 rum
2653 5229 2764 5273 seu
2814 5211 3102 5273 ordinem
3156 5211 3219 5272 in
3276 5228 3403 5292 quo
3456 5212 3819 5274 collocatur.
3872 5249 3967 5260 -—

2462 5311 2714 5384 Quart0,
2766 5327 3071 5373 numerus
3122 5309 3329 5391 impar
3375 5310 3812 5392 imperfectior
3856 5321 3969 5376 est
