4334 6242
528 506 616 553 ΑΝ
652 507 874 554 ANGELI
912 508 1054 554 nom
1093 509 1204 555 sno
1241 507 1390 554 mm
1429 508 1493 554 m
1530 507 1863 554 Assuurris
1903 505 2269 554 conromnus
2311 508 2468 554 vana
2506 507 2863 554 nxnnanm·
2900 508 3095 555 ornnA
3136 509 3290 554 vrrAE
3338 489 3459 554 453

371 697 480 764 per
537 680 708 745 filios
766 681 877 744 Dei
937 681 1370 764 intelligantur
1423 680 1543 742 filii
1603 680 1732 742 nati
1782 698 1859 741 ex
1889 677 1941 740 A
1968 679 2263 755 scientes,
2294 681 2543 743 occulta
2582 681 2815 743 virtute
2854 687 3097 763 queunt
3138 698 3355 744 semen
3397 679 3459 742 in

371 779 535 852 Seth,
569 781 681 862 qui
725 781 804 842 ad
849 788 1102 862 tempus
1151 781 1361 843 devoti
1410 780 1688 842 fuerunt.
1731 779 1858 842 Nec

369 878 580 939 incubi
622 879 715 940 illi
755 887 1012 961 possent
1053 878 1366 941 nominari
1405 879 1523 941 filii
1568 879 1700 952 Dei,
1734 877 1857 941 nisi

366 975 575 1038 forsan
620 986 879 1059 propter
921 986 1212 1039 naturam
1259 977 1750 1040 intellectualem
1796 984 1859 1038 et

365 1074 603 1136 ratione
653 1074 1009 1137 creationis.
1052 1111 1133 1120 -—
1170 1077 1430 1148 Rursus,
1482 1077 1652 1158 quod
1699 1075 1858 1137 Tho-

365 1191 495 1234 mas
544 1172 724 1246 dicit,
777 1180 1085 1236 motorem
1142 1175 1317 1238 orbis
1366 1175 1667 1256 conjungi
1717 1173 1856 1236 orbi

363 1272 712 1333 secundum
765 1278 988 1345 totum,
1034 1273 1257 1354 majori
1308 1273 1547 1353 indiget
1595 1272 1860 1355 inquisi-

363 1368 552 1442 tione,
613 1369 668 1431 si
731 1370 1120 1452 intelligatur
1175 1373 1254 1434 de
1319 1371 1738 1453 intelligentia
1793 1378 1856 1433 et

363 1469 677 1549 personali
708 1469 850 1550 ejus
891 1470 1226 1552 praesentia
1256 1489 1368 1552 per
1400 1477 1602 1534 totum
1633 1469 1852 1532 orbem

364 1585 551 1648 quem
599 1575 846 1646 movet3
893 1577 955 1630 et
995 1569 1072 1631 de
1116 1570 1236 1632 hoc
1280 1569 1446 1632 infra
1489 1569 1752 1632 dicetur.

438 1666 657 1728 Petrus
689 1667 950 1729 demum
987 1667 1262 1730 inductis
1293 1669 1681 1731 concordans
1717 1687 1730 1730 :
1765 1667 1856 1728 Ex

360 1765 862 1829 consideratione
882 1765 1146 1848 (inquit)
1167 1766 1316 1828 finis
1347 1766 1706 1848 disponitur
1737 1785 1858 1828 me-

1969 796 2085 840 suo
2131 797 2384 842 servare
2432 779 2657 842 calore.
2706 778 2907 842 Aliter
2951 797 3203 862 quoque
3250 777 3465 841 valent

1969 896 2188 940 semen
2238 877 2534 959 colligere
2592 897 2783 960 quam
2842 877 3341 951 succumbendO,
3393 884 3463 937 ut

1970 976 2136 1038 infra
2166 984 2476 1058 tangetur.
2512 976 2742 1060 Sicque
2773 994 2899 1040 non
2939 983 3185 1058 oportet
3216 975 3465 1037 univer-

1968 1075 2185 1137 saliter
2247 1077 2597 1138 daemonem
2668 1075 2845 1158 prius
2908 1095 3047 1138 esse
3108 1073 3462 1137 succubum

1969 1193 2160 1256 quam
2201 1173 2528 1236 incubum.
2563 1174 2691 1236 Nec
2729 1181 2936 1255 potest
2973 1173 3334 1236 intellectus
3363 1189 3467 1234 no-

1968 1280 2096 1334 ster
2127 1271 2193 1334 in
2224 1272 2518 1355 praesenti
2559 1291 2938 1354 cognoscere
2977 1271 3305 1335 universas
3342 1271 3464 1335 <1ae-

1971 1387 2233 1458 monum
2279 1372 2591 1433 versu-tias
2634 1371 2803 1432 circa
2845 1371 2998 1433 haec.

2047 1469 2207 1530 Hinc
2237 1468 2586 1531 Richardus
2622 1487 2635 1531 :
2671 1470 2832 1531 Dum
2853 1468 2996 1550 (ait)
3014 1467 3305 1532 diabolus
3337 1485 3463 1530 non
3537 1483 3541 1488 ’

1969 1567 2343 1649 prohibetur
2385 1587 2421 1629 a
2461 1569 2589 1630 Deo
2629 1575 2738 1629 aut
2778 1567 3018 1648 angelis
3060 1567 3316 1639 sanctiS,
3360 1584 3468 1648 po—

1970 1672 2089 1728 test
2148 1684 2471 1728 assumere
2536 1684 2765 1748 corpus
2830 1667 2907 1729 ad
2974 1665 3463 1728 similitudinem

1969 1765 2257 1827 mulieris
2291 1763 2605 1838 formosae‚
2639 1783 2985 1846 semenque
3015 1765 3199 1826 virile
3229 1765 3469 1846 recipc-

360 1863 558 1936 dium,
587 1871 650 1925 et
682 1863 1179 1926 instrumentum
1208 1873 1478 1946 aptatur.
1505 1865 1725 1946 Angcli
1756 1884 1860 1926 au·
1894 1869 1941 1930 Β
1969 1881 2036 1925 re
2065 1882 2102 1924 a
2131 1864 2270 1927 viro
2309 1881 2528 1925 secum
2570 1863 3056 1938 concumbente,
3090 1870 3153 1926 et
3191 1863 3348 1925 illud
3386 1864 3465 1926 ad

360 1968 487 2023 tem
528 1971 865 2024 assumunt
895 1981 1158 2045 corpora
1197 1970 1267 2024 ut
1297 1971 1638 2045 operentur
1669 1964 1733 2025 in
1765 1963 1857 2025 eis

358 2077 550 2142 opera
587 2060 939 2132 sensibilia,
973 2079 1100 2123 non
1135 2069 1345 2123 tamen
1381 2061 1712 2134 naturalia,
1747 2063 1858 2124 sed

360 2157 734 2220 voluntaria.
768 2158 930 2220 Hinc
972 2165 1305 2220 assumunt
1350 2177 1614 2240 corpora
1655 2167 1722 2220 ut
1766 2160 1858 2221 in-

360 2263 715 2319 strumenta
775 2256 1161 2330 artificialia,
1227 2275 1352 2318 non
1417 2265 1487 2318 ut
1551 2259 1859 2320 naturalia

358 2373 611 2436 organa.
655 2356 828 2418 Unde
875 2373 1138 2438 corpora
1180 2355 1291 2417 illa
1332 2355 1568 2418 habent
1609 2364 1859 2417 natura-

362 2453 522 2516 lium
553 2471 890 2534 corporum
934 2453 1212 2515 similem
1253 2453 1550 2534 figuram,
1585 2472 1708 2516 non
1751 2473 1858 2516 na-

362 2559 589 2613 turam.
623 2551 767 2614 Haec
810 2551 1047 2613 Petrus.

437 2649 556 2724 Qui
595 2650 787 2712 etiam
833 2650 1057 2712 scribit
1093 2668 1357 2731 corpora
1400 2649 1510 2712 illa
1551 2668 1677 2712 non
1720 2669 1858 2712 esse

361 2767 518 2830 pure
577 2748 748 2810 aeria
798 2765 812 2810 ε
863 2747 1138 2830 Corpora
1193 2748 1469 2829 (dicens)
1525 2756 1859 2810 assumunt

357 2847 592 2928 angeli,
626 2863 754 2908 non
789 2863 1019 2928 eorpus
1057 2865 1254 2908 unum
1291 2865 1438 2908 vere
1475 2846 1746 2908 mixtum
1781 2867 1858 2908 ex

357 2945 694 3008 elementis
743 2952 1014 3026 quatuor
1053 2943 1367 3018 faciende,
1412 2944 1564 3027 quia
1611 2945 1672 3006 in
1719 2945 1858 3026 ejus

1967 1961 2437 2043 aliquantulum
2483 1963 2786 2044 temporis
2828 1962 2892 2024 in
2935 1981 3049 2024 sua
3092 1979 3465 2024 conservare

1966 2059 2233 2140 virtute3
2257 2061 2485 2122 deinde
2514 2079 2837 2122 assumere
2868 2079 3097 2142 corpus
3128 2059 3335 2133 virile,
3358 2068 3467 2122 aut

1967 2158 2309 2238 pristinum
2346 2177 2576 2241 corpus
2612 2167 2851 2221 mutare
2882 2158 2945 2220 in
2979 2158 3467 2220 similitudinem

1969 2257 2251 2338 corporis
2296 2257 2524 2330 viriliS‚
2566 2265 2629 2320 et
2672 2276 2891 2320 semen
2943 2257 3099 2318 illud
3145 2255 3210 2318 in
3255 2256 3467 2318 matri*

1969 2374 2107 2417 cem
2166 2354 2423 2418 feminae
2472 2354 2596 2417 sibi
2648 2353 3102 2418 consentientis
3150 2352 3467 2415 transfun-

1968 2454 2138 2524 dere,
2186 2453 2271 2515 ita
2317 2454 2487 2535 quod
2536 2473 2613 2516 ex
2662 2453 2905 2516 semine
2954 2452 3065 2515 illo
3112 2459 3175 2514 et
3222 2451 3465 2513 semine

1969 2553 2259 2615 mulieris
2307 2552 2372 2614 in
2424 2552 2829 2635 proportione
2887 2551 3157 2614 naturali
3207 2568 3468 2613 concur-

1969 2651 2278 2724 rent-ibUS,
2327 2650 2494 2712 fetus
2542 2649 2959 2731 concipietur,
2993 2657 3063 2710 ut
3110 2647 3343 2711 dicitur
3388 2647 3465 2710 de

1968 2748 2253 2822 Merlino,
2298 2747 2407 2831 qui
2450 2757 2660 2810 tamen
2712 2766 2838 2810 non
2882 2746 3005 2809 fuit
3046 2745 3351 2809 daemonis
3390 2745 3468 2807 fi-

1969 2847 2115 2922 lius,
2168 2847 2279 2909 sed
2338 2846 2615 2908 hominis
2664 2865 2742 2908 ex
2800 2846 2984 2927 cujus
3042 2845 3285 2907 semine
3340 2843 3467 2905 fuit

1971 2954 2335 3028 conceptus.
2368 2945 2818 3007 Verumtamen
2851 2944 3109 3026 quidam
3138 2942 3362 3005 dicunt
3391 2941 3464 3004 il-

359 3042 758 3125 depositione
819 3042 1004 3104 fieret
1056 3043 1378 3124 corruptio
1429 3043 1686 3124 aliqua3
1741 3062 1858 3106 nec
1899 3045 2081 3116 clud
2113 3045 2325 3128 potius
2356 3043 2845 3125 relinquendum
2876 3041 2995 3104 sub
3026 3040 3243 3116 dubio,
3271 3060 3464 3122 quam

360 3141 792 3223 compositum
827 3159 904 3202 ex
937 3141 1253 3204 elemento
1285 3142 1455 3205 aerio
1492 3160 1724 3223 corpus
1756 3143 1862 3204 fir-

363 3240 619 3313 mando,
644 3239 796 3321 quia
825 3257 951 3302 non
982 3247 1148 3302 esset
1178 3240 1456 3302 colorum
1487 3241 1862 3323 susceptibi-

360 3338 438 3400 le.
472 3338 623 3400 Ideo
659 3355 921 3418 corpora
957 3338 1064 3399 illa
1097 3345 1430 3400 assumunt
1462 3338 1860 3403 diversorum

361 3455 705 3519 corporum
755 3434 1150 3509 confusione,
1202 3452 1329 3498 non
1381 3437 1856 3512 commixtione,

360 3553 568 3596 unum
609 3551 842 3615 corpus
881 3532 1238 3614 figurandO,
1273 3535 1359 3595 ita
1393 3535 1560 3616 quod
1594 3536 1724 3597 aeri
1762 3553 1860 3598 res

358 3634 518 3696 alias
570 3651 684 3694 seu
724 3649 992 3714 vapores
1038 3641 1391 3714 apponunt,
1437 3633 1582 3714 plus
1627 3634 1692 3695 in
1737 3653 1862 3695 una

359 3739 540 3815 parte
589 3749 782 3811 quam
832 3730 899 3791 in
946 3730 1142 3792 altera
1189 3731 1633 3794 condensando
1675 3751 1688 3795 :
1742 3731 1861 3793 sic-

358 3850 486 3913 que
541 3830 606 3892 in
661 3847 790 3892 uno
842 3846 1104 3910 corpore
1162 3828 1444 3892 diversos
1502 3830 1862 3911 producunt

360 3928 628 4002 coloreS,
663 3927 1202 4008 quemadmodum
1238 3947 1316 3990 ex
1348 3927 1718 3991 collectione
1750 3948 1862 3990 nu-

359 4027 543 4089 bium
586 4032 651 4089 et
694 4024 872 4088 radio
921 4025 1074 4088 solis
1122 4033 1384 4107 apparet
1426 4026 1726 4088 coloratio
1769 4028 1860 4088 di-

359 4145 546 4188 versa
590 4125 654 4187 in
697 4143 861 4186 aere.

444 4224 623 4299 Quod
669 4230 882 4286 autem
932 4223 1009 4285 de
1051 4224 1454 4304 generatione
1502 4224 1860 4288 daemonum
1891 4231 1940 4294 D
1971 4227 2253 4289 continet
2286 4244 2299 4288 :
2332 4224 2630 4285 Videntes
2667 4223 2875 4304 angeli
2906 4223 3016 4285 Dei
3054 4222 3223 4284 filias
3262 4223 3465 4286 homi·
3511 4243 3748 4296 oms-12.

365 4323 625 4397 dicitur,
674 4330 785 4384 aut
841 4339 968 4384 non
1029 4329 1124 4383 est
1169 4340 1429 4401 verum3
1479 4331 1588 4385 aut
1635 4322 1688 4384 si
1742 4329 1858 4398 est,

366 4427 620 4502 oportet
665 4419 834 4501 quod
883 4419 1062 4500 prius
1111 4419 1464 4501 suscipiant
1512 4421 1722 4501 ipsum
1771 4441 1862 4483 se-

367 4537 516 4581 men
563 4517 644 4580 ab
693 4518 974 4590 homine,
1024 4525 1088 4579 et
1133 4517 1362 4580 deinde
1418 4518 1863 4581 transfundant

366 4616 434 4679 in
486 4616 841 4678 mulierem.
896 4616 1068 4678 Unde
1118 4617 1293 4697 prius
1343 4623 1590 4698 oportet
1636 4617 1863 4680 daemo-

367 4733 516 4776 nem
547 4733 686 4776 esse
716 4713 1072 4775 succubum
1103 4733 1292 4795 quam
1327 4713 1652 4775 incubum.
1687 4715 1860 4788 Quod

367 4821 579 4875 tamen
637 4812 845 4874 adhuc
892 4812 1144 4873 videtur
1193 4810 1610 4892 impossibile,
1661 4832 1859 4895 quum

366 4918 655 4995 oporteat
714 4910 925 4992 ipsum
991 4929 1208 4971 semen
1267 4909 1540 4972 calidum
1606 4911 1770 4973 sicut
1826 4932 1862 4973 a

368 5010 505 5073 viro
546 5007 960 5082 descinditur,
993 5007 1351 5070 transfundi
1393 5009 1458 5070 in
1505 5009 1858 5083 mulierem,

367 5108 723 5172 secundum
766 5106 1102 5168 naturales
1141 5142 1220 5151 —-
1249 5107 1392 5169 Haec
1434 5107 1669 5169 Petrus,

477 5206 784 5280 Quocirca
850 5204 1182 5267 sciendum
1247 5204 1428 5286 juxta
1493 5205 1859 5285 praehabita,

372 5305 549 5386 quod
600 5305 922 5368 daemones
980 5301 1366 5364 naturalium
1425 5319 1637 5362 rerum
1696 5302 1862 5366 vires

1970 3143 2273 3206 assertive
2318 3141 2892 3212 determinandum,
2928 3158 3127 3222 quum
3171 3138 3464 3220 August-i-

1971 3263 2092 3306 nus
2137 3242 2325 3304 tertio
2367 3242 2445 3302 de
2488 3240 2753 3303 Civitatc
2797 3239 2908 3302 Dei
2953 3257 3145 3320 super
3187 3238 3307 3301 hoc
3350 3239 3463 3300 du-

1973 3341 2234 3404 bitative
2268 3340 2579 3421 loquatur.
2599 3337 2990 3400 Rationabile
3023 3336 3178 3398 mihi
3210 3353 3465 3419 quoque

1973 3440 2245 3512 videtur,
2280 3438 2447 3520 quod
2478 3436 2739 3499 alteram
2781 3443 3023 3516 partem
3060 3435 3468 3516 pertinaciter

1972 3536 2297 3600 affirmare
2341 3553 2466 3597 non
2510 3533 2784 3614 expedit.
2820 3533 2962 3595 Haec
3005 3533 3373 3595 Richardus.

2051 3636 2354 3698 Praeterea
2391 3631 2719 3696 Udalricus
2760 3631 2927 3692 circa
2966 3631 3099 3694 haec
3142 3631 3341 3693 multa
3381 3631 3471 3693 in-

1971 3734 2169 3806 ducit,
2230 3751 2371 3814 quae
2427 3729 2886 3793 sententialiter
2942 3736 3091 3791 sunt
3148 3748 3463 3811 expressa.

1972 3831 2287 3912 Additque
2329 3830 2543 3912 aliqua
2574 3847 2588 3890 ε
2621 3827 2800 3890 Multi
2839 3827 3115 3908 (dicens)
3143 3826 3471 3890 affirmant

1971 3931 2291 3993 daemones
2349 3928 2415 3990 in
2472 3927 2817 4009 assumptis
2876 3926 3047 3989 coire
3096 3925 3468 4008 corporibus

1969 4046 2042 4090 ac
2081 4043 2419 4108 generare3
2451 4033 2514 4087 et
2549 4025 2803 4087 videtur
2842 4043 2955 4106 pro
2995 4024 3087 4087 eis
3126 4043 3265 4087 esse
3309 4024 3469 4087 Scri-

1974 4135 2179 4210 ptura,
2214 4145 2353 4209 quae
2384 4125 2734 4187 secundum
2767 4125 2957 4187 aliam
2989 4123 3463 4186 translat-ionem

1973 4345 2148 4387 num.
2204 4324 2348 4385 ldeo
2399 4321 2813 4404 quaestionem
2871 4321 3035 4383 hano
3083 4331 3295 4385 movet
3340 4323 3462 4385 Au-

1971 4423 2263 4504 gustinus
2312 4427 2535 4482 octavo
2585 4418 2747 4482 libro
2794 4439 2988 4501 super
3034 4420 3351 4496 Genesim,
3402 4430 3466 4484 et

1973 4521 2225 4584 tandem
2280 4519 2457 4593 dicit,
2510 4537 2625 4600 per
2674 4519 2930 4600 angelos
2983 4519 3297 4602 designari
3353 4520 3462 4584 ho-

1975 4619 2177 4682 mines
2226 4601 2426 4679 bonos
2479 4625 2654 4681 natos
2706 4637 2784 4680 ex
2835 4618 3007 4692 Seth,
3058 4619 3464 4702 quemadmo-

1973 4716 2125 4778 dum
2176 4717 2253 4778 de
2300 4723 2517 4779 sancto
2560 4714 2761 4778 fertur
2800 4718 3035 4780 Joanne
3078 4736 3092 4781 :
3136 4717 3297 4780 Ecce
3346 4735 3462 4798 ego
3491 4735 3756 4789 Mazacam,

1974 4813 2156 4875 mitto
2204 4813 2501 4893 angelum
2552 4833 2785 4875 meum.
2834 4814 3191 4896 Dicuntque
3238 4814 3459 4896 aliqui,
3491 4803 3530 4842 ¹·

1972 4911 2140 4994 quod
2173 4912 2492 4973 daemones
2526 4910 2829 4990 colligunt
2858 4910 2937 4972 ab
2970 4910 3340 4974 hominibus
3373 4931 3465 4974 se-

1977 5026 2163 5086 men3
2197 5009 2298 5071 vel
2339 5009 2449 5091 qui
2494 5009 2603 5070 uni
2644 5017 2739 5070 est
2776 5009 3116 5082 succubuS,
3149 5009 3328 5072 alteri
3370 5019 3467 5073 est

1974 5105 2285 5186 incubus3
2337 5114 2445 5168 aut
2494 5125 2607 5188 per
2656 5106 3072 5188 pollutionem
3128 5107 3192 5169 in
3243 5127 3467 5172 somno

1972 5213 2081 5266 aut
2140 5224 2254 5286 per
2312 5204 2646 5266 mollitiem
2706 5205 2770 5266 in
2828 5205 3046 5285 vigilia
3108 5207 3467 5288 suscipiunt

1975 5304 2156 5366 illud.
2207 5303 2471 5377 Quidam
2521 5304 2757 5366 etenim
2806 5303 3025 5366 doctor
3069 5322 3307 5386 magnae
3355 5324 3463 5367 au-
