4334 6242
1270 524 1356 570 AN
1399 524 1698 570 nAEle-:s
1740 522 2152 570 PRAENOSCANT
2194 524 2453 583 rmum,
2496 522 2625 571 mc.
3375 502 3489 570 411

385 794 660 855 circuitu
709 794 1076 855 timentium
1127 813 1294 856 eum.
1331 794 1688 875 Aliquando
1734 812 1886 856 vero

385 891 660 953 refertur
687 892 765 953 ad
798 892 967 973 ipsas
1000 892 1245 974 species
1279 891 1713 973 intelligibiles
1745 912 1885 973 quae

383 1009 500 1071 per
547 991 1016 1072 suggestionem
1079 991 1468 1053 inducuntur
1515 991 1579 1052 in
1639 991 1883 1053 intelle-

381 1096 557 1150 ctum
595 1107 608 1150 :
643 1109 784 1171 quae
825 1108 1024 1170 quum
1068 1108 1180 1171 per
1208 1088 1700 1152 abstractionem
1737 1088 1883 1151 fieri

379 1205 508 1249 non
541 1194 774 1269 queant
815 1186 880 1248 in
924 1187 1170 1267 angelo,
1207 1187 1356 1269 quia
1389 1186 1722 1248 sensitivas
1755 1204 1880 1249 non

377 1284 570 1347 babet
601 1286 938 1367 potentiaS,
973 1304 1086 1367 per
1126 1306 1282 1368 quas
1324 1285 1401 1347 fit
1430 1285 1792 1359 abstractio,
1827 1285 1880 1346 si

373 1384 534 1445 tales
593 1383 828 1445 formas
894 1383 1266 1445 immitteret
1327 1383 1616 1465 angeluS,
1679 1402 1880 1465 quum

375 1481 726 1543 immittere
767 1489 1041 1563 nequeat
1080 1481 1204 1543 nisi
1245 1481 1414 1563 quod
1455 1482 1666 1554 habet,
1701 1500 1882 1563 opor-

371 1588 538 1642 teret.
565 1580 736 1661 quod
776 1579 1014 1641 faceret
1051 1599 1156 1641 eas
1191 1579 1252 1640 in
1299 1579 1626 1641 intellectu
1658 1580 1879 1641 huma-

373 1695 480 1750 n0,
531 1685 748 1760 utpote
799 1696 914 1758 per
963 1677 1347 1739 creationem
1401 1678 1808 1759 producendo
1862 1694 1874 1737 :

373 1775 544 1856 quod
591 1792 715 1837 non
759 1782 988 1857 pote-st,
1022 1794 1220 1856 quum
1264 1775 1390 1837 Deo
1426 1775 1757 1857 proprium
1797 1776 1876 1837 sit

371 1891 607 1935 creare.
671 1873 831 1935 Hinc
891 1873 1102 1935 Sancti
1167 1872 1467 1947 fatentur,
1528 1873 1697 1955 quod
1757 1892 1876 1935 nec
1913 1872 1960 1934 B
1993 1875 2549 1938 illuminationem.
2582 1912 2663 1921 —
2700 1876 3058 1957 Aliquando
3107 1876 3297 1937 etiam
3350 1894 3489 1957 spe·
3590 1938 3593 1943 .

370 1970 525 2033 boni
557 1990 676 2034 nec
713 1972 860 2033 mali
901 1971 1111 2052 angeli
1143 1979 1292 2033 sunt
1331 1972 1723 2035 immissores
1755 1973 1875 2034 hoc

369 2070 562 2131 modo
592 2070 1072 2150 cogitationum,
1106 2071 1216 2131 sed
1258 2071 1616 2132 incentores
1657 2090 1874 2133 earum

369 2175 541 2240 sunt,
575 2168 973 2248 disponendo
1021 2176 1130 2230 aut
1183 2168 1494 2231 movendo
1541 2168 1618 2229 ad
1671 2168 1878 2249 inspe-

369 2266 616 2328 ctiones
646 2265 1152 2347 intelligibilium
1187 2266 1546 2347 specierum
1585 2285 1742 2348 quas
1772 2266 1873 2327 vel

369 2364 538 2425 Deus
591 2364 863 2426 creando
911 2364 1224 2437 immittit,
1276 2364 1378 2425 vel
1428 2363 1789 2426 intellectus
1839 2383 1876 2425 a

369 2461 787 2524 sensibilibus
829 2461 1156 2523 abstrahit.

451 2560 757 2632 Quocirca
795 2560 1210 2641 quaerendum
1242 2566 1357 2633 est,
1393 2559 1627 2641 quibus
1670 2560 1874 2622 modis

369 2665 430 2720 et
481 2658 754 2739 qualiter
801 2657 920 2720 fiat
969 2657 1088 2719 ista
1138 2658 1442 2720 incensio.
1497 2658 1872 2732 Dicendum,

369 2756 538 2837 quod
573 2756 758 2818 multi
792 2756 964 2819 modi
999 2756 1405 2818 inveniuntur
1434 2776 1470 2817 a
1502 2756 1748 2819 Sanctis
1779 2776 1878 2817 su-

367 2874 484 2936 per
527 2854 649 2917 hoc
693 2854 1017 2935 assignati,
1052 2854 1287 2936 quibus
1333 2854 1484 2917 boni
1530 2855 1736 2935 angeli
1785 2854 1876 2915 in-

366 2953 662 3014 tellectus
694 2952 1058 3015 illuminant
1089 2960 1152 3014 et
1185 2952 1458 3014 affectus
1493 2953 1870 3027 accendunt,

195 725 220 753 ι
285 726 354 761 ιιι,
381 694 565 775 juxta
614 695 774 783 illud
808 712 822 756 ε
855 696 1162 757 Immittet
1207 696 1470 776 angelus
1517 695 1765 757 Domini
1818 696 1883 757 in
1915 691 1968 756 A
1996 714 2195 776 gnum
2234 702 2351 769 est,
2387 704 2457 757 ut
2493 697 2727 758 dicitur
2757 696 2870 769 ibi,
2902 696 3071 777 quod
3112 696 3263 757 dum
3301 696 3493 757 homo

1995 801 2093 855 est
2123 794 2189 856 in
2221 795 2601 876 cogitatione
2641 794 2863 857 subtili
2895 803 2957 856 et
2998 813 3246 875 magna,
3278 794 3491 874 agoni-

1995 902 2091 954 zat
2122 893 2214 973 (id
2248 900 2344 955 est
2376 893 2644 973 laborat)
2674 892 2992 956 flectendo
3034 900 3225 975 caput
3254 900 3399 955 ante
3429 902 3493 954 et

1994 998 2162 1053 retro
2203 1000 2265 1053 et
2296 992 2371 1053 ad
2413 993 2699 1054 dextram
2727 979 2917 1074 atque
2959 992 3282 1054 sinistram
3325 1010 3339 1054 ε
3380 1010 3493 1074 per

1993 1091 2162 1171 quod
2218 1098 2443 1151 natura
2499 1090 2771 1153 intendit
2824 1109 3151 1153 removere
3200 1090 3491 1152 obstacu-

1993 1187 2150 1260 lum,
2181 1195 2493 1270 quatenus
2526 1188 2962 1270 intelligibiles
2994 1189 3213 1251 formae
3244 1189 3493 1250 valeant

1994 1284 2203 1347 lucide
2253 1305 2326 1348 ac
2375 1286 2573 1349 libere
2622 1288 2699 1349 ad
2751 1287 3147 1348 intellectum
3199 1287 3485 1348 transire.

1990 1384 2327 1466 Quumque
2355 1384 2537 1465 juxta
2578 1385 2946 1468 praehabita,
2980 1384 3187 1465 angeli
3224 1392 3351 1446 tam
3382 1383 3490 1446 bo-

1990 1482 2056 1543 ni
2102 1501 2295 1564 quam
2342 1482 2493 1544 mali
2540 1483 2603 1544 in
2647 1482 3194 1565 phantasmatibus
3233 1500 3494 1563 operen-

1989 1588 2094 1642 tur
2135 1580 2203 1643 in
2242 1599 2466 1643 somno
2505 1588 2699 1671 atque
2734 1582 2976 1662 vigilia,
3011 1581 3382 1655 ordinand0‚
3418 1581 3490 1643 il-

1990 1679 2385 1753 luminandO,
2420 1700 2533 1742 seu
2573 1680 3043 1758 obnubiland03
3076 1680 3168 1741 sic
3208 1680 3491 1761 operatio

1989 1777 2304 1840 bonorum
2334 1779 2703 1858 angelorum
2736 1777 2981 1840 confert
3010 1778 3086 1839 ad
3131 1777 3489 1840 intellectus

1989 1973 2120 2035 cies
2170 1973 2607 2055 intelligibiles
2654 1973 2845 2054 (sicut
2896 1974 3053 2035 dicit
3097 1973 3489 2054 Augustinus

1988 2071 2055 2132 in
2098 2071 2261 2134 libro
2302 2073 2680 2135 duodecimo
2718 2092 2911 2155 super
2941 2072 3236 2135 Genesim
3277 2073 3354 2134 ad
3395 2072 3491 2134 lit-

1987 2170 2238 2250 teram),
2274 2171 2560 2233 unitione
2607 2170 2885 2233 mirabili
2930 2178 2993 2232 et
3038 2169 3344 2233 mixtione
3388 2170 3488 2232 sui

1987 2268 2065 2329 ad
2106 2268 2409 2341 animam,
2446 2267 2564 2350 ipsi
2609 2268 2961 2329 intellectui
3005 2288 3117 2350 per
3149 2269 3365 2331 lumen
3399 2268 3489 2330 di-

1987 2366 2210 2429 vinum
2256 2366 2617 2447 ingerendo,
2657 2368 2744 2428 De
2788 2385 2915 2448 quo
2959 2368 3344 2429 conveniens
3388 2366 3490 2429 da-

1989 2472 2091 2525 tur
2147 2465 2534 2546 exemplum.
2590 2466 2752 2527 Dum
2811 2466 2985 2527 enim
3045 2466 3171 2528 duo
3228 2465 3489 2546 specula

1986 2563 2225 2625 directe
2274 2563 2396 2624 sibi
2448 2563 2726 2625 invicem
2776 2571 3206 2645 opponuntur,
3241 2563 3486 2644 species

1986 2660 2363 2722 exsistentes
2418 2661 2482 2721 in
2532 2679 2683 2733 uno,
2726 2662 3035 2723 resultant.
3083 2660 3148 2722 in
3199 2660 3342 2723 alio.
3382 2660 3484 2723 Sic

1985 2758 2211 2838 angelo
2242 2758 2585 2838 conjuncto
2618 2758 2969 2821 intellectui
3009 2758 3311 2831 bominiS,
3347 2776 3486 2839 spe-

1986 2856 2116 2917 cies
2149 2874 2306 2937 quas
2338 2856 2527 2919 habet
2559 2856 2625 2917 in
2660 2857 2903 2919 lumine
2934 2856 3173 2928 divin0,
3208 2856 3309 2918 cui
3343 2874 3487 2918 con-

1982 2953 2245 3033 junctus
2275 2962 2391 3027 est,
2414 2955 2720 3017 resultant
2752 2956 2815 3016 in
2840 2955 3128 3016 hominis
3157 2954 3484 3016 intellectu

369 3058 592 3133 utpote
629 3068 642 3111 :
677 3051 1018 3132 aliquando
1057 3070 1172 3133 per
1211 3051 1632 3113 remotionem
1673 3050 1874 3133 impe·
1913 3055 1956 3117 C
1985 3054 2233 3114 actione
2279 3053 2542 3115 luminis
2586 3054 2812 3126 divini,
2848 3054 3034 3133 cujus
3072 3052 3307 3115 virtute
3346 3072 3484 3135 spe-

370 3149 664 3221 dimenti,
683 3148 928 3211 scilicet
957 3149 1229 3212 arcendo
1261 3148 1459 3210 malos
1489 3149 1767 3229 angelos,
1794 3169 1874 3212 ne

370 3247 831 3328 impedimenta
898 3264 1236 3328 procurare
1305 3246 1569 3327 possint.
1631 3247 1874 3328 Nempe

368 3354 436 3407 ut
469 3346 536 3407 in
584 3345 748 3407 libro
779 3346 1065 3407 LXXXIII
1103 3345 1532 3417 Quaestionum
1574 3345 1875 3407 disseruit

365 3444 781 3524 AugustinuS,
816 3443 1196 3524 quandoque
1243 3443 1560 3524 malignus
1610 3444 1873 3524 spiritus

366 3541 642 3604 obstruit
674 3548 916 3603 meatus
958 3540 1394 3621 intelligentiae
1435 3561 1549 3622 per
1580 3560 1738 3623 quos
1777 3561 1871 3603 ra-

366 3640 508 3701 dius
543 3639 705 3700 lucis
736 3647 985 3701 aeternae
1016 3640 1292 3720 pandere
1333 3639 1493 3701 solet
1529 3640 1745 3701 lumen
1779 3660 1872 3701 ra-

367 3738 578 3800 tionis.
613 3771 695 3781 -
733 3736 1088 3818 Aliquando
1139 3737 1576 3819 patefaciendo
1627 3747 1871 3801 meatus

365 3835 655 3898 veritatis
703 3835 780 3896 ad
832 3834 1252 3921 intellectum,
1289 3844 1600 3918 quatenus
1653 3836 1869 3899 lumen

364 3943 618 3997 aeternae
659 3932 944 3995 veritatis
984 3934 1202 3995 venire
1241 3935 1320 3995 ad
1360 3933 1758 3996 intellectum
1797 3935 1869 3995 li-

367 4032 516 4095 bere
565 4031 790 4093 valeat.
844 4030 1089 4092 Dicitur
1140 4050 1414 4112 namque
1461 4031 1525 4093 in
1577 4032 1742 4094 libro
1791 4032 1867 4094 de

117 4146 236 4190 Costa
261 4150 338 4193 bon
367 4129 743 4192 Differentia
805 4129 1068 4211 spiritus
1127 4137 1192 4191 et
1247 4131 1496 4204 animai,
1560 4132 1730 4213 quod
1788 4131 1866 4192 ad

367 4229 664 4290 cellulam
695 4246 840 4309 quae
870 4228 1104 4289 dicitur
1134 4228 1420 4308 logistica
1455 4249 1564 4290 seu
1599 4229 1866 4291 rationa-
1903 4231 1951 4292 D
1977 4238 2189 4292 autem
2222 4230 2494 4293 eftectus
2535 4239 2742 4313 potest
2771 4234 2836 4294 in
2876 4253 2990 4295 sua
3030 4254 3217 4295 causa
3252 4253 3479 4315 cogno-

91 4207 192 4251 Luca

369 4326 466 4399 lis,
503 4327 567 4388 in
600 4346 725 4408 qua
765 4333 1064 4409 operatur
1094 4326 1190 4387 vis
1221 4326 1610 4389 intellectiva
1643 4328 1706 4388 in
1741 4327 1867 4408 spi—

368 4426 493 4486 ritu
541 4425 826 4497 animali,
871 4432 1019 4485 sunt
1069 4424 1196 4486 duo
1245 4434 1486 4486 meatus
1523 4443 1536 4486 :
1572 4445 1738 4487 unus
1786 4425 1866 4486 ab

366 4522 689 4595 anteriori,
723 4522 1016 4584 deferens
1059 4541 1096 4583 a
1134 4540 1325 4583 sensu
1365 4524 1690 4584 communi
1730 4532 1794 4585 et
1831 4543 1867 4584 a

367 4620 426 4682 vi
461 4622 872 4701 imaginativa
911 4620 1146 4682 formas
1177 4621 1253 4681 ad
1296 4619 1593 4682 cellulam
1628 4622 1864 4702 logisti-

367 4736 543 4797 cam;
577 4719 736 4780 alter
765 4738 802 4781 a
842 4718 1196 4800 posteriori,
1231 4719 1306 4779 ad
1339 4720 1628 4780 eamdem
1671 4720 1866 4782 cellu—

367 4818 490 4879 lam
523 4818 764 4879 ducens
806 4816 1041 4879 formas
1079 4837 1116 4879 a
1145 4816 1206 4878 vi
1251 4818 1682 4880 memorativa.
1717 4820 1866 4892 Qua}

367 4916 504 4979 duaa
536 4916 655 4978 viae
688 4917 1008 4977 interdum
1040 4914 1459 4977 obstruuntur
1490 4916 1860 4997 dupliciter:

369 5015 744 5095 quandoque
778 5014 1072 5075 videlicet
1105 5014 1436 5093 nigredine
1467 5034 1538 5075 ae
1577 5015 1866 5096 spissitu-

370 5112 510 5175 dine
565 5110 829 5194 spiritus
887 5112 1203 5186 animaliS,
1255 5112 1864 5194 obnubilationeque

370 5210 548 5290 ejus;
595 5210 976 5292 quandoque
1018 5229 1166 5272 vero
1207 5212 1478 5292 quadam
1523 5212 1864 5273 caruncula

370 5328 504 5391 quae
532 5308 622 5371 ibi
664 5316 782 5385 est,
815 5308 1182 5373 obstruente
1221 5317 1518 5373 meatum.
1557 5308 1752 5391 Cujus
1785 5310 1863 5373 si-

1986 3150 2114 3210 cies
2146 3150 2271 3213 illae
2302 3159 2451 3212 sunt
2477 3152 2646 3232 apud
2688 3152 3011 3215 hominem
3050 3169 3064 3213 :
3098 3170 3255 3232 quas
3284 3171 3483 3232 quum

1985 3247 2346 3310 intellectus
2397 3248 2661 3331 limpide
2714 3250 3019 3323 intuetur,
3070 3249 3341 3311 affectus
3392 3249 3484 3312 in-

1988 3344 2377 3420 flammatur,
2412 3354 2473 3409 et
2503 3347 2781 3409 caritatis
2823 3349 3030 3410 calore
3071 3347 3479 3410 incandescit.

1961 3480 2062 3523 ·—
2093 3443 2418 3507 Daemones
2444 3463 2594 3508 vero
2626 3465 2751 3509 non
2783 3454 2933 3508 sunt
2964 3446 3481 3520 incentoreS,nisi

1985 3540 2428 3624 phantasmata
2471 3544 2863 3627 disponendo
2906 3564 2977 3606 ac
3029 3544 3477 3626 perturbando,

1981 3675 2063 3685 —
2092 3642 2236 3703 Haec
2276 3640 2591 3704 AlbertuS.

2062 3838 2242 3901 Circa
2283 3838 2417 3900 haec
2467 3838 2692 3901 scribit
2734 3839 2998 3901 Thomas
3040 3857 3055 3901 :
3100 3840 3477 3904 Futurorum

1981 3934 2271 4018 quae'dam
2311 3944 2461 3998 sunt
2504 3936 2572 3998 in
2613 3937 2745 3999 suis
2786 3937 2995 3999 causis
3030 3938 3477 4020 determinata3

1981 4036 2271 4116 quaedam
2302 4052 2451 4097 vero
2493 4053 2617 4098 non
2659 4034 2897 4097 habent
2934 4054 3153 4098 causas
3185 4037 3479 4099 determi-

1979 4141 2179 4206 nataS,
2214 4141 2282 4194 ut
2313 4151 2455 4213 quae
2483 4134 2561 4195 ad
2595 4135 2969 4197 utrumlibet
3003 4143 3169 4197 sunt.
3204 4134 3480 4207 Quilibet

1977 4330 2090 4402 sci,
2120 4329 2471 4390 seeundum
2506 4331 2673 4412 quod
2706 4332 3164 4393 determinatur
3194 4333 3257 4393 in
3291 4352 3382 4395 ea.
3414 4334 3477 4397 Si

1977 4426 2147 4487 enim
2190 4426 2651 4489 determinetur
2687 4428 2751 4490 in
2794 4448 2866 4490 ea
2899 4436 2969 4489 ut
3006 4447 3081 4491 ex
3113 4450 3237 4510 qua
3268 4450 3480 4494 neees-

1975 4525 2142 4588 sario
2170 4525 2431 4597 oriatur,
2458 4527 2988 4589 certitudinaliter
3018 4538 3473 4608 cognoscetur:

1977 4630 2044 4683 ut
2075 4642 2215 4703 quae
2248 4622 2417 4684 circa
2450 4630 2690 4684 motum
2722 4624 2865 4686 coeli
2898 4626 3477 4705 contingunt‚sicut

1974 4729 2150 4784 ortus
2184 4729 2244 4783 et
2276 4739 2557 4795 occasuS‚
2588 4722 2861 4803 eclipses
2892 4731 2954 4785 et
2993 4724 3476 4804 conjunctiones

1976 4820 2389 4881 luminarium
2444 4837 2458 4881 :
2512 4839 2653 4901 quae
2711 4822 2925 4883 omnia
2984 4823 3187 4886 multo
3243 4824 3475 4886 clarius

1974 4919 2293 4980 daemones
2326 4917 2539 4979 sciunt
2568 4938 2682 4999 per
2711 4920 2956 5001 species
2988 4939 3316 4983 causarum
3349 4921 3471 4985 sibi

1974 5016 2244 5089 innataS,
2278 5036 2468 5097 quam
2504 5036 2618 5099 per
2645 5024 2844 5078 artem
2877 5018 3245 5099 astrologus.
3281 5019 3343 5082 Si
3379 5038 3475 5081 vc-

1975 5132 2044 5177 ro
2075 5115 2580 5176 determinentur
2616 5116 2681 5176 in
2714 5116 2845 5177 suis
2887 5119 3094 5178 causis
3128 5126 3194 5178 ut
3229 5137 3305 5179 ex
3337 5118 3474 5200 qui-

1974 5213 2092 5274 bus
2143 5214 2513 5294 frequenter
2560 5222 2921 5289 nascantur,
2970 5234 3115 5276 cum
3164 5224 3471 5297 potestate

1974 5320 2187 5375 tamen
2224 5310 2565 5375 deficiendi
2614 5311 2677 5372 in
2720 5319 2896 5397 parte
2940 5312 3169 5378 minori
3212 5322 3471 5400 propter
