4334 6242
886 487 1007 557 250
1088 489 1102 494 “

1565 511 1630 558 IN
1670 511 1892 559 LIBRUM
1933 510 1977 557 11
2021 509 2502 559 SENTENTIARUM.
2549 529 2630 542 —-
2669 511 2820 559 DIST.
2869 513 2977 578 1113
3021 513 3243 571 QUAEST.
3286 513 3326 562 V

889 679 1442 746 communicabilis
1491 683 1731 756 multis,
1774 700 2106 765 quousque
2152 682 2382 745 intelli·
2411 679 2462 743 A
2495 700 2616 756 reS‚
2651 701 2726 746 eo
2766 685 2934 766 quod
2974 684 3292 768 principia
3331 704 3523 768 parva
3563 691 3712 748 sunt
3749 684 3990 769 quanti·

886 787 1071 862 gatur
1114 800 1229 863 per
1271 783 1601 845 materiam
1646 782 2057 844 individuata.

966 881 1112 942 Ideo
1150 881 1332 943 aliter
1361 889 1457 944 est
1486 881 1851 955 dicendum,
1884 880 2182 943 videlicet
2214 880 2382 962 quod

886 979 1107 1041 eadem
1138 987 1233 1041 est
1262 981 1423 1042 ratio
1454 980 1832 1060 cognitionis
1864 979 2284 1060 singularium
2318 979 2383 1041 in

886 1078 1015 1140 Deo
1058 1087 1120 1140 et
1162 1079 1403 1159 angelis
1447 1098 1460 1142 :
1505 1079 1646 1140 ideo
1688 1079 2141 1141 attendendum
2187 1076 2386 1160 quali-

887 1183 982 1238 ter
1026 1177 1190 1238 Deus
1234 1177 1579 1257 singularia
1626 1185 1865 1239 noscat.
1910 1177 2168 1258 Oportet
2212 1177 2384 1238 enim

887 1273 1063 1337 illam
1102 1275 1403 1336 virtutem
1444 1294 1555 1337 seu
1595 1275 1943 1356 potentiam
1981 1294 2121 1356 quae
2162 1291 2389 1354 cogno·

888 1373 1008 1434 scit
1066 1373 1407 1453 singulare,
1460 1374 1692 1435 habere
1743 1374 1912 1454 apud
1970 1393 2037 1435 se
2090 1372 2387 1435 similitu-

889 1469 1103 1533 dinem
1154 1472 1244 1533 rei
1292 1479 1601 1552 quantum
1652 1473 1729 1533 ad
1779 1471 2174 1533 conditiones
2227 1471 2384 1532 indi-

889 1569 1222 1632 viduantes
1280 1589 1293 1634 ε
1347 1578 1410 1631 et
1471 1571 1588 1631 ista
1644 1577 1740 1631 est
1798 1570 1956 1632 ratio
2016 1588 2212 1651 quare
2273 1588 2386 1650 per

891 1669 1171 1750 speciem
1204 1689 1344 1751 quae
1375 1677 1470 1730 est
1502 1669 1565 1730 in
1602 1687 1792 1730 sensu
1825 1669 2228 1749 cognoscitur
2257 1668 2384 1728 sin-

890 1767 1128 1848 gulare,
1164 1785 1290 1829 non
1332 1787 1446 1848 per
1484 1767 1762 1848 speciem
1796 1786 1936 1848 quae
1971 1775 2065 1828 est
2098 1766 2163 1828 in
2207 1766 2385 1827 intel-

2496 788 2640 855 tate,
2677 783 2952 844 maxima
2982 792 3193 846 autem
3227 785 3482 860 virtute,
3507 793 3569 847 et
3599 785 3990 866 simpliciora

2493 881 2570 942 ad
2623 882 2805 962 plura
2854 902 2920 944 se
2968 885 3335 945 extendunt.
3370 883 3560 946 Verbi
3609 883 3833 964 gratia,
3875 883 3990 946 sub

2495 979 2668 1041 civili
2712 981 2976 1042 scientia
3007 989 3100 1043 est
3135 982 3451 1056 militariS,
3485 991 3547 1044 et
3579 982 3699 1045 sub
3733 981 3992 1044 militari

2493 1079 2827 1159 equestriS,
2881 1080 3098 1161 sicque
3156 1081 3458 1163 deinceps
3512 1099 3526 1142 :
3587 1081 3797 1142 civilis
3845 1097 3996 1143 vero

2495 1176 2759 1238 scientia
2800 1179 3154 1240 considerat
3193 1179 3502 1241 rationem
3539 1179 3688 1242 boni
3727 1180 3992 1241 humani

2493 1275 2822 1354 absolute3
2858 1276 3150 1339 militaris
3191 1285 3404 1339 autem
3437 1279 3794 1340 considerat
3827 1278 3994 1339 idem

2497 1381 2684 1455 prout
2714 1375 3172 1437 determinatur
3211 1376 3289 1436 ad
3329 1375 3577 1437 bellica.
3614 1376 3760 1438 Ideo
3791 1377 3995 1438 scien·

2496 1472 2584 1533 tia
2626 1471 2890 1535 inferior
2937 1473 3170 1555 accipit
3215 1493 3328 1536 sua
3377 1474 3694 1556 principia
3731 1495 3768 1536 a
3809 1493 3993 1556 supc-

2495 1570 2668 1644 riori,
2704 1591 2843 1652 quse
2885 1579 2982 1633 est
3027 1572 3206 1654 quasi
3252 1573 3689 1635 demonstrans
3735 1581 3996 1654 propter

2494 1669 2667 1750 quid.
2703 1670 2772 1730 In
2805 1670 3212 1751 speculativis
3245 1689 3497 1752 quoque
3529 1671 3837 1744 scientiis,
3865 1691 3993 1732 me-

2497 1767 2824 1849 taphysica
2880 1769 3057 1850 (quae
3115 1769 3385 1831 aliarum
3448 1777 3545 1831 est
3601 1769 3997 1848 ordinatii-a)

892 1866 1081 1928 lectu.
1123 1867 1382 1946 Oportet
1429 1885 1683 1948 quoque
1731 1873 1801 1927 ut
1848 1867 2017 1947 apud
2065 1863 2381 1926 artificem
2421 1865 2466 1926 B
2497 1865 2852 1928 considerat
2883 1867 3187 1928 rationem
3217 1868 3382 1930 entis
3412 1866 3866 1938 absolute‚aliae
3895 1889 4001 1930 au-

892 1964 974 2025 sit
1018 1964 1371 2026 similitudo
1419 1965 1509 2026 rei
1559 1983 1673 2046 per
1719 1971 1920 2026 artem
1966 1963 2255 2036 conditae,
2294 1981 2385 2024 se-

893 2063 1171 2124 cundum
1207 2070 1409 2124 totum
1452 2063 1608 2124 illud
1640 2062 1809 2145 quod
1849 2063 1929 2124 ab
1959 2062 2206 2124 artifice
2248 2080 2387 2143 pro-

892 2161 1166 2223 ducitur.
1200 2162 1460 2244 Propter
1499 2161 1619 2224 hoc
1650 2159 1997 2224 aedificator
2036 2179 2150 2242 per
2184 2168 2384 2222 artem

893 2259 1217 2339 cognoscit
1247 2259 1514 2321 formam
1548 2261 1773 2322 domus
1809 2279 2001 2341 quam
2042 2259 2288 2320 inducit
2321 2259 2385 2319 in

895 2358 1256 2436 materiam3
1308 2376 1434 2420 non
1492 2366 1721 2420 autem·
1764 2358 1924 2419 hanc
1973 2359 2236 2420 domum
2285 2357 2385 2418 vel

892 2456 1088 2530 illam,
1142 2456 1264 2519 nisi
1325 2476 1439 2539 per
1487 2457 1550 2519 id
1598 2459 1767 2538 quod
1828 2456 1997 2538 capit
2042 2477 2079 2518 a
2126 2475 2316 2518 sensu
2370 2473 2382 2516 :

891 2555 1193 2636 quoniam
1226 2556 1361 2636 ipse
1396 2555 1721 2616 materiam
1757 2574 1881 2618 non
1916 2555 2226 2637 producit.
2253 2555 2390 2617 Por-

893 2671 963 2716 ro
998 2655 1161 2715 Deus
1194 2661 1289 2714 est
1320 2673 1508 2715 causa
1549 2654 1638 2715 rei
1678 2671 1803 2716 non
1839 2653 2044 2715 solum
2076 2659 2386 2734 quantum

890 2753 969 2814 ad
1015 2751 1307 2824 formam,
1342 2753 1450 2813 sed
1490 2752 1682 2813 etiam
1722 2759 2030 2833 quantum
2076 2752 2153 2812 ad
2202 2758 2391 2812 mate-

892 2850 1077 2924 riam,
1111 2869 1251 2932 quae
1285 2858 1381 2911 est
1411 2849 1932 2912 individuationis
1974 2849 2385 2930 principium.

897 2948 1072 3010 Unde
1115 2947 1253 3010 idea
1296 2948 1359 3008 in
1401 2955 1610 3008 mente
1642 2947 1878 3019 divina,
1912 2956 2007 3008 est
2037 2947 2390 3009 similitudo

2498 1970 2625 2024 tem
2665 1965 3015 2025 secundum
3048 1965 3660 2027 determinationem.
3697 1966 3770 2028 Et
3805 1966 3894 2028 ita
3931 1966 3998 2028 in

2495 2061 2735 2142 angelis
2767 2071 2882 2136 est,
2908 2064 3260 2125 secundum
3293 2081 3406 2126 nos
3436 2073 3500 2126 et
3530 2065 3947 2146 philosophos
3979 2085 3994 2128 :

2497 2161 2797 2242 quoniam
2843 2163 3050 2242 angeli
3095 2163 3454 2245 superiores
3495 2183 3610 2244 per
3649 2183 3832 2225 suam
3875 2163 3998 2226 sci-

2497 2258 2732 2319 entiam
2788 2260 3082 2321 ordinant
3139 2269 3316 2322 actus
3375 2268 3565 2341 atque
3623 2259 3844 2322 officia
3904 2261 3997 2321 in-

2497 2354 2824 2429 feriorum,
2877 2375 2984 2420 eos
3043 2359 3392 2440 purgand0,
3455 2358 3878 2420 illuminando
3937 2364 3998 2418 et

2499 2454 2912 2537 perficiendo.
2968 2456 3141 2518 Unde
3200 2463 3446 2538 oportet
3499 2458 3668 2538 quod
3727 2456 4000 2518 scientia

2497 2553 2900 2634 superiorum
2932 2555 3012 2616 sit
3045 2555 3556 2628 universalior‚et
3585 2555 3832 2636 specie-s
3863 2556 4002 2617 uni·

2498 2652 3156 2714 versalioreS.—Hinc
3189 2653 3527 2716 undecimo
3555 2652 4002 2735 Metapbysicae

2497 2750 2722 2811 asserit
2754 2750 3224 2812 Commentator
3258 2771 3271 2814 :
3307 2750 3670 2813 Secundum
3706 2751 4000 2813 ordinem

2500 2847 2880 2912 differentia)
2913 2849 3076 2910 inter
3109 2849 3466 2930 intelligens
3499 2856 3562 2910 et
3591 2849 3999 2921 intellectum,

2501 2954 2595 3008 est
2633 2947 2824 3009 etiam
2865 2948 3018 3009 ordo
3061 2948 3608 3029 multiplicationis
3649 2948 4003 3010 intellecto-

896 3047 985 3109 rei
1033 3054 1342 3127 quantum
1390 3047 1467 3108 ad
1520 3053 1883 3127 utrumque,
1928 3045 2225 3107 videlicet
2269 3045 2392 3108 sor·
2427 3045 2470 3108 C
2503 3064 2645 3106 rum
2698 3062 2712 3106 :
2766 3045 2916 3126 quia
2977 3046 3041 3106 in
3100 3046 3426 3108 intellectu
3487 3046 3824 3127 superiori,
3886 3047 4002 3128 qui

896 3165 1064 3208 mam
1124 3153 1315 3226 atque
1371 3145 1698 3207 materiam
1754 3163 1767 3206 :
1818 3143 2037 3225 sicque
2090 3163 2203 3225 per
2249 3162 2391 3205 eam

895 3252 1362 3324 cognoscuntur
1409 3262 1508 3304 res
1560 3261 1687 3304 non
1732 3250 1977 3304 tantum
2024 3243 2086 3303 in
2139 3242 2391 3304 univer-

896 3341 1033 3415 sali,
1067 3342 1177 3403 sed
1223 3342 1377 3403 item
1424 3341 1489 3402 in
1535 3340 1921 3423 particulari.
1959 3341 2198 3401 Formae
2241 3358 2392 3402 vero

897 3460 1037 3521 quat
1070 3447 1218 3501 sunt
1249 3440 1315 3500 in
1350 3447 1562 3500 mente
1600 3438 1831 3518 angeli,
1866 3437 2214 3500 simillimae
2246 3445 2394 3500 sunt

896 3537 1248 3599 rationibus
1298 3537 1608 3598 ide-alibus
1662 3535 1725 3596 in
1778 3543 1987 3596 mente
2032 3535 2249 3597 divina
2293 3555 2396 3598 ex-

896 3635 1290 3708 sistentibus,
1324 3643 1626 3715 tanquam
1672 3634 2036 3695 immediate
2080 3634 2394 3715 exempla-

898 3734 1050 3796 riter
1084 3734 1369 3795 deductae
1404 3732 1483 3793 ab
1518 3732 1631 3793 eiS.
1668 3732 1825 3793 Hinc
1869 3751 1980 3813 per
2018 3751 2122 3794 eas
2164 3732 2395 3794 intelli-

895 3850 1043 3913 gere
1075 3831 1281 3912 angeli
1324 3830 1669 3911 singularia
1708 3837 1995 3912 possunt,
2029 3849 2230 3911 quum
2268 3831 2396 3892 sint

898 3929 1347 3992 similitudines
1374 3936 1587 3990 rerum
1618 3928 1807 3990 etiam
1838 3936 2139 4008 quantum
2168 3929 2246 3990 ad
2277 3929 2396 3989 dis-

896 4027 1243 4110 positiones
1277 4026 1629 4088 materiales
1663 4025 2155 4099 indix'iduanteS‚
2179 4045 2395 4106 quem-

896 4126 1238 4187 admodum
1286 4132 1350 4186 et
1394 4124 1547 4187 ideae.
1599 4124 1829 4185 mentis
1880 4123 2129 4186 divinae.
2177 4124 2394 4205 Itaque

2503 3143 2714 3204 minus
2762 3143 2953 3204 babet
2996 3144 3072 3206 de
3123 3144 3605 3224 potentialitate,
3649 3145 3862 3206 minor
3905 3153 4004 3206 est

2503 3241 2879 3322 compositio
2913 3242 3324 3322 intelligentis
3355 3249 3415 3304 et
3449 3242 3774 3304 intellecti.
3808 3242 4004 3305 Idcir-

2502 3357 2577 3400 co
2615 3339 2682 3400 in
2721 3357 2798 3401 eo
2837 3341 3166 3420 pauciores
3211 3347 3360 3401 sunt
3401 3339 3836 3420 intelligibiles
3881 3339 4005 3402 for-

2503 3456 2640 3500 mae.
2676 3437 2809 3510 Quo
2837 3438 3073 3499 ete-nim
3113 3438 3324 3499 minus
3365 3438 3555 3500 habet
3585 3439 3662 3499 de
3693 3439 4001 3519 potentia,

2501 3554 2576 3598 eo
2621 3536 2837 3598 lumen
2881 3536 3308 3598 intellectuale
3355 3537 3568 3597 minus
3612 3537 3678 3597 in
3724 3555 3800 3598 eo
3846 3537 4006 3599 divi-

2502 3634 2673 3695 ditur
2721 3642 2780 3695 et
2833 3634 3294 3716 multiplicatur
3346 3651 3360 3695 ε
3416 3634 3653 3697 idcirco
3702 3634 4006 3714 intelligit

2503 3752 2618 3814 per
2664 3731 2900 3794 formas
2959 3733 3467 3807 universalioreS,
3522 3733 3736 3794 minus
3789 3733 4005 3795 multi-

2503 3832 2768 3913 plicatas
2826 3838 3015 3912 atque
3075 3831 3328 3893 divisas.
3383 3830 3558 3892 Unde
3614 3839 3678 3892 et
3735 3831 4008 3892 scientia

2505 3930 2614 3991 Dei
2667 3937 2763 3991 est
2813 3929 3375 4002 universalissima,
3428 3929 3578 4011 quia
3635 3948 3750 4010 per
3808 3948 4004 3990 unam

2503 4027 3013 4099 similitudinem,
3067 4046 3207 4107 quae
3255 4035 3350 4088 est
3399 4046 3514 4088 sua
3561 4027 3856 4101 esse-ntia,
3913 4028 4007 4088 in-

2503 4124 2732 4204 telligit
2761 4126 2975 4186 omnia
3009 4142 3023 4186 :
3055 4124 3252 4186 veluti
3285 4125 3336 4186 si
3369 4124 3515 4206 quis
3545 4144 3660 4206 per
3691 4127 4003 4188 rationem

898 4225 963 4286 in
1010 4223 1235 4304 angelo
1274 4242 1389 4304 per
1434 4223 1649 4284 lumen
1698 4222 2125 4284 intellectuale
2162 4221 2254 4283 eis
2300 4223 2393 4283 in·
2425 4228 2474 4289 D
2503 4223 2666 4285 entis
2727 4223 3080 4303 intelligere
3141 4223 3341 4304 possit
3389 4232 3618 4284 cuncta
3675 4222 3796 4285 sub
3855 4232 4003 4286 ente

896 4329 1140 4389 natum,
1186 4321 1689 4383 determinantur
1737 4321 1982 4401 species
2031 4320 2267 4401 quibus
2316 4319 2395 4382 fit

897 4439 1111 4482 rerum
1145 4419 1692 4500 cognitio.——Haec
1722 4419 1992 4481 Thomas
2026 4419 2088 4481 in
2120 4419 2387 4501 Scripto.

976 4521 1242 4600 Insuper
1281 4519 1357 4580 de
1397 4518 1536 4591 hoc,
1570 4519 1739 4599 quod
1783 4517 1988 4597 angeli
2034 4518 2394 4599 superiores

901 4618 1255 4698 intelligant
1299 4636 1411 4698 per
1453 4616 1699 4698 species
1750 4615 2261 4688 universalioreS‚
2307 4616 2394 4678 lo-

897 4717 1117 4799 quitur
1160 4717 1226 4778 in
1266 4717 1488 4778 eodem
1526 4733 1539 4776 z
1574 4715 1934 4777 Secundum
1982 4715 2393 4796 philosophos

896 4811 1086 4897 at'que
1148 4815 1493 4895 theologOS,
1550 4820 1797 4893 oportet
1860 4831 2095 4894 ponere
2157 4813 2393 4875 formas

897 4914 1333 4995 intelligibiles
1382 4912 1784 4994 superiorum
1834 4911 2206 4991 angelorum
2256 4930 2394 4973 esse

898 5014 1099 5094 magis
1160 5012 1570 5075 universales
1634 5011 1701 5072 ln
1761 5009 2059 5072 omnibus
2118 5028 2394 5090 namque

896 5112 1181 5175 scientiis
1214 5129 1325 5173 seu
1353 5110 1607 5184 artibus,
1624 5117 1744 5170 tam
1777 5108 2186 5190 speculativis
2213 5126 2398 5188 quam

898 5212 1219 5295 practiciS,
1253 5211 1361 5273 illa
1398 5230 1538 5292 quae
1582 5209 1769 5271 altior
1807 5217 1901 5270 est
1941 5217 2003 5270 et
2042 5207 2396 5270 ordinativa

896 5312 1188 5385 aliarum,
1241 5309 1596 5374 considerat
1656 5308 1927 5371 rationes
1989 5306 2398 5370 universalio-

2504 4329 2834 4399 contenta3
2875 4330 2937 4382 et
2969 4329 3204 4402 quanto
3245 4339 3358 4402 per
3399 4321 3728 4402 pauciores
3773 4321 4006 4384 intelli-

2502 4421 2594 4500 git
2631 4419 2888 4494 sormas,
2924 4427 3096 4481 tanto
3135 4419 3274 4500 ejus
3319 4419 3586 4480 scient-ia
3623 4427 3827 4481 exstat
3865 4421 4006 4483 uni-

2503 4517 2827 4592 versalior,
2862 4525 2924 4579 et
2967 4517 3248 4580 scientia}
3292 4516 3523 4580 divinae
3566 4517 3857 4580 similior.

2585 4618 2744 4679 Sunt
2790 4616 3002 4698 itaque
3063 4615 3281 4678 formai
3335 4615 3460 4678 illae
3513 4615 4006 4680 universaliores

2505 4716 2570 4777 in
2605 4714 3111 4797 repraesentando
3137 4731 3150 4775 ε
3177 4714 3306 4776 imo
3337 4714 3825 4777 universaliores
3857 4723 4010 4776 sunt

2505 4821 2632 4874 tam
2665 4819 2973 4894 quantum
3004 4813 3082 4873 ad
3115 4811 3564 4892 cognitionem,
3585 4831 3776 4894 quam
3811 4833 4010 4894 quan-

2505 4920 2642 4973 tum
2686 4911 2764 4973 ad
2807 4910 3260 4992 operationem.
3306 4910 3622 4982 Quantum
3664 4911 3743 4972 ad
3790 4911 4008 4991 cogni-

2505 5011 2743 5072 tionem
2775 5029 2789 5073 :
2823 5016 2952 5069 tam
2984 5027 3062 5070 ex
3095 5016 3270 5089 parte
3302 5008 3660 5091 specierum
3693 5009 4006 5090 ipsarum,

2507 5110 2655 5190 quia
2712 5109 2788 5169 ad
2849 5107 3032 5188 plura
3089 5107 3440 5169 extendunt
3497 5124 3615 5184 se3
3676 5126 3870 5189 quam
3929 5127 4008 5170 ex

2509 5215 2684 5288 parte
2737 5225 2948 5266 rerum
3007 5205 3424 5284 cognitarum,
3469 5205 3771 5286 quoniam
3823 5225 4011 5285 ange-

2509 5306 2551 5367 li
2593 5305 2952 5388 superiores
2993 5303 3338 5387 perl'ectius
3381 5303 3741 5385 clariusque
3783 5322 4010 5386 cogno-
