4334 6242
107 4040 162 4084 De
177 4041 360 4084 Coelest.

91 4107 198 4148 hier.
213 4119 258 4148 c.
272 4116 344 4145 vm

967 508 1048 556 ΒΕ
1090 504 1364 556 mmmm!
1405 499 1848 558 msrmc'rtoNE,
1890 497 2345 544 APPELLAnoNE
2388 499 2461 545 m·
2505 497 2917 546 PROPROETATE

3375 479 3496 545 495

387 681 687 745 bulorum
720 681 840 743 hoc
871 677 975 741 isti
1007 676 1381 758 conjiciunt,
1400 673 1550 755 quia
1578 669 1887 752 gradatim
1919 667 1970 730 A
1999 667 2098 729 nis
2127 668 2345 748 gratiae
2384 667 2718 730 limitatam
2750 668 2828 730 ad
2868 686 3059 730 unam
3098 675 3352 749 gentem
3387 685 3401 728 :
3434 673 3499 729 et

384 780 466 844 ab
499 779 914 842 inferioribus
940 775 1340 840 ascendendo
1369 773 1462 834 sic
1490 771 1752 834 ordinat.
1769 768 1888 829 Sed

386 879 492 942 isti
533 877 958 942 insufficienti
999 875 1403 938 crediderunt
1448 871 1648 951 signo.
1683 868 1889 940 Quum

383 978 557 1040 enim
592 975 932 1056 Gregorius
974 979 1358 1056 protestetur
1396 987 1463 1031 se
1502 965 1664 1029 velle
1705 981 1893 1046 expo-

385 1095 536 1138 nere
577 1075 840 1138 nomina
876 1071 1266 1142 officiorum,
1301 1067 1562 1130 nomina
1599 1064 1709 1126 illa
1743 1079 1890 1124 con-

381 1173 595 1253 junxit
665 1191 808 1254 quae
868 1169 1070 1251 magis
1129 1166 1374 1229 similes
1435 1163 1672 1226 habent
1735 1158 1887 1222 rati-

385 1289 561 1344 ones,
605 1270 926 1342 videlicet,
972 1269 1337 1338 PotestateS‚
1383 1261 1779 1342 Principatus
1825 1264 1890 1320 et

386 1369 900 1446 Dominationes;
934 1385 1052 1429 nec
1091 1364 1361 1427 attendit
1398 1361 1697 1425 ordinum
1739 1375 1887 1420 con-

385 1468 749 1530 nexionem.
784 1466 912 1529 Nec
945 1471 1153 1526 tamen
1184 1459 1534 1524 verisimile
1565 1465 1682 1531 est,
1717 1455 1887 1538 quod

387 1565 728 1647 Gregorius
777 1563 1050 1628 voluerit
1109 1559 1439 1624 sententiae
1489 1557 1548 1620 S.
1603 1552 1888 1636 Dionysii

383 1664 710 1744 refragari.
746 1661 1065 1744 Quidquid
1105 1668 1318 1724 tamen
1350 1657 1433 1719 sit
1462 1655 1539 1718 de
1571 1654 1712 1726 hoc,
1747 1671 1888 1715 sen-

385 1763 584 1825 tentia
632 1761 915 1845 Dionysii
965 1761 1042 1822 de
1091 1757 1356 1839 angeliS‚
1404 1753 1693 1817 omnium
1741 1753 1890 1814 San-

1997 775 2094 828 est
2141 785 2481 848 supremus
2531 766 2634 828 hic
2678 767 2833 828 ordo
2883 766 2945 827 in
2990 766 3216 829 ultima
3263 767 3500 828 hierar-

2000 865 2156 938 chia,
2170 865 2321 947 quia
2350 865 2640 946 superior
2669 872 2766 946 est
2797 872 3072 947 potestas
3102 884 3243 946 qua-³
3274 872 3503 947 praeest

1999 962 2445 1024 communitati
2473 963 2679 1044 gentis
2712 962 2925 1036 totiuS‚
2961 982 3153 1045 quam
3183 982 3326 1045 quae
3365 982 3503 1045 per-

1999 1077 2168 1122 sonae
2218 1060 2513 1141 praesidet
2554 1061 2879 1142 singulari.
2912 1061 3106 1124 Actus
3150 1061 3363 1144 itaque
3408 1080 3503 1124 or-

1999 1157 2168 1219 dinis
2208 1158 2628 1241 PrincipatuS,
2662 1168 2759 1223 est
2796 1160 3272 1224 multitudinem
3312 1169 3503 1224 terre·

1999 1265 2195 1319 strem
2228 1257 2531 1320 reducere
2568 1258 2646 1320 ad
2676 1267 2889 1321 actum
2931 1277 3058 1341 quo
3089 1267 3502 1323 conservatur

1999 1355 2064 1417 in
2118 1355 2263 1437 jure
2311 1356 2531 1419 divino
2578 1376 2650 1420 ac
2699 1358 2956 1441 propria
3001 1359 3292 1422 libertate
3350 1379 3498 1422 cum

1995 1456 2220 1518 ordine
2250 1474 2449 1529 sacro,
2474 1456 2536 1518 id
2566 1464 2828 1538 est,quo
2858 1457 3079 1520 ordine
3108 1459 3185 1520 ad
3216 1466 3499 1520 sanctam

1998 1554 2160 1617 hanc
2193 1553 2546 1616 libertatem
2578 1554 2870 1618 ordinant
2904 1556 3226 1638 principes
3257 1565 3319 1618 et
3351 1576 3503 1638 prae·

1999 1652 2156 1715 latos
2190 1653 2313 1734 ipsi
2348 1652 2767 1727 multitudini,
2804 1653 2865 1714 id
2896 1661 2992 1716 est
3021 1654 3099 1716 ad
3141 1654 3499 1736 profectum

2000 1750 2481 1813 communitatis
2525 1750 2626 1812 cui
2670 1758 2969 1833 praesunt.

383 1869 634 1923 ctorum
666 1860 854 1923 dictis
881 1865 978 1922 est
1007 1854 1400 1940 prael’erenda
1434 1871 1448 1915 z
1478 1851 1627 1935 quia
1656 1858 1720 1914 et
1750 1850 1888 1932 ipsa
1920 1852 1969 1915 B
2076 1850 2617 1930 Archangelorum
2648 1851 2908 1913 demum
2936 1852 3091 1915 ordo
3121 1861 3217 1914 est
3249 1853 3501 1939 mediuo

382 1960 848 2023 sententiarum
888 1957 1030 2039 ejus
1069 1950 1713 2038 superintellectualis
1748 1965 1890 2031 pro-

382 2058 668 2120 funditas
715 2057 992 2120 declarat
1043 2073 1192 2117 eum
1247 2053 1416 2114 dicta
1459 2069 1576 2113 sua
1627 2066 1754 2111 non
1805 2048 1886 2110 ab

382 2156 648 2219 homine
698 2156 1020 2240 accepisse
1070 2171 1188 2216 nec
1238 2151 1561 2222 didicisse,
1613 2147 1723 2211 sed
1773 2165 1888 2228 per

383 2254 861 2316 revelationem.
895 2289 976 2298 —
1012 2249 1328 2332 Amplius,
1369 2255 1646 2330 potestas
1690 2245 1756 2307 in
1800 2246 1886 2308 ci-

382 2352 626 2414 vilibus
676 2352 952 2434 desuper
994 2351 1138 2412 data
1185 2359 1301 2422 est,
1334 2355 1648 2430 quatenus
1696 2345 1888 2406 noxio

383 2451 673 2533 appetitu
725 2449 844 2512 sub
890 2449 1127 2531 regulis
1168 2448 1332 2528 juris
1375 2446 1650 2518 redacto,
1683 2442 1887 2506 homi·

383 2567 499 2610 nes
543 2547 760 2610 vivant
806 2548 1070 2610 honeste
1114 2545 1494 2624 nullumque
1544 2542 1792 2614 laedant,
1825 2549 1888 2604 et

381 2646 738 2728 unicuique
787 2665 976 2708 suum
1017 2643 1123 2725 jus
1169 2642 1502 2705 tribuant:
1537 2641 1602 2703 in
1651 2639 1888 2722 quibus

384 2763 508 2827 pax
541 2743 1019 2807 communitatis
1049 2742 1358 2806 consistit.
1391 2739 1486 2802 Ab
1517 2739 1710 2820 hujus
1739 2756 1890 2820 ergo

381 2844 716 2925 potestatis
759 2861 872 2905 seu
915 2841 1119 2904 orricii
1166 2839 1588 2902 similitudine
1626 2837 1888 2900 transla-

383 2949 522 3004 tum
563 2950 659 3004 est
699 2959 933 3004 nomen
978 2938 1305 3022 potestatis
1334 2939 1413 3001 ad
1449 2937 1725 3019 angelos.
1762 2937 1890 3000 Sic-

1998 1949 2163 2011 inter
2220 1950 2615 2031 Principatus
2674 1958 2737 2012 et
2791 1950 3085 2030 AngeloS,
3144 1953 3498 2018 secundum

1997 2048 2165 2128 quod
2210 2047 2494 2110 medium
2546 2049 2780 2110 dicitur
2821 2067 2935 2130 per
2977 2051 3499 2114 communicatio-

1996 2163 2143 2208 nem
2176 2154 2629 2220 extremorum‚
2648 2147 2815 2209 sicut
2842 2155 2908 2210 et
2935 2167 3168 2212 nomen
3198 2149 3495 2214 insinuat.

1993 2244 2293 2326 Proprius
2350 2262 2500 2326 ergo
2558 2253 2735 2308 actus
2792 2246 3034 2311 ordinis
3080 2247 3501 2331 Archangelo-

1995 2363 2138 2405 rum
2180 2352 2297 2418 est,
2332 2345 2502 2425 quod
2532 2363 2606 2406 ea
2636 2364 2778 2426 quae
2808 2345 3205 2428 Principatus
3244 2349 3502 2430 propria

1995 2449 2295 2524 operatur
2329 2443 2701 2505 auctoritate
2739 2461 2855 2525 per
2893 2463 2960 2506 se
2998 2453 3107 2506 aut
3145 2464 3260 2528 per
3296 2446 3499 2529 Ange·

1997 2541 2112 2614 loS,
2146 2549 2367 2623 utpote
2411 2543 2797 2624 pertinentia
2842 2543 2921 2605 ad
2968 2543 3210 2620 bonum
3262 2552 3497 2609 statum

1997 2640 2499 2714 communitatis,
2518 2640 2895 2721 Archangeli
2925 2643 3299 2707 auctoritate
3328 2645 3500 2706 Prin·

1996 2738 2217 2820 cipum
2247 2739 2545 2801 nuntiant
2572 2739 2757 2802 nobis
2797 2757 2911 2821 per
2938 2742 3195 2804 eosdem
3227 2742 3499 2824 Angelos

1995 2836 2096 2898 vel
2129 2855 2244 2918 per
2274 2855 2360 2899 se.
2396 2836 2941 2911 Quemadmodum
2972 2839 3146 2902 enim
3181 2839 3499 2922 Principa-

1997 2942 2098 2997 tus
2143 2953 2258 3017 per
2296 2953 2363 2998 se
2405 2943 2843 3017 exsequuntur
2882 2937 2991 2999 illa
3028 2937 3094 2999 in
3133 2938 3369 3019 quibus
3412 2939 3503 3001 di-

384 3057 510 3121 que
558 3039 851 3102 ordinem
894 3039 1276 3101 Potestatum
1326 3036 1407 3098 ab
1448 3036 1697 3099 actibus
1748 3035 1887 3098 istis
1924 3041 1967 3104 C
1995 3043 2166 3097 recte
2198 3055 2318 3118 pax
2358 3036 2669 3110 consistit,
2703 3043 2774 3098 ut
2812 3055 2955 3118 quae
2992 3038 3071 3099 ad
3112 3037 3304 3100 totius
3338 3037 3502 3100 mul-

385 3137 726 3219 Dionysius
757 3143 1012 3198 sanctus
1044 3134 1348 3197 describit
1381 3152 1394 3196 :
1423 3133 1501 3195 ad
1532 3153 1690 3216 quas
1723 3133 1888 3196 inter

386 3243 599 3298 cetera
634 3235 910 3316 pertinet
952 3233 1343 3296 adversarias
1385 3233 1734 3314 reprimere
1779 3249 1886 3314 po-

387 3340 664 3396 testates.
689 3333 1025 3413 Quumque
1055 3331 1318 3394 rationis
1348 3332 1502 3393 ordo
1531 3331 1888 3412 expostulet

387 3440 458 3493 ut
501 3438 780 3513 potestas
822 3429 1202 3492 universalis
1245 3429 1534 3491 ordinata
1569 3428 1647 3490 ad
1686 3427 1886 3490 finem

388 3529 679 3592 rationali
742 3535 1044 3592 creaturae
1103 3527 1610 3598 convenientem,
1667 3525 1888 3587 imme-

386 3627 556 3690 diate
595 3635 899 3708 sequatur
928 3631 1302 3707 potestatem
1341 3624 1701 3705 generalem
1728 3623 1893 3686 ordi-

388 3733 602 3788 natam
653 3725 729 3786 ad
780 3741 970 3788 omne
1023 3721 1452 3784 ministerium
1483 3739 1749 3803 operum
1801 3721 1893 3783 di-

387 3825 686 3887 vinorum
715 3822 781 3883 in
811 3821 1108 3884 omnibus
1140 3819 1541 3882 inferioribus
1572 3819 1889 3894 creaturiS,

389 3927 637 3985 constat
666 3921 836 4003 quod
866 3919 1018 3982 ordo
1045 3919 1162 3980 iste
1194 3917 1560 3981 immediate
1591 3927 1893 3999 sequatur

389 4020 682 4083 ordinem
727 4018 1072 4090 Virtutum,
1120 4025 1192 4078 ut
1240 4035 1508 4097 magnus
1555 4016 1891 4098 Dionysius

349 4120 614 4196 'docet;
658 4136 776 4180 nec
822 4117 884 4178 ei
929 4114 1340 4198 praeponitur,
1382 4121 1453 4176 ut
1493 4114 1751 4196 quidam
1801 4115 1894 4177 di-

393 4225 550 4280 cunt
589 4215 866 4278 sensisse
909 4215 1302 4294 Gregorium.

471 4317 664 4378 Porro
714 4313 940 4376 ultima
995 4312 1353 4375 hierarchia
1399 4311 1629 4394 recipit
1676 4312 1892 4374 lumen

394 4434 508 4498 per
552 4413 986 4496 operationem
1033 4411 1445 4475 inferioribus
1489 4411 1836 4474 admixtam
1874 4427 1888 4473 ε

391 4533 536 4597 quae
579 4513 863 4595 operatio
902 4520 999 4574 est
1038 4511 1328 4584 limitata,
1362 4510 1528 4572 sicut
1569 4519 1632 4572 et
1674 4509 1892 4572 lumen

391 4613 553 4676 illud
582 4629 712 4674 non
751 4619 849 4673 est
879 4611 965 4673 ita
1005 4609 1363 4672 universale
1393 4613 1466 4670 ut
1503 4609 1722 4670 lumen
1763 4626 1892 4671 me-

391 4713 511 4776 diae
559 4709 952 4773 hierarchiae.
986 4709 1129 4771 Haec
1175 4709 1388 4790 itaque
1439 4707 1708 4769 limitata
1749 4724 1896 4789 ope-

388 4811 572 4884 rati0,
596 4809 698 4871 vel
731 4808 1001 4870 limitata
1030 4815 1126 4870 est
1152 4806 1229 4870 ad
1262 4825 1452 4867 unam
1485 4814 1761 4887 gentem,
1791 4805 1891 4868 vel

387 4910 466 4972 ad
508 4927 701 4970 unam
743 4924 1078 4990 personam
1120 4905 1473 4967 secundum
1514 4923 1587 4965 ea
1622 4923 1765 4985 quae
1804 4923 1896 4966 re·

389 5007 674 5070 dundant
707 5007 773 5069 in
805 5005 1045 5068 bonum
1079 5003 1562 5076 commune,vel
1591 5004 1668 5065 ad
1704 5022 1892 5065 unam

391 5123 730 5189 personam
769 5104 1124 5167 secundum
1165 5122 1240 5166 ea
1271 5121 1410 5183 quae
1439 5110 1686 5163 tautum
1720 5101 1893 5164 illam

391 5205 766 5288 respiciunt.
803 5237 885 5248 —
925 5203 1208 5264 Primum
1256 5201 1485 5264 horum
1530 5208 1774 5282 spectat
1815 5202 1896 5263 ad

391 5303 812 5386 Principatus,
844 5301 955 5384 qui
1009 5301 1248 5363 habent
1289 5306 1664 5382 potestatem
1709 5300 1896 5364 lumi-

1994 3134 2287 3196 titudinis
2317 3140 2604 3215 spectant
2632 3133 2952 3208 ducatum,
2966 3135 3067 3197 vel
3096 3136 3175 3197 ad
3203 3135 3503 3198 ducatum

1996 3233 2202 3306 duciS,
2232 3231 2295 3294 in
2327 3239 2639 3314 quantum
2669 3233 2735 3294 in
2767 3233 2908 3314 ipso
2936 3234 3229 3297 consistit
3259 3235 3501 3298 bonum

1995 3330 2193 3393 totius
2230 3330 2548 3392 exercitus
2577 3329 2774 3409 (unde
2805 3331 3087 3394 secundo
3115 3333 3499 3396 Machabaeo·

1997 3446 2141 3489 rum
2177 3445 2190 3489 :
2237 3449 2271 3486 «
2301 3429 2751 3509 Apparuerunt
2794 3428 3172 3492 adversariis
3214 3431 3292 3492 de
3336 3433 3498 3495 coelo
3528 3439 3789 3542 guast...

3530 3515 3683 3564 -o‚ao.

1997 3524 2118 3586 viri
2178 3525 2462 3607 quinque
2520 3525 2586 3586 in
2645 3525 2850 3606 equiS‚
2910 3526 3207 3589 ducatum
3266 3529 3499 3592 Judaeis

1999 3630 2370 3705 praestantes
2410 3645 2468 3697 »‚
2515 3623 2815 3686 videlicet
2861 3625 3164 3706 quoniam
3213 3627 3499 3709 quinque

1999 3728 2148 3782 sunt
2200 3721 2454 3784 ordines
2501 3721 2613 3803 qui
2661 3721 2738 3784 ad
2788 3723 3143 3784 ministeria
3190 3726 3503 3789 exteriora

2001 3820 2365 3892 mittuntur,
2398 3838 2670 3901 quorum
2710 3820 2999 3883 omnium
3034 3822 3201 3884 vires
3230 3831 3295 3886 et
3322 3834 3501 3888 actus

2002 3919 2093 3981 ibi
2131 3925 2581 4000 apparuerunt.
2619 3940 2651 3978 ε(
2685 3919 2775 3980 Ex
2816 3920 3049 4000 quibus
3082 3921 3210 3984 duo
3242 3944 3299 3997 »‚
3335 3943 3501 3986 unus

2000 4019 2078 4082 de
2127 4017 2349 4080 ordine
2397 4016 2803 4090 potestatum,
2840 4025 2903 4080 et
2948 4019 3108 4081 alter
3154 4020 3233 4083 de
3278 4023 3501 4086 ordine

1999 4117 2321 4178 Virtutum
2336 4118 2381 4190 *‚
2418 4137 2453 4174 «
2478 4115 2905 4179 Machabaeum
2948 4118 3228 4181 medium
3268 4120 3501 4184 haben·
3532 4138 3807 4195 ‘Principum

1921 4217 1972 4280 D
2000 4223 2093 4278 tes
2124 4237 2183 4283 »,
2219 4213 2369 4296 quia
2409 4222 2677 4296 uterque
2716 4215 2881 4277 circa
2921 4235 3068 4278 eum
3108 4217 3262 4280 fecit
3294 4219 3499 4282 orricii

1999 4315 2099 4376 sui
2148 4321 2362 4376 actum
2412 4330 2427 4374 t
2476 4313 2645 4374 unde
2693 4313 3002 4395 sequitur,
3048 4337 3083 4374 α
3119 4318 3318 4380 armis
3366 4319 3501 4382 suis

2000 4415 2502 4494 circumseptum
2534 4411 2921 4474 incolumem
2960 4416 3497 4494 conservabant»,

2001 4511 2168 4594 quod
2201 4519 2296 4573 est
2328 4511 2659 4593 proprium
2691 4511 3107 4592 Potestatum3
3137 4535 3171 4574 «
3195 4515 3259 4577 in
3290 4516 3505 4579 adver-

2001 4612 2198 4673 sarios
2245 4618 2458 4672 autem
2503 4610 2626 4672 tela
2668 4618 2728 4672 et
2774 4611 3047 4674 fulmina
3087 4613 3497 4694 jaciebant»,

2001 4709 2169 4791 quod
2214 4716 2311 4770 est
2350 4708 2682 4790 proprium
2725 4708 3155 4793 Principum);
3198 4713 3307 4776 illa
3348 4732 3500 4778 vero

2004 4827 2144 4889 quae·
2182 4807 2489 4869 indirecte
2524 4808 2586 4870 in
2620 4807 2859 4870 honum
2901 4827 3239 4874 commune
3274 4814 3501 4876 redun-

2001 4907 2181 4992 dant,¹
2206 4914 2643 4989 exsequuntur
2684 4926 2799 4989 per
2839 4908 3095 4988 angelos
3139 4909 3494 4986 inferioreS,

2003 5013 2072 5065 ut
2115 5023 2259 5086 quae
2302 5004 2621 5086 pertinent
2663 5006 2742 5067 ad
2780 5005 3131 5086 singulares
3171 5025 3494 5088 personaS,

2003 5104 2070 5166 in
2101 5111 2411 5185 quantum
2445 5102 2683 5165 bonum
2721 5123 2939 5165 earum
2978 5104 3251 5167 refertur
3278 5107 3356 5169 ad
3387 5107 3497 5170 bo-

2003 5221 2161 5264 num
2211 5219 2551 5263 commune
2599 5201 3166 5281 (quemadmodum
3220 5203 3496 5268 Philoso-

2005 5300 2173 5383 phus
2216 5305 2446 5380 praeter
2484 5297 2723 5360 bonum
2769 5316 3109 5363 commune
3152 5301 3491 5379 exercitus,
