4334 6242
494 2971 553 3015 De
569 2972 739 3016 Consul.

475 3032 546 3086 ΙΙΙ,
561 3040 685 3079 metr.
699 3038 740 3079 ⁹.

506 3472 549 3513 p.
570 3461 647 3501 124
659 3456 721 3500 [Υ.

769 501 887 567 126
989 540 1001 547 -

1450 520 1515 567 m
1556 519 1779 566 LIBRUM
1819 518 1865 565 11
1908 516 2390 565 SENTENTtAmm.
2438 534 2519 545 -
2557 517 2709 564 msr.
2757 519 2842 581 113
2886 519 3108 576 QUAEST.
3155 521 3201 565 11

770 690 1131 754 Graecorum
1180 660 1492 773 praefatos.
1543 691 1887 762 Postrem0‚
1929 686 2267 749 auctorita·
2299 685 2350 747 A
2383 693 2634 768 tempus
2679 689 3129 771 temporalium
3180 689 3660 767 universorum3
3693 690 3892 751 item-

771 795 865 849 tes
896 788 1239 871 Scripturae
1269 808 1411 871 quae
1440 788 1561 850 hoc
1595 787 1759 851 velle
1794 786 2111 860 videntur,
2148 785 2267 846 rite

770 889 849 950 de
901 887 1227 967 dignitatis
1286 887 1613 969 prioritate
1671 904 1757 947 ac·
1804 885 2026 948 ordine
2076 901 2267 965 expo-

773 992 1031 1048 nuntur.

1210 1275 1691 1349 QUAESTIO
1752 1275 1830 1338 II

894 1578 1154 1640 Ecundo
1202 1576 1529 1659 quaeritur,
1572 1577 1701 1642 An
1748 1589 2010 1641 aevum
2050 1587 2267 1638 men·

922 1691 1110 1744 sura
1149 1678 1260 1743 sit
1300 1675 1789 1755 angelorum.

848 1775 1112 1837 Videtur
1141 1775 1310 1856 quod
1343 1792 1488 1835 non.
1515 1774 1744 1846 Prim0‚
1771 1771 1918 1853 quia
1951 1772 2015 1833 in
2048 1789 2270 1833 secun-

2382 804 2528 867 que‚
2547 786 2642 848 An
2676 787 2740 848 in
2771 806 2904 850 aevo
2935 788 3019 850 sit
3047 806 3196 851 vera
3224 796 3286 849 et
3317 788 3504 849 realis
3534 788 3884 851 successio.

2462 885 2605 946 Haec
2647 886 3148 967 condependent.
3185 887 3262 948 Et
3297 887 3376 948 de
3420 887 3520 948 his
3559 904 3685 949 non
3725 887 3892 949 scri-

2383 982 2475 1043 bit
2527 983 2631 1045 hic
2682 984 3054 1059 Alexander,
3091 986 3200 1048 sed
3252 985 3462 1067 potius
3511 1004 3703 1067 super
3751 986 3892 1067 pri-

2384 1099 2599 1159 mum;
2645 1082 2940 1144 Albertus
2989 1101 3244 1165 quoque
3293 1101 3420 1146 non
3471 1084 3596 1154 hic,
3647 1085 3754 1147 sed
3812 1084 3887 1145 in

2386 1178 2548 1241 libro
2588 1198 2702 1242 suo
2741 1181 2818 1242 de
2859 1182 2935 1242 IV
2969 1181 3372 1263 CoaequaeviS,
3407 1182 3573 1243 sicut
3610 1182 3879 1263 patebit.

2383 1276 2492 1338 Est
2519 1284 2731 1340 autem
2773 1279 3036 1341 materia
3075 1279 3196 1341 ista
3233 1278 3545 1353 difficilis,
3577 1288 3641 1341 et
3675 1280 3886 1341 multa

2383 1395 2524 1456 quae
2554 1376 2632 1437 de
2674 1395 2746 1437 ea
2783 1376 3086 1438 dicuntur
3125 1377 3503 1439 certitudine
3543 1386 3780 1452 carent,
3815 1384 3889 1439 et

2383 1474 2704 1555 opinative
2757 1484 3141 1557 promuntur
3190 1476 3388 1557 magis
3436 1496 3629 1557 quam
3677 1496 3888 1539 asser-

2387 1572 2530 1634 tive.
2567 1573 2852 1655 Denique
2883 1574 3273 1655 Augustinus
3315 1574 3377 1635 in
3420 1574 3583 1637 libro
3622 1574 3889 1638 Confes-

2383 1670 2635 1733 sionum
2681 1671 3080 1753 apertissime
3130 1680 3300 1734 tenet
3345 1692 3418 1734 ac
3470 1691 3583 1754 pro
3631 1672 3888 1736 viribus

2385 1769 2630 1850 probat,
2666 1770 2834 1851 quod
2867 1779 3120 1850 tempus
3161 1788 3286 1833 non
3319 1771 3401 1831 sit
3437 1771 3679 1854 aliquid
3710 1772 3887 1833 reale

769 1874 850 1935 da
882 1872 1313 1955 propositione
1356 1870 1501 1932 libri
1542 1872 1620 1932 de
1655 1870 1873 1933 Causis
1912 1869 2218 1931 asseritur
2251 1885 2265 1929 :
2305 1870 2353 1933 B
2384 1876 2560 1929 extra
2589 1868 2890 1941 animam,
2925 1868 3035 1929 sed
3075 1867 3283 1930 solum
3325 1869 3647 1951 protensio
3677 1869 3886 1931 animi

770 1972 968 2034 Omne
1008 1990 1147 2033 esse
1187 1971 1481 2053 superius
1520 1978 1631 2031 aut
1660 1976 1756 2030 est
1795 1988 1987 2051 supra
2024 1967 2271 2031 aeterni-

768 2079 984 2144 tatem,
1036 2078 1142 2132 aut
1194 2070 1260 2131 in
1318 2069 1691 2141 aeternitate,
1741 2075 1851 2129 aut
1908 2076 2049 2149 post
2096 2074 2270 2129 aeter—

768 2169 1053 2231 nitatem.
1116 2168 1290 2231 Idem
1350 2166 1816 2229 sententialiter
1872 2164 2143 2228 habetur
2202 2164 2268 2225 in

768 2266 1004 2330 Proclo.
1041 2265 1117 2328 Et
1160 2285 1273 2349 per
1316 2284 1454 2327 esse
1502 2266 1673 2347 quod
1716 2271 1811 2326 est
1853 2283 2046 2345 supra
2092 2270 2270 2326 aeter-

767 2365 1056 2442 nitatem,
1119 2364 1499 2445 intelligitur
1562 2364 1726 2425 Deus
1788 2370 1851 2425 et
1914 2362 2269 2424 increatum

767 2483 906 2527 esse
939 2464 1176 2546 ipsius;
1207 2482 1322 2545 per
1352 2481 1490 2525 esse
1526 2462 1590 2523 in
1630 2461 2003 2534 aeternitate,
2041 2460 2272 2522 intelli-

767 2563 980 2644 gentia
1012 2582 1124 2625 seu
1164 2561 1449 2643 angelus,
1485 2561 1648 2643 Ergo
1688 2562 2005 2625 aeternitas
2036 2567 2134 2622 est
2162 2579 2271 2621 an-

767 2661 1055 2743 gelorum
1119 2678 1417 2722 mensura
1469 2677 1483 2720 :
1537 2660 1889 2741 praesertim
1952 2677 2150 2739 quum
2207 2658 2270 2718 in

771 2759 936 2821 libro
976 2760 1053 2821 de
1085 2758 1303 2822 Causis
1344 2758 1612 2830 dicatur,
1645 2756 2071 2837 Intelligentia
2110 2756 2274 2837 pari-

770 2856 1005 2919 ficatur
1042 2856 1397 2919 aeternitati.
1430 2891 1511 2901 —
1542 2855 1854 2929 Secundo,
1887 2854 2141 2916 Boetius
2184 2854 2270 2915 ait

770 2955 899 3017 Deo
935 2972 948 3016 :
983 2953 1099 3027 Qui
1145 2962 1401 3035 tempus
1436 2952 1516 3014 ab
1556 2971 1693 3015 aevo
1736 2953 1827 3014 ire
1864 2952 2070 3032 jubes.
2109 2952 2272 3032 Ergo

2384 1967 2552 2029 circa
2593 1986 2727 2029 rem
2775 1967 3210 2049 temporalem.

2463 2166 2678 2248 ltaque
2728 2167 2997 2229 Thomas
3043 2168 3121 2228 ad
3173 2167 3454 2249 primum
3505 2168 3734 2231 horum
3783 2187 3885 2231 re-

2383 2265 2702 2346 spondens
2737 2283 2750 2327 :
2784 2267 3033 2339 AEvum‚
3069 2266 3299 2349 inquit,
3331 2266 3593 2349 ponitur
3628 2286 3888 2330 mensu·

2383 2381 2452 2424 ra
2483 2363 2692 2425 media
2722 2364 2887 2425 inter
2918 2372 3170 2446 tempus
3199 2372 3264 2425 et
3290 2365 3726 2427 aeternitatem.
3747 2366 3893 2428 Por-

2384 2479 2452 2523 ro
2500 2462 2578 2523 de
2631 2462 3038 2525 distinctione
3099 2464 3403 2545 temporis
3459 2463 3539 2526 ab
3591 2483 3728 2527 aevo
3783 2475 3888 2527 est

2383 2560 2612 2640 triplex
2664 2561 2901 2642 opinio,
2947 2562 3099 2635 Una,
3145 2563 3313 2643 quod
3363 2562 3532 2625 idem
3580 2563 3662 2624 sit
3707 2582 3885 2625 nunc

2383 2661 2500 2723 aevi
2532 2669 2595 2722 et
2635 2661 2941 2743 temporis
2981 2663 3332 2724 secundum
3363 2664 3729 2738 essentiam,
3761 2663 3886 2726 dif-

2384 2759 2596 2821 ferens
2639 2760 2880 2822 ratione
2915 2778 2928 2821 :
2963 2761 3114 2841 quia
3154 2780 3325 2823 nunc
3362 2762 3669 2843 temporis
3707 2781 3887 2825 men—

2383 2865 2557 2918 surat
2590 2857 2826 2919 mobile
2860 2858 3071 2939 ipsum
3103 2860 3456 2921 secundum
3484 2860 3654 2941 quod
3685 2868 3783 2921 est
3813 2860 3886 2922 in

2387 2964 2584 3027 motu,
2619 2973 2694 3018 eo
2737 2957 2905 3037 quod
2949 2957 3110 3018 sicut
3155 2976 3224 3018 se
3273 2956 3462 3019 habet
3504 2966 3758 3039 tempus
3799 2958 3885 3020 ad

772 3060 1025 3135 tempus
1057 3051 1491 3134 proficiscitur
1519 3071 1631 3114 seu
1675 3060 1972 3113 causatur
2000 3050 2079 3112 ab
2113 3068 2266 3113 aevo.
2309 3052 2352 3115 C
2387 3061 2654 3127 motum,
2691 3054 2777 3116 ita
2826 3074 2998 3116 nunc
3044 3056 3346 3137 temporis
3389 3055 3464 3117 ad
3515 3055 3775 3129 mobile,
3809 3064 3886 3117 ut

770 3152 971 3215 Causa
1001 3169 1151 3214 vero
1184 3152 1485 3233 temporis
1517 3168 1643 3212 non
1672 3158 1767 3211 est
1800 3150 1924 3212 nisi
1954 3150 2274 3212 aeternitas

770 3269 883 3313 seu
915 3251 1081 3312 Deus
1112 3256 1407 3323 aeternus,
1436 3269 1633 3331 quum
1671 3257 1925 3330 tempus
1956 3248 2039 3309 sit
2068 3267 2268 3310 unum

771 3356 1045 3430 quatuor
1093 3366 1597 3430 coaequaevorum
1645 3367 1681 3410 a
1731 3348 1857 3409 Deo
1907 3347 2272 3408 immediate

770 3448 871 3528 (ut
908 3446 1142 3528 patuit)
1182 3447 1658 3527 productorum.
1696 3446 1857 3525 Ergo
1896 3464 2103 3508 aevum
2145 3461 2272 3507 non

773 3553 869 3607 est
900 3563 1197 3607 mensura
1225 3544 1304 3606 ab
1336 3544 1684 3607 aeternitate
1710 3544 2025 3606 distincta.
2044 3544 2277 3606 —Ter-

774 3644 881 3716 tio,
918 3643 982 3704 in
1026 3642 1189 3704 libro
1220 3643 1296 3704 de
1329 3642 1547 3705 Causis
1586 3641 1857 3703 habetur
1891 3660 1903 3701 :
1938 3641 2106 3703 Inter
2138 3660 2272 3704 rem

772 3740 958 3820 cujus
1007 3739 1363 3802 substantia
1404 3746 1467 3800 et
1514 3739 1796 3821 operatio
1839 3746 1935 3801 est
1984 3738 2050 3800 in
2100 3746 2276 3801 aeter-

772 3839 991 3912 nitate,
1024 3846 1088 3900 et
1120 3856 1255 3901 rem
1285 3838 1471 3919 cujus
1510 3837 1864 3900 substantia
1898 3845 1961 3899 et
1990 3837 2275 3919 operatio

771 3944 869 3999 est
910 3938 977 3999 in
1020 3944 1329 4018 tempore,
1363 3942 1461 3998 est
1504 3955 1602 3998 res
1649 3935 1854 3997 media
1897 3936 2083 4016 cujus
2126 3935 2274 3997 sub-

770 4036 1002 4098 stantia
1030 4043 1126 4097 est
1156 4035 1221 4097 in
1257 4034 1606 4098 aeternitate
1638 4042 1698 4096 et
1737 4034 1903 4095 actio
1934 4034 1999 4094 in
2032 4042 2276 4116 tempo-

770 4155 838 4197 re
883 4152 897 4197 :
940 4153 1090 4216 ergo
1140 4142 1368 4217 praeter
1415 4134 1831 4197 aeternitatem
1883 4142 1946 4195 et
1994 4142 2270 4215 tempuS,

2383 3160 2609 3234 quarto
2648 3152 2884 3214 dicitur
2919 3153 3367 3234 Physicorum3
3398 3153 3508 3215 sed
3549 3174 3721 3217 nunc
3761 3154 3887 3217 aevi

2385 3259 2710 3313 mensurat
2748 3251 3166 3313 substantiam
3215 3251 3470 3313 mobilis
3509 3252 3700 3333 primi
3742 3271 3888 3334 pro-

2387 3358 2456 3411 ut
2503 3350 2938 3412 consideratur
2987 3350 3051 3410 in
3101 3369 3188 3411 se.
3237 3349 3468 3431 Sicque
3517 3358 3768 3433 tempus
3817 3358 3886 3413 et

2385 3468 2592 3510 aevum
2637 3446 2948 3510 differunt
2990 3449 3428 3510 tantummodo
3467 3448 3708 3511 ratione
3744 3466 3758 3512 ε
3791 3456 3885 3511 at-

2388 3553 2597 3608 tamen
2655 3564 2791 3608 aevo
2839 3554 3240 3607 mensuratur
3286 3563 3413 3608 non
3469 3546 3674 3608 solum
3729 3546 3883 3609 sub-

2385 3645 2618 3705 stantia
2657 3644 2825 3717 coeli,
2859 3643 2968 3705 sed
3009 3644 3199 3706 etiam
3238 3644 3466 3726 angeli.
3501 3645 3629 3707 Hoc
3659 3653 3878 3708 autem

2385 3750 2550 3805 stare
2583 3760 2707 3804 non
2740 3742 2907 3804 valet
2941 3760 2955 3804 :
2991 3742 3140 3823 quia
3167 3743 3417 3805 duratio
3447 3742 3707 3825 respicit
3739 3762 3881 3805 esse

2386 3840 2450 3902 in
2481 3848 2663 3919 actu3
2697 3858 2823 3903 non
2862 3849 3077 3903 autem
3117 3848 3213 3903 est
3252 3841 3419 3903 idem
3461 3848 3639 3903 actus
3671 3860 3884 3922 neque

2386 3939 2647 4001 rationis
2679 3938 2892 4012 uniuS,
2915 3957 3052 4001 esse
3084 3938 3252 4012 coeli,
3277 3940 3446 4020 quod
3479 3947 3886 4001 mensuratur

2385 4055 2540 4111 aevo,
2573 4045 2635 4099 et
2669 4036 2909 4099 moveri
2940 4036 3164 4117 ipsius,
3189 4037 3357 4118 quod
3390 4044 3676 4119 tempore
3709 4056 3886 4099 men-

2387 4142 2656 4197 suratur.
2698 4135 2940 4198 Idcirco
2982 4136 3334 4197 secundum
3383 4154 3518 4197 rem
3567 4135 3884 4199 differunt

771 4253 899 4297 non
930 4243 1026 4297 est
1054 4234 1179 4297 alia
1220 4234 1512 4315 ponenda
1552 4251 1851 4295 mensura
1890 4252 2031 4313 quae
2064 4252 2273 4296 aevum
2305 4234 2354 4296 D
2390 4241 2639 4315 tempus
2687 4241 2751 4295 et
2799 4252 3030 4307 aevum,
3080 4252 3281 4315 quum
3331 4233 3726 4296 diversorum
3778 4253 3884 4315 ge-

773 4340 1051 4395 vocetur.
1086 4366 1167 4377 -
1194 4330 1447 4404 Quarto,
1479 4338 1589 4393 aut
1627 4349 1765 4392 esse
1804 4330 2011 4411 angeli
2054 4339 2148 4392 est
2183 4339 2274 4393 to—

772 4438 911 4492 tum
942 4430 1135 4492 simul
1167 4428 1395 4503 fixum,
1431 4446 1556 4490 non
1595 4428 1828 4501 fluenS,
1862 4437 1971 4490 aut
2008 4447 2133 4491 non
2169 4446 2183 4490 :
2217 4429 2271 4491 si

773 4528 1077 4610 primum,
1112 4534 1517 4589 mensuratur
1545 4525 1930 4605 aeternitate3
1964 4527 2017 4588 si
2053 4546 2275 4588 secun-

772 4626 950 4701 dum,
1009 4634 1314 4708 tempore.
1368 4660 1449 4669 —
1494 4624 1746 4698 Quinto,
1799 4624 1851 4685 si
1911 4644 2118 4687 aevum
2178 4633 2274 4687 est

776 4744 1075 4787 mensura
1112 4724 1412 4786 distincta
1438 4742 1476 4784 a
1506 4730 1814 4804 tempore,
1850 4741 1975 4785 non
2010 4730 2274 4805 apparet

773 4842 890 4885 cur
935 4831 1191 4906 tempus
1238 4822 1320 4883 sit
1369 4822 1580 4903 potius
1631 4840 1831 4883 unum
1877 4821 1954 4882 de
2002 4828 2275 4903 quatuor

773 4922 1148 5004 coaequaevis
1210 4939 1402 5003 quam
1469 4939 1676 4983 aevum
1741 4937 1754 4981 :
1820 4919 1952 4982 imo
2012 4927 2276 5001 apparet

772 5020 942 5103 quod
985 5038 1191 5083 aevum
1236 5019 1458 5100 magiS,
1496 5038 1695 5099 quum
1735 5017 1817 5079 sit
1858 5025 2142 5099 tempore
2183 5018 2275 5079 di-

773 5120 984 5201 gniuS,
1030 5126 1093 5180 et
1136 5117 1491 5179 secundum
1532 5116 1779 5197 aliquos
1826 5115 1999 5198 prius
2046 5115 2175 5178 illo.

856 5217 1036 5281 Circa
1066 5216 1185 5279 hoc
1225 5215 1552 5298 quaeritur‚
1585 5214 1680 5276 An
1712 5215 1795 5275 sit
1836 5234 2032 5275 unum
2066 5233 2275 5277 aevum

775 5315 1065 5379 omnium
1097 5313 1753 5389 aeviternorum,sicut
1786 5331 1983 5374 unum
2015 5311 2278 5394 ponitur

2387 4350 2612 4394 nerum
2645 4331 2911 4394 diversae
2951 4332 3298 4393 consistant
3332 4350 3666 4405 mensurae,
3701 4340 3771 4393 ut
3801 4351 3881 4394 ex

2385 4430 2634 4493 decimo
2687 4428 3128 4511 Metaphysicae
3186 4436 3376 4510 patet.
3429 4464 3511 4473 -——
3559 4429 3717 4491 Hinc
3768 4430 3882 4492 alii

2385 4530 2504 4592 hoc
2536 4528 2975 4599 eoncedenteS,
3010 4528 3307 4589 dixerunt
3336 4528 3504 4609 quod
3545 4545 3752 4590 aevum
3783 4535 3884 4590 est

2386 4644 2684 4689 mensura
2722 4627 2814 4688 rei
2856 4626 3287 4708 permanentis
3331 4632 3591 4699 naturae,
3626 4633 3882 4707 tempus

2385 4742 2536 4787 vero
2577 4741 2874 4786 mensura
2911 4731 3008 4785 est
3053 4723 3141 4785 rei
3185 4730 3370 4785 motae
3403 4741 3417 4784 :
3451 4731 3510 4785 el
3551 4731 3764 4786 tamen
3812 4725 3880 4787 in

2384 4841 2518 4886 aevo
2567 4830 2662 4885 est
2722 4822 2899 4903 prius
2956 4829 3144 4903 atque
3198 4822 3534 4903 posterius,
3586 4822 3752 4883 sicut
3811 4822 3880 4885 in

2387 4930 2708 5002 tempore3
2749 4921 2859 4981 sed
2903 4918 3235 4992 differunt,
3277 4919 3429 5001 quia
3475 4920 3542 4981 in
3591 4928 3879 5001 tempore

2384 5028 2480 5082 est
2513 5020 2688 5101 prius
2719 5027 2782 5079 et
2812 5018 3127 5099 posterius
3158 5036 3305 5079 cum
3347 5018 3774 5093 innovatione,
3808 5019 3876 5081 in

2385 5134 2520 5179 aevo
2558 5124 2772 5179 autem
2811 5117 3052 5200 absque
3097 5117 3500 5180 innovatione
3539 5124 3603 5179 et
3641 5117 3880 5180 invete-

2387 5214 2647 5277 ratione.
2684 5215 2804 5276 Sed
2841 5214 2958 5277 hoc
2991 5214 3153 5276 nihil
3185 5214 3436 5278 videtur
3465 5215 3639 5277 dictu
3675 5233 3689 5277 :
3723 5233 3878 5297 quo-

2387 5313 2561 5375 niam
2614 5311 3004 5394 ubicumque
3053 5319 3149 5375 est
3196 5313 3375 5395 prius
3422 5321 3486 5375 et·
3531 5314 3873 5395 posteriu8‚
