4334 6242
837 455 955 521 146

1516 478 1581 525 IN
1622 478 1843 525 unium
1884 478 1928 525 11
1970 475 2452 527 SENTENTIAnun.
2497 495 2578 506 ·-·
2617 476 2770 524 msr.
2819 476 2902 541 113
2947 478 3170 534 QUAEST.
3216 477 3260 522 n

836 652 926 706 tet
968 664 1044 707 cx
1092 647 1565 731 incorruptione
1613 649 1921 723 aeviterni,
1967 648 2152 730 cujus
2195 668 2334 711 6556
2365 648 2417 711 A
2444 649 2828 728 variatione;
2867 657 3056 732 atque
3086 649 3153 711 in
3195 647 3406 710 medio
3445 646 3610 707 inter
3647 644 3780 707 haec
3813 660 3952 705 mo-

837 746 1354 828 proportionatur
1390 767 1541 811 aevo.
1578 749 1645 810 In
1685 748 1864 810 omni
1909 750 2148 829 quippe
2195 767 2335 810 suc-

836 844 1122 905 cessione
1162 846 1477 907 amittitur
1516 846 1780 928 aliquid,
1815 854 1878 908 et
1914 846 2156 928 aliquid
2189 864 2334 907 vere

833 941 1191 1022 acquiritur
1224 960 1239 1004 ε
1274 945 1424 1025 quia
1456 964 1656 1025 quum
1692 944 1867 1026 prius
1898 951 1961 1005 et
1992 944 2332 1025 posteriuS,

834 1038 974 1100 sine
1024 1040 1261 1121 quibus
1322 1060 1448 1103 non
1496 1050 1591 1104 est
1639 1042 1979 1113 successio,
2032 1059 2158 1103 non
2209 1041 2337 1103 sint

834 1154 953 1197 nec
1009 1155 1148 1200 esse
1198 1139 1447 1201 valeant
1494 1139 1709 1213 simul,
1762 1148 2022 1221 propter
2072 1139 2336 1201 manife-

834 1244 995 1297 stam
1039 1238 1603 1301 contradictionem
1646 1258 1787 1320 quae
1828 1239 1893 1300 in
1935 1238 2091 1320 ipsis
2122 1238 2338 1299 termi-

833 1333 933 1395 nis
985 1333 1387 1416 implicatur3
1439 1337 1805 1417 posterioris
1852 1335 2190 1419 acquisitio
2241 1343 2336 1397 est

835 1431 1066 1512 prioris
1113 1434 1394 1495 amissi0.
1431 1435 1549 1496 Sed
1598 1435 1661 1496 in
1706 1454 1844 1497 esse
1888 1434 2094 1515 angeli
2144 1442 2334 1515 atque

835 1530 1181 1610 cujuslibet
1224 1533 1509 1595 aeviterni
1559 1534 1733 1596 nulla
1776 1542 1873 1595 est
1915 1551 2078 1596 nova
2124 1533 2337 1615 acqui-

836 1628 983 1693 sitio
1026 1650 1235 1714 neque
1277 1632 1559 1707 amissiO,
1602 1653 1804 1715 quum
1849 1632 2334 1714 incorruptibile

837 1728 937 1789 sit.
974 1728 1116 1792 Haec
1162 1730 1513 1793 DuranduS.

2446 747 2547 821 do,
2582 747 2681 809 cui
2725 767 2932 809 aevum
2975 746 3446 829 correspondet,
3481 745 3557 806 de
3597 760 3722 825 quo
3763 748 3952 803 testa·

2446 853 2550 907 tur
2595 864 2609 907 :
2657 846 2947 908 Mensura
2997 863 3188 907 morae
3237 844 3300 905 in
3350 843 3619 905 essendo
3665 840 3954 903 secundo

2447 945 2655 1018 modo,
2689 945 2924 1006 dicitur
2965 963 3174 1007 aevum
3208 961 3223 1005 z
3257 962 3400 1024 quae
3443 947 3700 1023 propter
3743 938 3952 1020 ipsius

2443 1061 2582 1105 esse
2613 1043 2926 1105 actualem
2969 1041 3556 1104 immutabilitatem
3587 1038 3953 1100 necessario

2447 1151 2541 1203 est
2574 1150 2702 1204 tota
2733 1140 2950 1215 simul,
2974 1141 3278 1223 quoniam
3311 1138 3474 1200 nihil
3505 1145 3697 1200 restat
3727 1136 3950 1217 acqui-

2445 1241 2736 1303 rendum.
2779 1242 3006 1303 AEvum
3055 1257 3204 1320 ergo
3246 1238 3510 1300 omnino
3559 1243 3768 1318 partes
3816 1253 3950 1297 non

2445 1338 2654 1411 habet,
2701 1357 2816 1400 nec
2859 1346 2954 1399 est
3001 1338 3064 1399 in
3107 1355 3182 1399 eo
3227 1336 3354 1398 ulla
3395 1334 3735 1407 successi0‚
3779 1334 3952 1395 sicut

2445 1456 2562 1498 nec
2614 1438 2678 1499 in
2733 1456 2870 1499 6556
2923 1434 3326 1499 substantiali
3379 1434 3580 1516 ipsius
3633 1432 3943 1495 aeviterni.

2445 1536 2918 1618 Consequenter
2962 1534 3182 1596 recitat
3223 1534 3379 1595 duas
3418 1532 3751 1614 opiniones
3793 1529 3950 1591 huic

2445 1634 2814 1705 contrarias,
2849 1640 2908 1694 et
2954 1631 3272 1714 improbat
3313 1650 3439 1705 eas,
3471 1630 3637 1691 sicut
3679 1628 3944 1711 patebit.

2525 1733 2828 1794 Praeterea
2879 1732 2942 1792 in
2991 1732 3112 1793 hoc
3157 1730 3293 1793 loco
3338 1729 3604 1811 pulchre
3646 1728 3948 1799 declarat,

919 1826 1268 1890 Concordat
1293 1829 1603 1902 Albertus,
1630 1829 1794 1891 libro
1825 1830 1901 1891 de
1932 1829 2009 1891 IV
2034 1828 2336 1909 Coaequae-
2371 1832 2418 1894 B
2448 1848 2562 1891 cur
2603 1838 2666 1892 et
2708 1829 2981 1912 qualiter
3031 1828 3152 1910 ipsi
3203 1847 3343 1890 esse
3391 1826 3793 1889 substantiali
3845 1844 3952 1905 ge-

836 1924 934 1985 vis
965 1925 1230 1988 dicendo
1251 1944 1265 1988 :
1286 1927 1490 1999 Quum
1521 1947 1725 1990 aevum
1760 1928 2059 2008 respiciat
2082 1946 2222 1988 esse
2252 1946 2336 1988 se-

837 2024 1118 2085 cundum
1148 2043 1237 2097 se,
1273 2043 1401 2088 non
1436 2026 1496 2087 in
1528 2026 1999 2107 comparatione
2028 2026 2103 2087 ad
2137 2044 2335 2106 quan-

833 2120 1101 2195 titatem,
1138 2142 1277 2204 quae
1308 2124 1638 2186 ordinatur
1670 2125 1748 2186 ad
1791 2133 2057 2196 motum,
2093 2131 2336 2186 constat

834 2219 1003 2300 quod
1035 2240 1241 2283 aevum
1283 2222 1529 2302 adjacet
1559 2241 1697 2285 esse
1740 2222 2118 2285 indivisibili
2149 2229 2213 2284 et
2242 2222 2336 2284 in-

834 2316 1264 2382 divisibiliter.
1310 2320 1711 2402 Impossibile
1754 2328 1966 2383 autem
2011 2327 2107 2382 est
2152 2320 2336 2382 intel-

834 2414 1051 2496 ligere,
1085 2418 1359 2500 qualiter
1404 2420 1465 2481 id
1508 2419 1676 2501 quod
1716 2428 1812 2481 est
1851 2438 1999 2482 cum
2042 2418 2240 2501 priori
2275 2426 2338 2481 et

833 2516 1190 2596 posteriori,
1225 2517 1308 2578 sit
1349 2536 1647 2579 mensura
1685 2518 1825 2598 ejus
1866 2519 2035 2599 quod
2074 2536 2202 2579 non
2245 2518 2336 2579 di-

834 2612 1093 2687 viditur,
1145 2614 1233 2676 ita
1291 2616 1459 2696 quod
1521 2616 1751 2696 partim
1810 2616 1893 2678 sit
1948 2616 2013 2677 in
2063 2615 2337 2677 termino

834 2732 877 2771 a
904 2733 1054 2791 quo,
1075 2719 1138 2773 et
1169 2714 1401 2794 partim
1436 2714 1501 2774 in
1534 2714 1809 2775 termino
1839 2718 1927 2773 ad
1956 2734 2165 2793 quem.
2193 2713 2335 2775 Haec

833 2809 1153 2885 AlbertuS,
1196 2811 1306 2892 qui
1354 2812 1419 2872 in
1463 2820 1827 2873 commento
1866 2829 2057 2893 super
2097 2811 2334 2873 librum

834 2909 913 2970 de
958 2908 1177 2971 Causis
1222 2909 1473 2991 plenius
1517 2910 1663 2972 inde
1708 2910 1950 2972 scribit.

2447 1928 2828 1990 nerabilium
2875 1936 2938 1988 et
2978 1926 3496 2007 corruptibilium
3543 1925 3758 2005 potius
3799 1941 3950 1985 con·

2446 2026 2619 2088 venit
2668 2044 2807 2088 esse
2859 2024 3341 2105 mensurarique
3389 2031 3699 2105 tempore,
3751 2040 3946 2103 quam

2449 2124 2569 2205 ipsi
2609 2143 2746 2185 esse
2787 2124 3233 2186 aeviternorum
3256 2140 3272 2200 3
3312 2120 3586 2203 qualiter
3623 2120 3820 2181 etiam
3860 2120 3954 2181 di-

2448 2221 2647 2284 versis
2688 2221 3112 2284 diversimode
3153 2220 3488 2284 conveniat
3515 2238 3656 2281 esse
3695 2218 3764 2279 in
3797 2226 3953 2280 tem-

2448 2338 2599 2402 pore
2625 2338 2639 2382 :
2669 2320 3010 2382 Sciendum
3043 2328 3138 2382 est
3163 2318 3438 2399 (dicens)
3463 2318 3631 2399 quod
3665 2316 3948 2399 proprie,

2447 2437 2561 2500 per
2599 2437 2667 2480 se
2706 2426 2766 2480 et
2810 2419 3018 2500 primo
3058 2435 3185 2479 non
3228 2423 3629 2479 mensuratur
3657 2423 3952 2497 tempore

2446 2518 2571 2578 nisi
2632 2524 2839 2579 motus
2899 2516 3139 2578 habens
3199 2524 3409 2597 partes
3456 2514 3838 2587 defluenteS‚
3887 2521 3952 2575 et.

2447 2633 2572 2678 non
2615 2614 2853 2677 mobile
2893 2615 3018 2677 nisi
3058 2616 3126 2677 in
3159 2622 3468 2696 quantum
3509 2613 3701 2675 estin
3745 2620 3945 2674 motu.

2447 2712 2566 2774 Sed
2612 2720 2822 2775 motus
2866 2713 2983 2774 iste
3028 2719 3235 2793 potest
3273 2731 3412 2773 esse
3452 2710 3709 2792 duplex,
3745 2716 3948 2791 puta:

2447 2810 2808 2883 continuuS,
2843 2811 3196 2872 secundum
3238 2816 3447 2891 partes
3483 2828 3628 2870 suas
3664 2807 3954 2870 divisibi-

2448 2910 2536 2972 les
2569 2918 2631 2971 et
2661 2928 2999 2982 connean,
3034 2917 3104 2971 ut
3135 2916 3229 2970 est
3266 2908 3533 2970 mutatio
3564 2907 3630 2968 in
3661 2924 3954 2989 corpora-

915 3007 1103 3069 Porro
1138 3007 1444 3069 Henricus
1474 3008 1850 3081 Quodlibeto
1889 3008 2135 3090 quinte,
2170 3030 2338 3091 quae—
2365 3010 2408 3073 C
2447 3008 2616 3070 libus
2646 3007 2837 3070 rebus
2867 3007 3210 3086 exsistens3
3243 3006 3343 3068 vel
3375 3006 3708 3078 discretus,
3731 3024 3953 3067 secun·

835 3104 1037 3167 stione
1080 3105 1535 3175 tertiadecima,
1569 3106 1646 3167 de
1685 3107 1801 3168 hac
1846 3125 1912 3168 re
1955 3107 2180 3169 scribit
2219 3106 2337 3168 dis-

834 3204 997 3275 fuse,
1031 3210 1094 3265 et
1127 3210 1317 3277 tenet,
1353 3205 1520 3285 quod
1564 3204 1627 3265 in
1660 3222 1795 3267 aevo
1825 3204 2000 3266 nulla
2031 3205 2336 3267 consistat

836 3301 1155 3365 successio
1200 3304 1607 3377 :AEternitas,
1651 3303 1969 3384 inquienS,
2015 3323 2222 3366 aevum
2273 3311 2336 3365 et

836 3406 1089 3480 tempus
1134 3417 1261 3461 non
1308 3407 1457 3461 sunt
1500 3400 1622 3462 nisi
1668 3401 1959 3482 quaedam
2008 3419 2200 3463 morae
2245 3400 2334 3463 rei

837 3496 903 3558 in
950 3498 1255 3575 essend03
1308 3497 1527 3579 sicque
1576 3506 1725 3560 sunt
1776 3518 2088 3562 mensurae
2132 3499 2336 3580 ipsius

836 3614 975 3657 esse
1007 3614 1221 3657 rerum
1263 3596 1327 3657 in
1358 3604 1669 3678 quantum
1711 3604 2039 3659 morantur
2078 3617 2190 3659 seu
2222 3598 2336 3659 du-

838 3700 979 3755 rant
1018 3693 1085 3756 in
1124 3695 1413 3767 essendo,
1448 3694 1858 3777 respicientes
1898 3714 2036 3757 esse
2078 3696 2167 3757 rei
2209 3714 2336 3758 non

838 3791 959 3853 sub
998 3792 1239 3854 ratione
1278 3792 1418 3872 ejus
1460 3793 1627 3874 quod
1662 3793 1817 3874 quid
1851 3801 1944 3854 est
1980 3801 2090 3854 aut
2124 3794 2332 3875 quale,

836 3889 947 3951 sed
1006 3889 1127 3951 sub
1181 3891 1423 3952 ratione
1481 3910 1605 3971 qua
1665 3898 1993 3971 quantum.
2046 3892 2337 3954 Mensura

835 3988 1009 4050 enim
1049 3996 1145 4051 est
1183 3989 1249 4050 id
1293 4009 1405 4071 per
1444 3990 1613 4071 quod
1652 3990 2053 4071 cognoscitur
2091 3990 2339 4072 quanti-

835 4095 929 4148 tas
981 4086 1091 4149 rei.
1144 4088 1481 4168 Quumque
1542 4107 1837 4149 mensura
1890 4088 1975 4150 sit
2022 4089 2337 4169 unigenea

2443 3106 2597 3167 dum
2647 3113 2858 3187 partes
2918 3105 3325 3178 inconnexas,
3379 3104 3740 3183 cujusmodi
3800 3112 3952 3166 sunt

2445 3212 2792 3285 conceptus
2869 3202 3371 3283 affectionesque
3443 3201 3814 3282 angelorum
3885 3210 3950 3263 et

2447 3302 2812 3365 consimiles
2851 3302 3130 3364 actiones
3162 3319 3406 3373 eorum,
3441 3319 3581 3382 quae
3615 3299 3786 3380 large
3823 3318 3952 3363 mo-

2447 3408 2546 3461 tus
2610 3407 2939 3473 vocantur,
3005 3418 3078 3460 ac
3143 3407 3428 3480 tempore
3497 3404 3950 3459 mensurantur

2443 3500 2702 3562 alterius
2764 3499 3016 3580 generis
3073 3518 3106 3561 a
3169 3506 3452 3581 tempore
3517 3497 3944 3579 corporalium

2446 3617 2678 3660 rerum.
2737 3598 2813 3658 Et
2867 3596 3168 3678 quoniam
3226 3594 3668 3659 transmutatio
3719 3614 3946 3658 secun·

2446 3698 2598 3758 dum
2653 3695 2794 3757 illos
2845 3703 3054 3757 motus
3105 3694 3195 3756 nil
3245 3693 3469 3774 abjicit
3508 3714 3546 3756 a
3592 3693 3950 3756 substantia

2444 3794 2674 3875 angeli,
2709 3812 2826 3855 nec
2857 3792 2938 3854 ab
2969 3810 3044 3855 eo
3074 3812 3111 3855 a
3141 3809 3268 3875 quo
3298 3792 3614 3873 dependet
3653 3791 3950 3854 substan-

2446 3894 2535 3954 tia
2575 3892 2715 3973 ejus
2760 3911 2872 3953 seu
2916 3910 3056 3953 esse
3109 3890 3524 3953 substantiale
3571 3907 3584 3952 :
3632 3890 3783 3951 hinc
3825 3891 3946 3953 etsi

2447 3990 2732 4071 operatio
2787 3991 2930 4070 ejus
2988 3999 3274 4071 tempore
3328 3996 3756 4063 mensuratur,
3803 3988 3952 4050 sub·

2447 4088 2678 4150 stantia
2725 4095 2938 4149 tamen
2992 4088 3133 4167 ejus
3188 4104 3316 4149 non
3367 4093 3770 4148 mensuratur
3820 4086 3946 4149 nisi

838 4192 1224 4259 mensurato,
1278 4186 1524 4266 species
1573 4184 1972 4267 qualitasque
2023 4206 2337 4250 mensurae
2367 4190 2416 4252 D
2447 4204 2599 4248 aevo.
2643 4220 2724 4229 —
2761 4184 2952 4248 Porro
2997 4191 3207 4247 motus
3255 4183 3596 4246 continuus
3643 4182 3708 4243 in
3755 4184 3949 4246 rebus

836 4283 1025 4344 debet
1075 4285 1369 4363 cognosci
1428 4284 1783 4345 secundum
1845 4285 2214 4365 qualitatem
2275 4294 2336 4347 et

836 4381 1118 4462 speciem
1160 4382 1531 4454 mensurati,
1568 4382 2106 4462 quemadmodum
2149 4401 2336 4446 econ·

834 4478 1029 4541 trario
1048 4479 1367 4560 quantitas
1396 4479 1739 4541 mensurati
1769 4481 2121 4542 secundum
2146 4501 2339 4565 quan·

837 4578 1082 4639 titatem
1136 4596 1447 4639 mensurae
1493 4596 1507 4640 :
1556 4578 1813 4659 proprio
1862 4579 2099 4640 etenim
2150 4581 2338 4643 modo

836 4676 1087 4738 essendi
1127 4676 1576 4757 correspondet
1617 4676 1914 4757 proprius
1960 4678 2184 4739 modus
2228 4679 2339 4741 du-

838 4774 1099 4836 rationis
1131 4774 1199 4836 in
1228 4772 1515 4835 essendo.
1540 4809 1621 4818 —
1652 4774 1889 4836 Deinde
1921 4774 2167 4855 prolixe
2200 4794 2340 4857 pro·

836 4872 1127 4955 sequitur
1156 4872 1431 4953 qualiter
1470 4872 1697 4934 modus
1737 4874 1987 4934 essendi
2023 4882 2334 4954 quantum

836 4971 915 5033 ad
945 4972 1367 5045 durationem,
1402 4970 1467 5031 in
1511 4969 1923 5032 universitate
1956 4990 2167 5033 rerum
2211 4990 2336 5035 non

838 5069 963 5131 nisi
1016 5067 1246 5150 triplex
1293 5067 1575 5141 exsistat,
1617 5067 1915 5130 videlicet
1962 5089 1975 5132 :
2025 5070 2091 5131 in
2137 5071 2341 5131 omni-

838 5168 1025 5230 moda
1058 5166 1511 5249 independenti
1553 5166 2235 5246 incommutabilitate3
2277 5176 2341 5230 et

838 5266 902 5328 in
961 5266 1264 5328 continua
1320 5264 1710 5339 defluxione,
1763 5266 2164 5328 successione
2225 5286 2338 5329 seu

2447 4284 2883 4366 corporalibus
2951 4283 3200 4345 duobus
3267 4282 3346 4344 rit
3413 4281 3639 4343 modis.
3704 4281 3944 4357 Prim0‚

2448 4383 2800 4445 secundum
2841 4380 3291 4462 dispositiones
3336 4398 3462 4441 non
3503 4379 3947 4460 imprimentes

2449 4500 2562 4563 per
2604 4500 2670 4543 se
2719 4480 2781 4542 in
2827 4479 3250 4542 substantiam
3294 4478 3384 4539 rei
3431 4496 3444 4540 :
3495 4485 3563 4538 ut
3605 4485 3700 4539 est
3743 4478 3945 4540 varia-

2448 4580 2535 4641 tio
2585 4581 2937 4641 secundum
2991 4578 3150 4639 situs
3201 4585 3262 4639 et.
3312 4575 3663 4638 secundum
3712 4576 3946 4639 illumi-

2449 4678 2734 4740 nationes
2791 4686 2854 4739 et
2900 4676 3396 4739 obscurationes,
3449 4674 3598 4747 Quae
3643 4674 3946 4736 dicuntur

2449 4794 2574 4839 non
2617 4776 3058 4856 imprimentes
3090 4774 3154 4835 in
3185 4772 3606 4836 substantiam
3641 4772 3756 4846 rei,
3791 4792 3943 4855 quo-

2450 4875 2618 4936 niam
2665 4874 2928 4936 variatio
2977 4873 3042 4934 in
3090 4873 3183 4934 eis
3233 4890 3347 4953 per
3393 4890 3462 4934 56
3510 4870 3600 4933 nil
3649 4870 3872 4951 abjicit
3909 4890 3944 4933 a

2449 4972 2804 5035 substantia
2852 4972 2963 5045 rei,
3007 4990 3214 5053 neque
3261 4970 3341 5032 ab
3389 4988 3466 5032 eo
3506 4987 3545 5031 a
3587 4987 3715 5052 quo
3765 4969 3832 5031 in
3879 4988 3944 5031 re

2449 5070 2763 5152 dependet
2805 5088 2942 5133 esse
2993 5068 3406 5131 substantiale
3455 5088 3469 5131 :
3517 5067 3662 5129 ideo
3709 5068 3774 5128 in
3825 5086 3945 5131 coe-

2451 5167 2717 5231 lestibus
2757 5168 3074 5250 reperitur
3103 5166 3499 5249 corporibus,
3535 5182 3808 5247 quorum
3841 5184 3942 5228 va-

2450 5266 2636 5329 riatio
2685 5266 3036 5328 secundum
3093 5265 3232 5327 illas
3282 5271 3569 5345 tempore
3617 5280 3942 5326 mensura-
