4334 6242
204 2284 236 2323 p.
256 2271 374 2313 ³83A.

1102 513 1304 559 UTRUM
1344 512 1568 559 ANGELI
1610 512 1794 560 PRAVI
1835 512 1971 559 SINT
2012 511 2328 561 OBSTINATI
2370 515 2434 561 IN
2474 515 2677 573 VITIIS,
2718 513 2847 561 mc.

3400 492 3522 557 389

425 690 613 763 agant
644 683 1033 764 intentione;
1077 685 1218 747 ideo
1249 684 1490 748 nullam
1523 692 1789 767 possunt
1817 685 1922 747 ha-
1951 682 2000 747 A
2032 685 2141 747 sed
2182 686 2386 748 solum
2419 686 2487 748 in
2516 685 2857 749 effectibus
2891 684 3074 748 bonis
3114 684 3283 747 circa
3319 684 3524 747 homi-

426 779 576 843 bere·
605 782 922 844 actionem
955 784 1276 845 moraliter
1306 783 1560 857 bonam,
1597 802 1712 845 nec
1745 782 1921 844 boni-

425 886 547 941 tate
579 881 914 962 completa,
935 901 1052 943 nec
1084 883 1488 965 incompleta,
1513 902 1630 944 nec
1664 882 1920 963 loquen-

424 978 503 1039 do
531 978 608 1040 de
645 986 789 1041 actu
821 981 1260 1055 determinato,
1293 1000 1500 1063 neque
1539 982 1615 1043 de
1651 988 1791 1043 actu
1829 980 1918 1041 in-

423 1077 854 1139 determinato.
873 1079 1168 1151 Quamvis
1199 1079 1368 1141 enim
1403 1097 1529 1142 non
1562 1078 1919 1141 necessario

423 1174 856 1237 indesinenter
895 1176 1188 1238 insistant
1229 1177 1378 1238 huic
1415 1185 1522 1238 aut
1562 1177 1712 1238 huic
1748 1178 1916 1239 actui

423 1290 638 1354 prav0,
673 1292 868 1354 seque
903 1282 1274 1335 convertant
1303 1275 1380 1336 de
1413 1292 1540 1337 uno
1573 1283 1717 1336 actu
1751 1275 1916 1336 malo

421 1372 496 1433 ad
547 1372 770 1446 alium,
823 1390 1077 1454 semper
1125 1379 1334 1434 tamen
1393 1373 1696 1435 insistunt
1746 1373 1914 1434 actui

424 1470 603 1543 malo,
631 1470 716 1533 ita
746 1471 916 1552 quod
945 1470 1114 1532 actui
1146 1470 1468 1534 moraliter
1492 1471 1659 1534 bono
1691 1490 1915 1553 neque-

425 1576 535 1629 unt
584 1569 912 1631 inhaerere.
957 1604 1038 1613 —
1081 1569 1423 1643 Postrem0‚
1471 1571 1640 1651 quod
1689 1569 1916 1651 allegat

422 1666 846 1746 Augustinum
904 1667 1245 1740 dicentem,
1295 1667 1469 1729 Nihil
1523 1676 1651 1729 tam
1706 1676 1800 1729 est
1850 1667 1913 1729 in

425 1771 731 1846 potestate
782 1764 1124 1827 voluntatis
1173 1785 1364 1847 quam
1418 1765 1556 1847 ipsa
1597 1766 1911 1839 voluntaS,

2032 802 2199 863 nes3
2261 785 2353 847 sic
2412 785 2773 848 daemonum
2833 785 3125 847 voluntas
3188 783 3253 846 in
3320 782 3525 865 prima

2029 882 2359 945 aversione
2404 884 2485 945 sit
2526 902 2745 946 aversa
2791 884 2853 944 in
2901 883 3196 956 termino,
3229 882 3317 944 ita
3356 882 3526 963 quod

2032 988 2275 1043 tantum
2325 981 2449 1043 fuit
2488 983 2845 1063 depravata,
2880 982 3050 1064 quod
3092 982 3168 1043 de
3212 988 3422 1043 cetero
3460 980 3525 1041 in

2031 1100 2096 1141 se
2145 1080 2421 1161 amplius
2470 1098 2597 1141 non
2646 1080 3048 1161 depravatur,
3101 1080 3211 1142 sed
3258 1080 3325 1141 in
3375 1078 3529 1141 effe-

2029 1178 2239 1240 ctibus
2281 1178 2464 1240 malis
2494 1186 2763 1253 tantum,
2798 1180 3100 1260 quoniam
3138 1178 3323 1260 plura
3363 1178 3528 1240 mala

2028 1296 2104 1338 ex
2135 1277 2362 1358 aequali
2408 1278 2605 1359 impia
2644 1277 2967 1339 voluntate
3005 1295 3260 1357 semper
3296 1275 3519 1338 efficit.

2026 1376 2362 1456 Quumque
2391 1375 2783 1457 supplicium
2822 1394 2949 1438 non
2988 1375 3194 1437 solum
3228 1374 3527 1457 respiciat

2027 1474 2447 1536 intentionem
2496 1474 2860 1548 voluntatiS,
2910 1475 3020 1537 sed
3069 1474 3261 1537 etiam
3308 1482 3523 1536 actum

2027 1572 2429 1643 exteriorem,
2466 1572 2609 1635 ideo
2640 1572 2895 1653 gravius
2934 1573 3200 1655 punitur
3229 1571 3521 1634 diabolus

2026 1689 2103 1731 ex
2147 1670 2331 1731 malis
2380 1690 2521 1752 quae
2570 1671 2929 1733 committit.
2976 1670 3265 1733 Secunda
3305 1670 3523 1753 opinio

2025 1776 2142 1841 est,
2179 1769 2347 1850 quod
2388 1769 2676 1831 diabolus
2717 1769 2969 1831 assidue
3006 1770 3069 1830 in
3114 1769 3356 1831 malitia
3395 1788 3525 1832 cre-

426 1871 668 1924 certum
719 1870 815 1925 est
862 1863 1094 1925 debere
1144 1863 1416 1945 intelligi
1464 1865 1542 1926 de
1591 1864 1915 1925 voluntate
1951 1863 1998 1925 B
2028 1867 2148 1929 scit
2201 1887 2214 1931 :
2268 1869 2419 1949 quia
2479 1869 2775 1931 continue
2837 1874 3077 1949 peccat,
3130 1875 3189 1930 et
3240 1868 3524 1949 quotidie

427 1960 776 2023 secundum
827 1980 894 2023 se
947 1969 1222 2043 sumpta,
1267 1980 1393 2024 non
1439 1963 1645 2043 quoad
1696 1981 1915 2043 quem-

427 2076 694 2138 cumque
722 2057 918 2139 ipsius
950 2066 1179 2121 statum
1206 2068 1312 2121 aut
1337 2059 1913 2141 qualificationem:

426 2155 580 2217 alias
619 2157 788 2218 Beati
830 2176 896 2219 se
937 2165 1196 2239 possent
1234 2178 1271 2219 a
1309 2160 1438 2222 Deo
1474 2166 1776 2220 avertere.

505 2254 882 2336 Exemplum
925 2256 1182 2317 demum
1229 2258 1398 2338 quod
1443 2258 1672 2319 Doctor
1713 2258 1915 2319 solen-

425 2353 522 2415 nis
586 2352 832 2416 inducit
893 2356 970 2417 de
1034 2355 1204 2418 ferro
1260 2355 1517 2418 incusso
1573 2356 1746 2417 carni
1809 2376 1914 2417 us-

424 2470 544 2533 que
584 2452 662 2513 ad
701 2470 864 2527 ossa,
891 2461 1038 2527 etc.‚
1067 2454 1336 2515 multum
1376 2454 1762 2516 conveniens
1803 2461 1913 2527 est,

421 2550 704 2632 quamvis
749 2550 907 2613 alter
948 2550 1106 2613 illud
1145 2552 1511 2613 subsannet.
1548 2552 1917 2634 Synderesis

420 2667 690 2729 namque
731 2648 813 2711 ob
859 2668 1037 2710 suam
1079 2649 1485 2723 soliditatem,
1519 2668 1645 2731 qua
1680 2649 1918 2730 jugiter

422 2755 845 2809 remurmurat
906 2748 1102 2821 vitiis,
1166 2757 1335 2810 recte
1398 2755 1760 2830 comparata
1821 2756 1916 2808 est

419 2846 660 2907 ossibus
676 2862 692 2924 ;
727 2854 950 2908 ceterae
994 2854 1207 2907 autem
1254 2846 1443 2921 vireS‚
1477 2845 1757 2907 actiones
1801 2864 1912 2907 seu

419 2943 694 3019 habitus,
729 2964 870 3027 quae
916 2944 1169 3007 facilius
1220 2946 1453 3007 cedunt
1499 2943 1703 3017 maliS,
1738 2944 1912 3006 carni

421 3042 536 3103 rite
578 3044 1033 3105 assimilantur.

524 3241 830 3304 Praeterea
895 3243 972 3303 de
1039 3241 1406 3323 praehabitis
1472 3241 1913 3303 Bonaventura

417 3338 639 3400 scribit
675 3338 931 3401 diffuse.
967 3339 1207 3420 Nempe
1243 3340 1322 3402 ad
1362 3340 1555 3413 istud,
1588 3346 1804 3401 utrum
1847 3338 1910 3400 in

419 3436 812 3499 daemonibus
851 3437 934 3498 sit
975 3437 1154 3499 malae
1197 3437 1542 3499 voluntatis
1587 3438 1918 3523 continuaff

421 3535 527 3609 tio,
572 3534 912 3615 respondet
951 3553 963 3595 ε
1003 3536 1321 3615 Contingit
1365 3536 1443 3598 de
1490 3536 1653 3597 mala
1691 3535 1910 3597 volun-

421 3640 541 3694 tate
593 3632 765 3713 loqui
812 3631 1165 3714 tripliciter.
1205 3633 1434 3706 Primo,
1477 3641 1787 3714 quantum
1830 3634 1906 3694 ad

416 3731 553 3812 ejus
586 3729 1170 3793 deformitatemzet
1199 3731 1264 3792 in
1297 3731 1414 3793 ista
1434 3732 1670 3812 jugiter
1697 3738 1908 3792 manet

416 3830 726 3894 diabolus,
779 3831 1090 3903 Secund0‚
1143 3838 1451 3911 quantum
1499 3833 1576 3893 ad
1630 3831 1905 3912 pronita-

416 3938 542 3991 tem
579 3947 594 3990 :
629 3929 720 3991 sic
752 3947 1006 4010 quoque
1040 3936 1137 3990 est
1167 3929 1231 3990 in
1262 3928 1658 3992 daemonibus
1696 3948 1906 4010 pravae

415 4027 808 4092 continuatio
839 4026 1200 4088 voluntatis
1229 4026 1456 4099 Tertio,
1486 4034 1792 4108 quantum
1827 4027 1904 4087 ad

413 4125 840 4188 actualitatem
872 4125 1072 4207 ipsius
1094 4132 1187 4187 :et
1218 4124 1309 4186 sic
1340 4125 1532 4185 etiam
1562 4134 1656 4185 est
1687 4124 1751 4186 in
1784 4125 1909 4185 dia-

2028 1984 2224 2029 novas
2273 1967 2542 2029 nocendi
2590 1967 2904 2048 excogitat
2940 1966 3106 2045 rias.
3152 1966 3359 2028 Tertia
3405 1974 3522 2041 est,

2030 2066 2198 2146 quod
2240 2065 2303 2126 in
2346 2064 2598 2128 diabolo
2638 2065 2865 2127 crescit
2902 2065 3143 2127 malitia
3183 2066 3525 2128 voluntatis

2027 2170 2338 2245 quantum
2370 2161 2445 2223 ad
2473 2162 2601 2224 vim
2633 2160 3363 2244 administrativam,qua
3392 2181 3527 2225 con·

2027 2262 2298 2324 vertitur
2353 2260 2431 2321 ad
2492 2260 2839 2333 hominem,
2892 2278 3017 2321 non
3080 2268 3390 2341 quantum
3446 2262 3525 2323 ad

2027 2358 2158 2421 vim
2201 2356 2781 2438 contemplativam,
2816 2377 2942 2439 qua
2981 2376 3017 2419 a
3050 2358 3180 2421 Deo
3218 2357 3528 2439 simplici-

2028 2464 2124 2518 ter
2161 2462 2221 2517 et
2264 2455 2621 2517 necessario
2660 2464 2755 2517 est
2785 2474 3062 2518 aversus.
3097 2456 3310 2518 Virtus
3350 2456 3524 2517 enim

2028 2554 2521 2635 contemplativa
2552 2571 2679 2615 non
2720 2553 2943 2615 habuit
2972 2561 3226 2635 tempus
3256 2572 3367 2615 seu
3401 2561 3522 2615 sta-

2029 2659 2162 2714 tum
2199 2652 2505 2725 merendi,
2540 2651 2664 2713 nisi
2698 2671 2899 2733 usque
2929 2653 3005 2713 ad
3038 2652 3310 2734 primam
3342 2671 3524 2714 suam

2027 2751 2403 2813 electionem
2446 2750 2791 2829 inclusive3
2823 2749 3345 2813 administrativa}
3372 2768 3527 2813 vero

2025 2849 2271 2923 virtuti,
2304 2848 2453 2930 quia
2484 2848 2811 2911 concernit
2840 2848 3152 2921 homineS,
3186 2847 3523 2930 praefixum

2025 2954 2119 3009 est
2164 2956 2415 3028 tempus
2458 2947 2744 3009 merendi
2783 2965 2987 3028 usque
3026 2947 3105 3008 ad
3144 2947 3315 3008 diem
3357 2946 3525 3028 judi-

1951 3046 1994 3109 C
2027 3046 2128 3107 cii.
2162 3045 2258 3107 Ad
2291 3051 2685 3106 crementum
2716 3053 2928 3106 autem
2960 3044 3303 3106 voluntatis
3343 3044 3524 3108 malae

2025 3144 2158 3206 sive
2209 3143 2522 3216 demeriti,
2574 3143 2923 3224 requiritur
2980 3150 3178 3204 status
3238 3142 3521 3205 merendi

2024 3242 2124 3303 vel
2168 3240 2555 3303 demerendi.

2115 3339 2435 3401 Postremo
2494 3337 2663 3400 circa
2720 3337 2979 3400 inducta
3038 3345 3248 3400 movet
3295 3338 3523 3400 Doctor

2021 3437 2477 3517 irrefragabilis
2508 3436 2817 3518 plurimas
2848 3436 3249 3517 quaestioneS,
3280 3437 3344 3498 in
3376 3455 3521 3517 qua-

2021 3555 2166 3598 rum
2216 3535 2529 3597 solutione
2588 3534 2740 3595 satis
2790 3534 3129 3596 concordat
3178 3534 3515 3615 praedictiS,

2021 3633 2375 3717 praesertim
2408 3651 2577 3693 nunc
2612 3632 2792 3693 tactis
2824 3651 2901 3693 ex
2930 3632 3387 3693 Bonaventura.
3414 3633 3521 3695 As-

2022 3732 2176 3795 serit
2206 3720 2481 3814 quoque,
2509 3731 2674 3812 quod
2709 3730 3027 3793 daemones
3058 3748 3175 3791 nec
3206 3736 3350 3791 ante
3380 3749 3517 3811 pec-

2021 3838 2233 3892 catum
2266 3848 2383 3891 nec
2414 3836 2631 3911 postea
2662 3828 3015 3891 habuerunt
3042 3828 3235 3890 fidem
3266 3828 3519 3910 proprie

2021 3929 2279 4001 dictam,
2323 3947 2449 4009 qua
2493 3926 2570 3988 fit
2619 3927 2783 3988 visio
2829 3926 3215 4009 specularis3
3257 3926 3366 3988 sed
3415 3926 3520 3988 ha-

2019 4028 2298 4090 buerunt
2330 4026 2667 4108 quamdam
2710 4026 3147 4088 credulitatem
3179 4043 3253 4086 ex
3288 4023 3517 4086 Christi

2018 4126 2321 4207 operibus
2372 4132 2715 4205 sumptam,
2763 4143 2903 4205 quae
2950 4130 3047 4185 est
3094 4122 3371 4203 cognitio
3417 4142 3516 4185 ac-

419 4224 560 4287 bolo
604 4224 947 4286 voluntatis
993 4222 1227 4304 iniquae
1277 4222 1668 4286 continuatio
1713 4242 1908 4304 quan—
1939 4229 1988 4290 D
2020 4225 2272 4307 quisita.
2310 4223 2387 4284 Et
2422 4224 2498 4285 de
2540 4223 2659 4284 ista
2698 4221 3069 4283 credulitate
3109 4220 3369 4303 exponit
3407 4240 3515 4283 au-

417 4330 548 4385 tum
585 4322 663 4384 ad
698 4321 976 4402 aliquem
1015 4329 1228 4383 actum
1261 4319 1604 4402 peccandi3
1638 4321 1746 4382 sed
1780 4339 1906 4382 non

419 4440 668 4503 semper
702 4419 909 4501 quoad
945 4428 1158 4481 actum
1193 4420 1513 4493 eumdem,
1547 4438 1664 4480 nec
1701 4420 1908 4500 quoad

419 4520 583 4581 idem
613 4537 816 4599 genus
851 4518 1091 4599 peccati
1123 4537 1136 4581 :
1167 4518 1316 4598 quia
1347 4536 1518 4579 nunc
1551 4536 1664 4599 per
1695 4537 1911 4599 super-

421 4616 611 4691 biam,
655 4636 826 4678 nunc
868 4635 981 4698 per
1021 4616 1328 4678 invidiam
1370 4624 1609 4696 peccat,
1647 4622 1764 4677 etc.

497 4716 764 4796 Insuper
806 4716 884 4776 ad
928 4715 1120 4787 istud,
1155 4720 1370 4775 utrum
1411 4714 1475 4775 in
1516 4713 1912 4776 daemonibus

423 4815 502 4876 sit
544 4814 724 4877 malae
763 4814 1106 4875 voluntatis
1148 4813 1422 4874 intensio
1465 4832 1576 4875 scu
1614 4831 1914 4893 augmen-

427 4922 582 4987 tum,
618 4912 994 4996 respondet:
1019 4912 1107 4973 De
1137 4913 1256 4973 hoc
1288 4919 1382 4973 est
1413 4912 1644 4992 triplex
1674 4912 1911 4993 opinio,

429 5013 556 5075 Una
591 5019 710 5087 est,
743 5012 913 5093 quod
957 5011 1122 5072 sicut
1155 5011 1218 5071 in
1258 5010 1499 5091 angelis
1543 5010 1778 5073 sanctis
1819 5028 1920 5073 vo-

430 5112 631 5175 luntas
679 5111 846 5173 bona
894 5108 1093 5171 crevit
1141 5108 1205 5169 in
1254 5108 1460 5191 prima
1507 5109 1919 5171 conversione

431 5230 627 5292 usque
670 5210 748 5271 ad
790 5208 1158 5281 terminum,
1189 5206 1277 5269 ita
1319 5207 1487 5288 quod
1534 5206 1780 5269 bonitas
1819 5226 1923 5269 eo-

429 5330 566 5373 rum
615 5308 894 5391 amplius
943 5326 1070 5369 non
1127 5314 1331 5389 potest
1381 5324 1664 5368 crescere
1713 5305 1778 5367 in
1829 5324 1917 5379 se,

2021 4322 2342 4385 ctoritates
2382 4340 2523 4402 quae
2569 4319 2764 4382 fidem
2809 4319 3177 4381 adscribunt
3216 4319 3515 4383 daemoni-

2020 4420 2160 4483 buS.
2196 4456 2276 4465 —
2304 4420 2395 4481 Ad
2441 4418 2504 4480 id
2551 4419 2811 4480 demum
2855 4418 3021 4498 quod
3065 4418 3391 4498 quaeritur,
3433 4438 3513 4480 an

2022 4520 2341 4581 daemones
2380 4516 2577 4579 velint
2623 4517 2821 4578 Deum
2865 4534 2989 4577 non
3035 4536 3195 4590 esse,
3228 4516 3516 4579 absolute

2024 4623 2082 4677 et
2117 4615 2279 4677 bene
2322 4615 2681 4695 respondet,
2717 4613 2884 4696 quod
2922 4613 3267 4676 deliberata
3296 4615 3517 4677 volun-

2025 4722 2151 4777 tate
2201 4714 2347 4777 odio
2393 4713 2501 4775 Dei
2554 4713 2813 4794 repleta,
2857 4712 3094 4774 vellent
3143 4712 3341 4776 Deum
3392 4731 3519 4775 non

2026 4834 2183 4876 esse.
2229 4812 2322 4875 Ad
2372 4811 2541 4893 quod
2587 4811 2815 4892 allegat
2856 4810 3301 4890 Augustinum,
3343 4811 3524 4875 Inno-

2029 4911 2311 4974 centium
2352 4927 2605 4991 quoque
2644 4909 2895 4990 Papam,
2931 4909 2995 4969 in
3039 4908 3201 4971 libro
3239 4910 3317 4972 de
3348 4911 3525 4973 Mise-

2029 5012 2124 5072 ria
2167 5009 2548 5072 conditionis
2594 5009 2886 5071 humanae
2933 5008 2994 5070 id
3040 5016 3519 5071 contestantem.

2028 5144 2109 5154 —
2160 5106 2255 5169 Ad
2312 5107 2477 5169 hanc
2536 5113 2746 5167 autem
2809 5106 3247 5186 quaestionem,
3308 5114 3523 5171 utrum

2031 5204 2319 5268 diabolus
2351 5204 2575 5265 habeat
2606 5204 3153 5282 spem,respondet
3177 5205 3345 5285 quod
3376 5223 3520 5280 non,

2034 5304 2163 5365 imo
2207 5310 2415 5364 certus
2456 5308 2549 5363 cst
2593 5300 2671 5362 de
2713 5318 2826 5361 sua
2869 5301 3289 5365 damnatione.
