4334 6242
816 459 917 526 12
1397 535 1420 552 ·
1573 483 1849 530 urrroim
1891 482 2355 530 DISTthTloNUM
2395 481 2554 529 mam
2595 483 2639 528 11
2682 481 3145 529 saun-:munna

812 646 892 706 lia
929 653 1125 710 tamen
1171 653 1374 711 nociva
1416 658 1473 711 et
1507 657 1807 720 venenata,
1839 657 2031 710 creata
2073 652 2308 710 fuerunt
2336 652 2389 715 A
2417 669 2452 708 a
2498 655 2673 710 modo
2720 651 3035 710 exsistendi
3085 651 3429 726 imaginem,
3477 654 3772 725 quomodo
3816 649 3911 707 Fi-

813 739 1103 810 innoxia;
1161 745 1262 801 sed
1319 744 1556 801 homine
1617 746 1908 816 peccante,
1967 742 2118 799 facta
2172 746 2309 798 sunt

815 831 1006 896 noxia,
1039 835 1104 889 ut
1142 849 1245 904 per
1282 849 1348 890 ea
1389 837 1623 905 peccata
1661 833 1996 905 puniantur,
2038 837 2092 889 et
2132 834 2309 889 bono-

719 977 724 982 ,
813 936 947 975 rum
991 922 1266 992 probetur
1307 921 1600 993 patientia.
1632 923 1712 978 Ea
1750 939 1884 977 vero
1931 938 2060 994 quae
2097 938 2165 978 ex
2209 939 2309 992 pu·

813 1006 1148 1066 trefactione
1187 1016 1524 1076 nascuntur,
1554 1015 1694 1067 tunc
1735 1012 2014 1082 producta
2045 1028 2158 1067 non
2193 1010 2310 1068 fue·-

813 1101 952 1154 runt
999 1098 1108 1153 nisi
1156 1101 1550 1158 materialiter.
1585 1101 1905 1158 Novissime
1941 1118 2076 1158 vero
2123 1100 2309 1157 factus

813 1190 901 1243 est
943 1188 1137 1254 homo,
1169 1192 1452 1261 tanquam
1497 1190 1764 1256 omnium
1813 1190 2148 1247 dominator
2189 1190 2311 1245 ani-

814 1277 1082 1333 malium.
1115 1278 1192 1334 De
1240 1279 1531 1336 creatione
1574 1284 1768 1337 autem
1818 1295 2015 1336 rerum
2063 1279 2306 1350 quidam

814 1365 1018 1423 dicunt
1046 1385 1147 1439 per
1175 1367 1476 1424 intervalla
1512 1386 1613 1426 sex
1643 1369 1872 1426 dierum
1913 1387 2004 1426 res
2042 1386 2165 1426 esse
2200 1368 2311 1425 for-

813 1460 1002 1512 matas
1030 1459 1086 1513 et
1111 1456 1413 1514 distinctas
1444 1476 1456 1513 :
1489 1463 1642 1530 quod
1673 1463 1730 1516 et
1767 1459 2078 1532 Scripturae
2119 1459 2307 1532 magis

809 1545 1041 1601 videtur
1067 1562 1408 1613 consonum,
1431 1551 1490 1603 et
1517 1549 1588 1604 ab
1617 1547 1869 1606 Ecclesia
1897 1549 2304 1619 approbatum.

813 1634 924 1690 Alii
979 1638 1175 1692 autem
1225 1636 1429 1692 dicunt
1483 1637 1683 1693 omnia
1729 1637 1904 1693 simul
1955 1636 2107 1693 sacta
2161 1654 2304 1700 esse,

812 1726 1082 1796 quaedam
1134 1725 1372 1797 quidem
1422 1725 1759 1790 formaliter,
1793 1729 2063 1798 quaedam
2108 1730 2305 1783 autem

2418 743 2531 799 lius
2568 746 2671 800 est.

2420 861 2705 924 Optimum
2744 860 2815 910 ad
2854 860 3140 925 exemplar
3175 864 3451 925 praestans
3494 861 3663 912 homo
3702 861 3905 920 factus,

2484 933 2660 983 Unius
2691 936 2748 983 et
2773 933 2903 983 trini
2934 932 3140 984 dicitur
3166 946 3292 983 esse
3322 933 3443 982 Dei.
3704 931 3909 998 {imago

2840 1146 3265 1210 msrmc‘uo
3296 1147 3473 1210 xvu.
3540 1103 3545 1108 ⁸

2790 1273 2903 1336 Hic
2962 1274 3038 1336 de
3096 1273 3362 1354 origine,
3411 1281 3530 1335 etc.

2547 1461 2773 1516 Nlmm
2804 1459 3059 1516 hominis
3088 1461 3237 1517 Deus
3268 1477 3381 1516 non
3414 1463 3484 1516 de
3514 1477 3619 1517 sua
3646 1463 3910 1518 substan-

2571 1551 2653 1607 tia
2692 1550 3008 1622 inspiravit,
3042 1566 3147 1606 nec
3189 1549 3452 1607 faucibus
3495 1537 3595 1607 aut
3638 1551 3909 1609 manibus

2418 1641 2693 1712 corporiS,
2724 1642 2827 1697 sed
2874 1658 3002 1698 eam
3048 1642 3119 1696 de
3162 1640 3349 1696 nihilo
3392 1643 3660 1704 creand0‚
3694 1644 3751 1696 et
3787 1659 3911 1697 cor-

2421 1732 2546 1803 pori
2575 1734 2645 1788 de
2675 1735 2829 1788 terra
2866 1729 3014 1786 facto
3044 1731 3117 1786 ad
3156 1732 3399 1786 modum
3430 1731 3601 1785 ssatus
3634 1731 3907 1787 indende.

813 1813 1196 1870 materialiter
1238 1817 1487 1878 tantum,
1536 1818 1591 1872 et
1640 1819 1836 1887 postea
1884 1816 2178 1872 distincta.
2230 1816 2306 1871 De
2345 1818 2391 1878 B
2420 1823 2487 1876 Et
2524 1821 2809 1892 quidquid
2851 1820 2925 1874 sit
2965 1822 3035 1876 de
3079 1819 3252 1891 primi
3294 1820 3553 1875 hominis
3590 1820 3807 1884 anima,
3841 1822 3913 1878 de

812 1920 926 1975 quo
956 1907 1013 1959 et
1039 1921 1216 1975 supra
1245 1905 1510 1960 habitum
1553 1909 1654 1962 est.
1690 1905 1787 1961 Die
1827 1908 2024 1961 autem
2059 1905 2307 1976 septimo

810 1993 962 2049 Deus
1007 1994 1291 2064 quievisse
1349 1995 1578 2060 dicitur,
1627 1998 1683 2050 et
1728 2012 1872 2066 opus
1927 2011 2100 2050 suum
2150 2012 2309 2050 com-

814 2082 1016 2154 plesse,
1049 2100 1152 2154 per
1188 2084 1297 2140 hoc
1337 2087 1491 2156 quod
1531 2085 1682 2140 ultra
1724 2088 2049 2141 creaturam
2096 2101 2305 2140 novam

812 2188 928 2228 non
971 2173 1248 2238 condidit,
1281 2190 1412 2245 quae
1449 2173 1668 2230 scilicet
1708 2174 2086 2230 materialiter
2119 2174 2204 2230 vel
2246 2173 2306 2229 in

810 2278 916 2316 suo
945 2261 1124 2316 simili
1157 2279 1272 2318 non
1301 2263 1626 2334 praesuerit:
1652 2281 1741 2319 res
1768 2268 1963 2319 tamen
1997 2266 2308 2335 productas

811 2350 1191 2406 sanctificavit
1229 2355 1287 2407 et
1333 2353 1648 2409 benedixit.
1683 2353 1775 2408 Sic
1820 2370 1956 2425 ergo
2005 2353 2097 2408 die
2144 2356 2307 2408 sexto

811 2439 1121 2511 complevit
1149 2458 1293 2512 opus
1321 2459 1494 2498 suum
1529 2443 1676 2498 Deus
1706 2444 2028 2512 operando;
2059 2442 2308 2512 septimo

809 2531 1026 2593 autem,
1063 2529 1256 2600 ipsum
1306 2547 1452 2601 opus
1495 2531 1930 2586 sanctificando
1973 2530 2136 2586 Unde
2185 2529 2308 2584 dies

812 2616 906 2674 ille
963 2619 1208 2690 mystica
1255 2614 1509 2690 quadam
1569 2619 1792 2675 ratione
1838 2619 2052 2687 dicitur
2097 2618 2308 2674 sancti-

812 2705 1034 2763 ficatuS.

811 2823 959 2872 Aera
989 2823 1185 2888 quinta
1213 2825 1352 2882 dies,
1383 2825 1637 2875 tellurem
1670 2828 1832 2874 sexta
1859 2823 2109 2888 replevit.

874 2895 1125 2958 Septima
1154 2896 1494 2960 completum
1526 2896 1898 2962 sanctifica-vit
1927 2909 2090 2960 opu-⁶⁵.

1199 3137 1704 3200 DISTINCTIO
1748 3137 1915 3199 XVI.

1262 3290 1370 3352 His
1402 3290 1707 3363 excursiS,
1732 3297 1849 3352 etc.

944 3514 1087 3570 UOD
1131 3512 1428 3585 Scriptura
1475 3517 1674 3568 narrat
1717 3513 1897 3569 Deum
1947 3511 2179 3576 dixisse,
2209 3512 2310 3567 Fa-

815 3510 939 3692 Q
973 3604 1198 3661 ciamus
1227 3603 1530 3660 hominem
1559 3604 1634 3658 ad
1664 3602 1984 3675 imaginem
2021 3605 2076 3658 et
2101 3601 2309 3657 simili-

811 3693 1079 3751 tudinem
1111 3697 1369 3749 nostram
1395 3693 1879 3765 :intelligendum
1911 3696 2014 3756 est,
2047 3691 2305 3750 locutum

811 3784 1040 3840 Patrem
1080 3785 1156 3840 ad
1193 3782 1405 3839 Filium
1445 3785 1504 3840 et
1539 3783 1820 3854 Spiritum
1860 3784 2157 3846 Sanctum,
2190 3798 2308 3836 non

811 3876 1008 3928 autem
1048 3874 1124 3928 ad
1162 3871 1400 3943 spiritus
1439 3888 1840 3944 quoscumque
1879 3875 2118 3928 creatos.
2159 3872 2307 3926 Nam

811 3960 1061 4017 aliorum
1092 3961 1426 4032 spirituum,
1458 3964 1523 4017 ut
1551 3960 1912 4032 angelorum,
1945 3976 2062 4016 non
2097 3963 2185 4016 est
2216 3977 2311 4016 ea-

813 4052 946 4108 dem
979 4051 1176 4124 imago
1216 4067 1350 4107 cum
1393 4051 1526 4106 De0.
1559 4051 1752 4122 Neque
1791 4050 1966 4105 homo
2005 4049 2191 4105 factus
2226 4052 2313 4106 est

810 4142 886 4196 ad
918 4140 1238 4213 imaginem
1278 4140 1454 4197 unius
1484 4154 1759 4211 personae,
1792 4140 1894 4194 sed
1927 4138 2104 4195 totius
2130 4138 2312 4194 Trini·
2341 4140 2390 4201 D

810 4229 964 4285 tatis.
997 4230 1159 4286 Unde
1192 4229 1402 4286 falsum
1435 4232 1521 4285 est
1548 4229 1704 4300 quod
1744 4227 1982 4298 quidam
2015 4227 2307 4290 dixerunt,

813 4335 918 4392 per
946 4318 1264 4390 imaginem
1307 4317 1520 4373 Filium
1562 4315 1804 4388 intelligi
1849 4317 2074 4380 debere,
2107 4320 2164 4372 et
2194 4333 2307 4371 non

810 4407 1135 4465 hominem.
1165 4408 1360 4479 Neque
1389 4406 1743 4478 approbatur
1772 4407 1926 4476 quod
1957 4406 2055 4460 alii
2087 4405 2306 4470 dicunt,

812 4515 917 4569 per
954 4496 1276 4569 imaginem
1317 4495 1560 4566 intelligi
1598 4494 1832 4555 Filium,
1875 4498 1932 4549 et
1970 4511 2073 4565 per
2107 4494 2312 4550 simili-

810 4586 1078 4644 tudinem
1128 4585 1406 4657 Spiritum
1457 4585 1754 4640 Sanctum.
1803 4584 1900 4638 Est
1949 4601 2086 4657 ergo
2132 4585 2309 4641 homo

810 4676 998 4734 factus
1035 4678 1111 4732 ad
1146 4673 1440 4730 Trinitatis
1481 4673 1799 4745 imaginem
1842 4675 2164 4730 secundum
2210 4691 2310 4730 na-

810 4768 1025 4829 turam,
1057 4764 1279 4821 seilicet
1305 4762 1566 4818 animam
1591 4780 1605 4826 ;
1637 4765 1693 4817 et
1732 4765 1806 4818 ad
1836 4761 2306 4829 similitudinem,

812 4857 1006 4928 quoad
1044 4851 1435 4925 superaddita,
1469 4852 1532 4908 ut
1571 4855 1708 4907 sunt
1733 4852 1914 4907 virtus
1950 4857 2004 4908 et
2035 4852 2310 4908 innocen-

812 4925 909 4999 tia.
945 4943 1164 4998 Dicitur
1192 4945 1388 4998 autem
1417 4940 1596 4997 Filius
1629 4941 1822 5014 imago
1851 4941 2053 5004 Patris,
2087 4957 2203 4996 non
2234 4943 2309 4998 ad

813 5033 1133 5105 imaginem
1162 5031 1334 5104 :quia
1364 5047 1479 5088 non
1509 5035 1755 5095 creatus,
1787 5032 1889 5087 sed
1923 5034 2096 5086 natus
2124 5047 2313 5102 aequa-

811 5120 884 5176 lis
911 5124 998 5178 est
1023 5120 1197 5181 Patri,
1229 5123 1286 5177 et
1311 5119 1368 5175 iu
1403 5120 1563 5176 nullo
1604 5118 1925 5175 dissimilis.
1960 5120 2146 5175 Homo
2175 5137 2310 5176 vero

813 5209 1010 5283 imago
1049 5209 1148 5266 Dei
1190 5213 1246 5266 et
1283 5211 1356 5265 ad
1398 5209 1718 5282 imaginem
1757 5208 1987 5272 dicitur,
2020 5207 2158 5280 quia
2194 5225 2309 5264 non

815 5299 1072 5373 aequalis,
1102 5302 1160 5356 et
1199 5301 1424 5356 creatus
1453 5316 1466 5356 ε
1501 5302 1556 5356 et
1593 5315 1695 5371 per
1730 5298 1840 5356 hoc
1877 5298 2047 5372 longe
2087 5297 2311 5354 distans

2420 1909 2550 1966 aliis
2578 1913 2775 1964 tamen
2807 1911 3027 1965 certum
3063 1912 3147 1965 est
3176 1910 3329 1980 quod
3361 1909 3419 1963 in
3452 1925 3690 1980 corpore
3719 1925 3915 1964 crean-

2418 2003 2530 2062 tur,
2564 2001 2619 2055 et
2654 1997 2738 2054 sic
2774 1999 3026 2054 creando
3068 1997 3477 2062 infunduntur,
3509 2002 3567 2054 et
3608 1997 3915 2055 infunden-

2420 2089 2493 2142 do
2550 2089 2839 2142 creantur.
2898 2087 2996 2140 Est
3049 2089 3244 2142 autem
3310 2085 3484 2141 homo
3542 2102 3657 2141 non
3704 2085 3912 2143 virtute

2420 2179 2660 2238 naturae,
2710 2177 2810 2231 sed
2857 2174 3073 2235 divina,
3122 2174 3181 2230 in
3235 2177 3400 2231 aetate
3446 2174 3597 2229 virili
3650 2177 3709 2231 et
3751 2179 3915 2232 extra

2420 2266 2757 2337 paradisum
2808 2267 3051 2324 creatus,
3084 2268 3141 2320 ct
3186 2264 3269 2319 sic
3319 2263 3536 2335 positus
3581 2263 3639 2319 in
3686 2265 3914 2335 paradi-

2418 2370 2549 2408 sum
2585 2368 2596 2407 :
2630 2356 2693 2408 ut
2731 2353 2831 2415 sic,
2864 2353 3001 2423 quia
3045 2352 3177 2408 iude
3222 2352 3525 2423 pellendus
3562 2357 3703 2415 erat,
3736 2369 3913 2425 agno-

2418 2444 2603 2498 sceret
2630 2459 2697 2498 ex
2731 2441 2935 2514 gratia,
2967 2457 3082 2496 non
3116 2458 3182 2496 ex
3221 2445 3448 2506 natura,
3479 2441 3599 2497 illic
3626 2458 3686 2498 se
3715 2441 3910 2498 fuisse.

2420 2531 2528 2596 Qui
2576 2532 2813 2602 quidem
2864 2531 3023 2586 locus
3071 2531 3206 2586 licet
3249 2533 3573 2587 secundum
3627 2535 3909 2602 quosdam

2417 2621 2493 2676 sit
2530 2621 2845 2690 corporalis
2884 2619 3139 2692 praecise,
3171 2621 3495 2675 secundum
3534 2620 3677 2676 alios
3716 2625 3910 2677 autem

2418 2709 2755 2781 spiritualiS,
2790 2713 2974 2781 potest
3010 2713 3205 2766 tamen
3250 2709 3363 2765 dici
3404 2725 3528 2766 esse
3578 2712 3911 2783 utrumque.

2419 2799 2743 2872 Corporalis
2788 2799 2945 2855 enim
2992 2802 3079 2856 est
3124 2799 3283 2855 locus
3330 2817 3363 2854 a
3409 2802 3563 2855 terra
3612 2799 3913 2856 habitabili

2419 2888 2589 2960 longe
2620 2888 2859 2954 distans,
2892 2887 3199 2944 altitudine
3238 2905 3420 2960 usque
3450 2890 3525 2944 ad
3566 2887 3801 2960 globum
3831 2889 3917 2946 lu-

2344 2972 2387 3036 C
2420 2993 2619 3032 narem
2666 2976 3015 3049 pertingens,
3050 2993 3254 3046 gerens
3290 2975 3671 3048 spiritualiter
3708 2979 3913 3048 typum

2418 3065 2685 3122 Ecclesia>
2733 3064 3033 3137 praesentis
3080 3065 3167 3121 vel
3218 3064 3443 3121 suturae.
3478 3065 3540 3120 ln
3588 3083 3702 3138 quo
3750 3069 3917 3122 erant

2418 3155 2578 3228 ligna
2607 3155 2850 3218 diversa,
2884 3154 3037 3210 inter
3072 3171 3204 3225 quae
3244 3171 3427 3210 unum
3468 3153 3657 3212 fuerat
3689 3155 3911 3214 dictum

2420 3245 2645 3316 lignum
2676 3244 2826 3307 vitaz,
2858 3245 3025 3316 cujus
3056 3243 3275 3301 fructus
3306 3243 3583 3300 divinitus
3616 3247 3917 3316 acceperat

2416 3334 2687 3390 virtutem
2735 3334 3116 3390 conservandi
3155 3350 3190 3389 a
3229 3336 3415 3390 morte
3454 3338 3512 3390 et
3553 3335 3909 3392 infirmitate.

2417 3425 2627 3480 Fuerat
2666 3427 2863 3480 autem
2904 3427 2962 3478 et
2998 3423 3076 3478 ibi
3118 3407 3345 3496 lignum
3388 3424 3645 3480 scientiae
3683 3424 3819 3480 boni
3858 3427 3915 3481 et

2418 3512 2580 3577 mali,
2613 3515 2768 3585 quod
2797 3513 2880 3568 sic
2909 3514 2981 3569 ab
3012 3515 3220 3570 eventu
3250 3513 3471 3569 dictum
3503 3516 3606 3577 est,
3640 3515 3781 3569 dum
3814 3515 3912 3570 ho·

2420 3617 2517 3657 mo
2558 3604 2629 3658 de
2668 3619 2734 3658 eo
2776 3602 3063 3673 prohibito
3104 3606 3359 3675 gustanS,
3393 3601 3526 3658 boni
3567 3605 3625 3660 et
3662 3603 3802 3658 mali
3832 3603 3915 3659 di-

2418 3691 2694 3747 stantiam
2736 3691 3135 3762 experimento
3177 3691 3403 3749 didicit.

2419 3807 2644 3856 Primus
2676 3805 2843 3856 homo
2874 3806 3040 3856 validi
3073 3806 3177 3856 sub
3216 3809 3469 3870 tempora
3498 3806 3760 3858 conditus
3789 3808 3911 3868 aevi,

2482 3877 2724 3927 Delicias
2756 3878 2935 3928 tenuit
2966 3891 3108 3943 quas
3140 3877 3439 3942 paradisus
3478 3877 3662 3930 habet.

2832 4092 3255 4155 DISTINCTIO
3298 4094 3501 4156 XVIII.

2580 4219 2648 4280 In
2700 4219 2924 4281 eodem
2968 4237 3220 4300 quoque
3272 4221 3583 4301 paradiso,
3628 4229 3749 4284 etc.

2491 4406 2673 4461 NTRA
2704 4404 3040 4475 paradisum
3077 4405 3289 4462 mulier
3320 4405 3571 4463 formata
3598 4411 3686 4464 est
3713 4426 3749 4464 a
3778 4410 3911 4466 Deo.

2516 4497 2828 4566 Postquam
2874 4494 3030 4550 enim
3072 4496 3258 4550 Adam
3300 4494 3419 4551 illic
3463 4497 3681 4567 positus
3724 4503 3828 4562 est,
3861 4503 3917 4556 et

2418 4584 2774 4640 animalibus
2804 4585 2879 4639 ad
2919 4599 3051 4639 eum
3094 4584 3381 4648 adductiS,
3416 4585 3658 4641 nomina
3694 4587 3777 4643 eis
3810 4588 3919 4643 im-

2420 4676 2707 4745 posuerat,
2741 4671 2990 4727 immisit
3029 4674 3177 4728 Deus
3216 4689 3482 4744 soporem
3523 4675 3582 4729 in
3614 4675 3828 4746 ipsum,
3860 4682 3917 4734 et

2417 4779 2485 4819 ex
2525 4778 2643 4818 una
2688 4763 2757 4818 de
2797 4761 2969 4817 costis
3015 4763 3141 4834 ejus
3179 4763 3355 4816 Evam
3402 4761 3687 4820 formavit.
3720 4766 3917 4823 Noluit

2418 4854 2614 4908 autem
2647 4853 2795 4907 Deus
2826 4851 3132 4908 mulierem
3164 4851 3341 4908 simul
3380 4869 3516 4908 cum
3546 4853 3669 4910 viro
3697 4871 3913 4920 creare,

2416 4944 2473 4999 et
2519 4942 2594 4996 ad
2641 4939 3113 4997 confundendam
3164 4940 3381 4997 diaboli
3426 4943 3782 5014 superbiam,
3814 4944 3914 5017 qui

2419 5028 2772 5102 principium
2803 5029 2963 5086 aliud
2991 5046 3028 5085 a
3056 5031 3170 5086 Deo
3199 5047 3323 5086 esse
3352 5030 3549 5096 voluit,
3580 5035 3638 5088 et
3668 5036 3732 5088 ut
3756 5033 3919 5090 simi·

2418 5120 2603 5176 litudo
2634 5120 2752 5182 Dei,
2772 5119 2871 5191 qui
2901 5122 2986 5176 est
3010 5119 3275 5177 omnium
3308 5137 3505 5177 rerum
3538 5121 3912 5194 principium,

2419 5209 2477 5265 in
2511 5208 2751 5265 homine
2781 5225 2885 5280 per
2914 5209 3023 5264 hoc
3053 5208 3213 5266 fieret
3242 5208 3570 5266 manifesta.
3594 5212 3691 5266 Est
3716 5215 3913 5269 autem

2420 5297 2636 5356 mulier
2674 5297 2825 5355 facta
2872 5314 2987 5354 non
3035 5300 3106 5356 de
3148 5297 3333 5370 capite
3378 5300 3478 5356 aut
3518 5299 3783 5372 pedibus,
3812 5304 3915 5361 sed
