4334 6242
863 469 985 536 248

1538 495 1603 541 IN
1642 461 1868 542 LIBRUM,
1906 497 1947 542 11
1988 493 2469 542 SENTENTIARUM.
2515 510 2595 520 —
2635 493 2787 538 nlsT.
2837 491 2942 555 1113
2985 493 3208 549 QUAEST.
3252 492 3292 538 V

866 660 978 723 ubi
1028 660 1201 736 dicit,
1255 664 1423 746 quod
1471 667 1822 728 secundum
1871 666 2160 729 ordinem
2209 665 2360 726 sim·
2390 659 2442 724 A
2472 663 2687 725 omnia
2742 661 3101 725 artificialia
3155 661 3342 725 fiunt.
3393 661 3487 725 Ad
3543 662 3740 736 aliud,
3794 660 3968 744 quod

868 760 1169 841 plicitatis
1199 771 1565 825 naturarum
1598 773 2050 846 separatarum,
2084 771 2180 825 est
2208 762 2361 825 ordo

576 860 827 905 *distantiae
869 857 1285 923 differenti-ze*
1321 862 1555 943 speciei
1607 863 1943 926 intellectae
1990 863 2069 924 ab
2118 861 2360 924 intelle-

869 962 994 1017 ctu.
1031 957 1205 1019 Unde
1251 959 1315 1019 in
1365 961 1569 1040 prima
1610 961 1905 1033 essentia,
1940 961 2042 1022 cui
2086 978 2212 1022 non
2257 960 2360 1020 ad-

868 1055 1171 1116 miscetur
1203 1058 1625 1138 potentialitas
1655 1059 2157 1140 aliqua,omnino
2188 1059 2357 1120 idem

866 1160 1014 1214 sunt
1073 1153 1433 1236 intelligens
1491 1164 1554 1219 et
1610 1156 2040 1236 intellectum3
2094 1158 2157 1219 in
2217 1157 2358 1218 aliis

865 1269 1017 1312 vero
1061 1253 1411 1315 secundum
1455 1255 1622 1334 quod
1670 1256 1814 1336 plus
1858 1256 2244 1317 admiscetur
2281 1256 2358 1316 de

866 1349 1167 1429 potentia,
1200 1358 1296 1410 est
1328 1351 1529 1431 maj0r
1557 1352 1855 1414 distantia
1886 1353 2049 1414 inter
2080 1353 2360 1433 speciem

865 1445 1252 1508 intellectam
1284 1457 1345 1509 et
1378 1449 1791 1512 intellectum.
1816 1451 1984 1512 Nihil
2017 1451 2189 1512 enim
2223 1469 2364 1531 ope-

866 1552 1040 1605 ratur
1096 1545 1219 1606 nisi
1278 1549 1629 1609 secundum
1689 1550 1857 1630 quod
1914 1557 2010 1610 est
2069 1549 2133 1610 in
2191 1558 2355 1610 actu.

869 1642 1025 1704 Hinc
1070 1643 1225 1705 illud
1267 1645 1449 1725 cujus
1490 1649 1762 1709 essentia
1792 1656 1886 1710 est
1920 1669 2117 1730 purus
2157 1656 2358 1717 actim,

869 1739 1162 1820 intelligit
1196 1742 1332 1803 sine
1369 1745 1729 1824 receptione
1767 1745 2159 1826 perficientis
2192 1745 2359 1827 quod

2473 781 2571 823 res
2616 779 2741 823 non
2783 762 3183 842 cognoscitur
3222 761 3502 844 perfecte
3540 763 3608 824 in
3647 761 3972 844 exempla-

2474 859 2548 932 ri,
2583 860 2705 922 nisi
2736 879 2773 921 a
2803 878 2930 941 quo
2959 861 3214 922 ducitur
3245 879 3354 922 seu
3395 860 3706 922 formatur
3739 880 3972 922 secun-

2471 958 2624 1019 dum
2669 965 2870 1020 totum
2915 959 3083 1039 quod
3135 959 3200 1020 in
3246 959 3384 1040 ipsa
3424 967 3556 1036 est3
3599 959 3820 1040 sicque
3866 977 3971 1020 res

2471 1063 2938 1137 cognoscuntur
2987 1057 3049 1117 in
3091 1057 3566 1138 exemplaribus
3612 1057 3974 1119 rationibus

2471 1173 2581 1216 seu
2621 1154 2777 1216 ideis
2813 1155 3044 1217 mentis
3075 1156 3324 1218 divinae.
3362 1156 3649 1218 Essentia
3676 1174 3830 1218 vero
3857 1175 3974 1216 an-

2470 1251 2594 1331 geli
2655 1269 2780 1313 non
2838 1258 2931 1312 est
2991 1271 3178 1314 causa
3234 1259 3343 1314 aut
3389 1253 3714 1334 exemplar
3773 1252 3974 1314 totius

2471 1349 2638 1429 quod
2689 1356 2785 1411 est
2829 1349 2894 1410 in
2945 1369 3033 1422 re,
3077 1369 3194 1411 nec
3237 1359 3333 1412 est
3380 1370 3570 1412 causa
3616 1351 3824 1430 angeli
3881 1351 3978 1411 in-

2472 1446 2740 1508 ferioris,
2776 1483 2856 1492 —
2894 1448 3036 1510 Haec
3079 1448 3350 1510 Thomas
3393 1450 3458 1510 in
3504 1449 3772 1531 Scripto.

2550 1544 2628 1606 At
2670 1563 2822 1606 vero
2869 1545 2932 1607 in
2986 1547 3190 1627 prima
3239 1555 3416 1628 parte
3459 1547 3759 1620 Summae‚
3803 1567 3980 1628 quae-

2471 1642 2675 1704 stione
2708 1643 3233 1724 quinquagesima
3265 1645 3487 1725 quinta
3521 1664 3535 1708 z
3571 1645 3637 1706 ld
3665 1645 3813 1726 (ait)
3843 1663 3978 1726 quo

2474 1738 2833 1802 intellectus
2879 1741 3196 1822 intelligit,
3232 1750 3634 1824 comparatur
3669 1743 3746 1804 ad
3791 1744 3980 1804 intel-

868 1837 950 1898 sit
979 1846 1154 1900 extra
1188 1841 1526 1902 essentiam
1568 1843 1725 1922 ejus.
1762 1843 1922 1904 lllud
1955 1863 2103 1905 vero
2136 1845 2202 1904 in
2234 1863 2360 1925 quo
2398 1842 2445 1905 B
2476 1839 2710 1900 lectum
2757 1839 3214 1919 intelligentem
3261 1850 3330 1902 ut.
3375 1841 3580 1904 forma
3620 1843 3783 1922 ejus,
3820 1861 3980 1922 quo-

866 1945 962 1997 est
1012 1938 1313 2018 potentia,
1367 1957 1491 2000 non
1555 1942 1783 2021 poterit
1834 1942 2188 2022 intelligere
2237 1943 2360 2004 nisi

868 2032 1239 2114 perficiatur
1280 2036 1344 2097 in
1389 2047 1533 2098 actu
1579 2057 1692 2118 per
1728 2039 1969 2121 aliquid
2011 2040 2091 2100 ab
2133 2041 2364 2101 extrin-

868 2150 1013 2194 seco
1057 2141 1381 2214 receptum
1421 2152 1435 2195 ε
1470 2142 1529 2196 et
1570 2137 1690 2198 hoc
1730 2145 1825 2198 est
1865 2138 2079 2199 lumen
2124 2139 2366 2199 intelle--

873 2230 1077 2291 ctuale
1120 2232 1425 2306 naturale,
1459 2234 1627 2314 quod
1658 2254 1695 2296 a
1724 2234 1852 2297 Deo
1884 2234 1946 2296 in
1978 2236 2365 2297 substautias

872 2327 1333 2392 intellectuales
1376 2332 1708 2393 emittitur.
1754 2333 2086 2414 Quumque
2138 2354 2365 2395 unum-

869 2427 1165 2507 quodque
1208 2428 1554 2509 recipiatur
1595 2429 1657 2490 in
1698 2431 1913 2511 aliquo
1953 2450 2065 2511 per
2106 2433 2364 2493 modum

869 2524 1259 2606 recipientiS,
1307 2526 1518 2588 lumen
1567 2527 1746 2595 illud,
1781 2529 1948 2610 quod
1997 2530 2059 2591 in
2102 2531 2230 2592 Deo
2273 2538 2369 2592 est

869 2622 1163 2703 simplex,
1200 2624 1507 2704 recipitur
1549 2625 1612 2686 in
1661 2634 1871 2688 mente
1915 2629 2123 2708 angeli
2168 2636 2236 2689 ut
2278 2630 2369 2690 ‹li-

868 2720 1079 2780 visum
1130 2727 1192 2780 et
1244 2721 1757 2803 multiplicatum.
1812 2725 2032 2787 Omnis
2090 2744 2367 2807 namque

870 2817 1153 2897 potentia
1220 2819 1538 2900 receptiva
1604 2821 2107 2884 divisibilitatem
2178 2823 2368 2886 habet

870 2932 947 2975 ex
989 2932 1078 2985 se,
1112 2915 1465 2976 secundum
1497 2919 1665 2997 quod
1704 2936 1830 2980 non
1865 2926 1960 2981 cst
1990 2921 2366 2983 determina-

2475 1938 2647 1998 niam
2699 1937 2903 1999 forma
2951 1946 3046 2000 est
3094 1958 3221 2020 quo
3267 1959 3460 2020 agens
3508 1941 3654 2021 agit.
3705 1941 3798 2002 Ad
3851 1942 3978 2002 hoc

2474 2043 2685 2096 autem
2728 2037 2895 2116 quod
2937 2037 3218 2117 potentia
3257 2037 3536 2118 perfecte
3579 2039 3981 2119 compleatur

2477 2152 2591 2214 per
2651 2133 2942 2203 formam,
2996 2142 3242 2216 oportet
3292 2137 3462 2217 quod
3509 2137 3724 2198 omnia
3771 2137 3982 2198 conti-

2477 2239 2747 2292 neantur
2805 2232 2924 2293 sub
2973 2231 3198 2307 forma,
3247 2235 3327 2295 ad
3375 2254 3516 2316 qum
3565 2235 3850 2316 potentia
3911 2255 3982 2296 se

2477 2329 2777 2390 extendit.
2841 2329 3000 2392 Hinc
3060 2330 3123 2392 in
3185 2331 3710 2413 corruptibilibus
3768 2331 3986 2394 forma

2478 2443 2603 2487 non
2639 2426 2917 2507 perfecte
2949 2429 3226 2510 complet
3257 2430 3604 2510 potentiam
3641 2430 3928 2493 materiae
3964 2449 3979 2492 :

2478 2523 2628 2604 quia
2669 2525 2948 2604 potentia
2994 2527 3272 2589 materiae
3311 2528 3388 2588 ad
3429 2528 3613 2608 plura
3655 2547 3722 2590 se
3760 2537 3983 2590 exten-

2478 2620 2591 2694 dit,
2625 2641 2814 2703 quam
2849 2623 2930 2684 sit
2960 2625 3350 2686 continentia
3390 2625 3608 2688 formae
3639 2625 3833 2706 hujus
3867 2635 3981 2688 aut

2479 2717 2670 2780 illius.
2705 2719 2988 2781 Potentia
3028 2739 3177 2782 vero
3220 2721 3605 2784 intellectiva
3645 2722 3853 2803 angeli
3897 2725 3977 2784 ad

2479 2816 2964 2898 intelligendum
3022 2819 3236 2881 omnia
3293 2839 3359 2881 sc
3417 2821 3701 2883 extendit
3753 2839 3767 2882 ε
3824 2822 3984 2902 quia

2477 2914 2800 2995 objectum
2861 2916 3220 2980 intellectus
3279 2927 3375 2980 est
3431 2938 3545 2982 ens
3593 2920 3692 2980 vel
3747 2938 3980 2982 verum

869 3018 932 3072 ta
970 3012 1048 3073 ad
1091 3031 1313 3086 unum,
1349 3015 1515 3094 quod
1557 3014 1634 3076 fit
1666 3036 1779 3097 per
1816 3026 2027 3079 actum
2069 3019 2364 3080 determi—
2404 3017 2445 3080 C
2479 3015 2904 3075 communiter
2935 3024 3284 3096 sumptum.
3312 3017 3430 3079 Sed
3463 3017 3733 3079 essentia
3764 3019 3982 3099 angeli

870 3118 1147 3171 nantem.
1192 3111 1350 3172 Hinc
1400 3112 1633 3175 dicitur
1678 3114 1741 3175 in
1794 3115 1957 3178 libro
2000 3116 2076 3177 de
2122 3117 2360 3190 CausiS,

870 3210 1039 3290 quod
1098 3209 1261 3270 sicut
1318 3210 1381 3271 in
1438 3219 1661 3273 natura
1713 3212 2000 3275 inferiori
2062 3215 2366 3297 multipli-

870 3315 1094 3367 cantur
1136 3308 1501 3388 singularia,
1548 3309 1635 3370 ita
1676 3316 1735 3370 et
1781 3312 2026 3392 species
2071 3313 2367 3394 intelligi-

869 3402 1031 3464 biles
1084 3404 1149 3465 in
1199 3404 1691 3484 intelligentiis:
1734 3415 2077 3489 utrumque
2125 3411 2362 3472 etenim

869 3509 964 3561 est
1011 3507 1267 3582 propter
1308 3502 1979 3584 multiplicabilitatem
2024 3508 2361 3588 potentiae3

870 3604 932 3660 et
979 3598 1112 3660 istae
1154 3607 1297 3660 sunt
1344 3601 1589 3681 species
1638 3620 1751 3684 per
1794 3622 1950 3683 quas
2001 3604 2365 3686 intelligunt

868 3697 1096 3777 angen.

949 3795 1182 3857 Verum
1214 3796 1537 3877 his-objici
1572 3806 1798 3879 potest,
1831 3799 1981 3880 quia
2011 3803 2362 3864 secundum

868 3895 1318 3976 Philosophum
1365 3897 1553 3959 tertio
1602 3899 1679 3959 de
1722 3899 1969 3971 Anima,
2010 3901 2222 3962 anima
2270 3911 2364 3963 est

868 3994 1114 4074 species
1164 3995 1521 4075 specierum
1568 4015 1583 4059 ε
1626 4014 1775 4077 crgo
1820 3998 2021 4060 multo
2064 3998 2208 4080 plus
2256 4019 2364 4061 an—

868 4092 1069 4172 gelus,
1097 4093 1206 4174 qui
1239 4100 1334 4154 est
1364 4093 1719 4175 simplicior
1745 4102 1935 4177 atque
1968 4099 2365 4176 praestantior

2476 3127 2602 3171 non
2648 3111 3132 3192 comprehendit
3171 3114 3386 3175 omnia
3423 3115 3488 3175 in
3530 3133 3618 3187 se,
3651 3133 3855 3195 quum
3897 3115 3983 3176 sit

2476 3208 3016 3271 determinata-ad
3078 3229 3277 3290 genus
3327 3220 3389 3274 et
3437 3213 3717 3293 speciem
3771 3231 3786 3276 :
3843 3214 3980 3275 imo

2475 3305 2595 3367 hoc
2654 3309 2986 3389 proprium
3034 3317 3129 3370 cst
3177 3310 3408 3372 divinae
3465 3311 3776 3384 essentiae,
3831 3332 3980 3394 qum

2475 3423 2675 3484 quum
2717 3406 2800 3466 sit
2841 3406 3116 3481 infinita,
3151 3409 3631 3489 comprehendit
3665 3410 3982 3491 simplici-

2477 3510 2572 3562 ter
2606 3503 2668 3564 in
2706 3523 2772 3565 se
2805 3505 3036 3566 omnia.
3070 3504 3313 3567 Idcirco
3343 3506 3516 3568 solus
3545 3506 3711 3568 Deus
3743 3517 3982 3570 cuncta

2477 3603 2800 3681 cognoscit
2832 3621 2944 3684 per
2975 3623 3151 3664 suam
3185 3605 3546 3666 essentiam.
3573 3606 3979 3668 Intellectum

2479 3699 2670 3780 igitur
2713 3701 2920 3780 angeli
2959 3708 3205 3783 oportet
3247 3703 3583 3782 speciebus
3627 3703 3856 3785 perfici
3897 3707 3978 3767 ad

2478 3817 2576 3859 res
2636 3799 3120 3878 cognoscendas
3176 3801 3349 3862 Unde
3410 3809 3633 3881 quarto
3691 3801 3980 3883 capitulo

2476 3896 2552 3957 de
2605 3897 2852 3958 Divinis
2911 3897 3279 3959 nominibus
3329 3898 3664 3980 Dionysius
3714 3909 3980 3961 sanctus

2475 4001 2761 4068 testatur,
2794 3995 2964 4076 quod
2995 3996 3201 4075 angeli
3241 3995 3685 4058 illuminantur
3714 3999 3978 4062 rationi-

2476 4092 2595 4154 bus
2655 4112 2890 4166 rerum,
2952 4112 3092 4174 quae
3149 4094 3242 4155 eis
3303 4095 3742 4157 connaturales
3804 4098 3978 4159 exsi-

868 4190 1117 4266 anima3
1170 4191 1387 4271 sicque
1437 4193 1701 4271 angelus
1760 4212 1874 4274 per
1923 4213 2102 4255 suam
2152 4214 2361 4256 esse-n-
2395 4199 2444 4260 D
2475 4197 2668 4254 stunt.
2722 4191 3021 4264 Quamvis
3081 4210 3229 4272 ergo
3281 4199 3406 4253 tam
3456 4211 3528 4254 ea
3579 4212 3722 4273 quae
3781 4213 3980 4276 supra

868 4287 1019 4349 tiam
1076 4288 1373 4368 intelligit
1421 4297 1646 4351 cetera.
1702 4291 1959 4361 Rursus,
2010 4295 2362 4355 secundum

870 4387 933 4447 B.
984 4386 1353 4468 Dionysium
1403 4389 1628 4468 quinto
1677 4389 1753 4450 de
1804 4391 2046 4452 Divinis
2095 4393 2364 4454 nomini-

870 4483 1013 4556 bus,
1048 4483 1359 4546 nobiliora
1399 4485 1463 4547 in
1503 4487 1760 4548 entibus
1798 4497 1945 4549 sunt
1974 4491 2363 4572 exemplaria

872 4582 1265 4644 inferiorum.
1321 4583 1542 4665 Angeli
1593 4604 1741 4666 ergo
1790 4607 1969 4650 suam
2018 4590 2358 4651 essentiam

870 4680 1195 4753 intuend0‚
1259 4682 1558 4745 inferiora
1616 4694 2003 4765 cognoscunt
2056 4707 2069 4750 ε
2127 4707 2360 4749 unum-

868 4779 1165 4862 quodque
1196 4781 1367 4842 enim
1411 4783 1474 4844 in
1515 4801 1630 4845 suo
1664 4786 2009 4867 exemplari
2047 4788 2364 4866 cognosci-

868 4887 973 4940 tur
998 4880 1353 4961 optimc.—
1374 4881 1720 4943 Dicendum
1754 4884 1831 4944 ad
1863 4885 2165 4965 primum,
2192 4886 2361 4966 quod

866 4979 1081 5040 anima
1110 4979 1344 5041 dicitur
1372 4981 1617 5061 specics
1651 4981 2032 5063 specierum,
2068 4983 2129 5044 in
2163 5003 2362 5064 quan-

868 5085 1005 5140 tum
1040 5097 1151 5158 per
1182 5079 1575 5140 intellectum
1606 5087 1894 5160 agentem
1935 5080 2084 5142 facit
2115 5081 2360 5162 species

866 5197 1005 5238 esse
1052 5177 1485 5259 intelligibiles
1530 5186 1695 5252 actu,
1730 5179 1896 5240 sicut
1937 5197 2160 5240 manus
2206 5179 2359 5240 dici-

867 5284 971 5338 tur
1008 5294 1311 5357 organum
1353 5294 1753 5358 organorum,
1787 5278 1937 5359 quia
1982 5297 2093 5360 per
2136 5296 2359 5339 manus

2473 4290 2767 4370 angelum
2830 4297 2998 4362 sunt,
3053 4310 3241 4371 quam
3292 4309 3364 4352 ea
3412 4310 3554 4372 quae
3605 4291 3766 4353 infra
3821 4312 3976 4354 eum

2474 4397 2643 4462 sunt,
2678 4389 2806 4450 sint
2837 4388 3106 4469 quodam
3155 4389 3341 4450 modo
3375 4389 3436 4450 in
3470 4388 3824 4452 substantia
3865 4411 3978 4452 an-

2473 4486 2620 4568 geli,
2657 4504 2780 4548 non
2816 4494 3025 4547 tamen
3065 4487 3416 4548 secundum
3461 4489 3748 4570 proprias
3791 4489 3979 4552 ratio-

2475 4605 2586 4648 nes
2633 4585 2936 4666 ipsorum.

2554 4685 2836 4766 Denique
2877 4692 3119 4765 oportet
3161 4685 3449 4765 accipere
3488 4685 3970 4750 distinctionem

2472 4793 2532 4846 et
2563 4785 2851 4846 ordinem
2884 4785 3308 4865 spiritualium
3335 4784 3976 4860 substantiarum,sic·

2473 4893 2542 4946 ut
2584 4891 2679 4946 est
2728 4885 2879 4945 ordo
2926 4892 3116 4964 atque
3166 4883 3489 4946 distinctio
3538 4885 3971 4965 corporalium

2473 5001 2703 5045 rerum.
2741 4982 2898 5043 Hinc
2938 4982 3101 5043 sicut
3143 5000 3406 5063 corpora
3446 4983 3728 5045 coelestia
3765 4989 3830 5044 et
3869 5004 3976 5046 su-

2473 5100 2690 5162 prema
2737 5080 2972 5141 habent
3022 5081 3368 5161 potentiam
3414 5100 3450 5141 a
3499 5081 3820 5162 principio
3867 5083 3970 5142 sui

2469 5179 2732 5242 omniuo
2775 5178 3156 5260 comple-tam
3201 5199 3314 5259 per
3356 5178 3648 5252 formam,
3685 5179 3973 5260 potentia

2471 5295 2620 5338 vero
2681 5277 2956 5340 materia*
3007 5295 3344 5360 corporum
3405 5276 3778 5341 inferiorum
3835 5297 3968 5341 nou

4055 4713 4130 4751 nrt.
4159 4711 4192 4749 Ξ.
