4334 6242
857 457 973 535 {94

1539 488 1603 535 IN
1643 490 1864 536 LIBRUM
1904 491 1949 536 11
1992 489 2474 537 SENTENTIARUM.
2520 508 2600 518 —
2641 490 2790 536 ms'r.
2839 490 2947 552 1113
2992 491 3216 547 QUAEST.
3262 492 3283 538 1

857 658 1059 742 possit
1106 659 1348 726 salvare
1398 663 1800 725 creationem.
1847 662 1916 724 ln
1959 661 2143 742 cujus
2186 680 2353 743 quae-
2382 662 2434 723 A
2463 667 2559 723 est
2615 661 2921 723 exsistere
2977 660 3286 735 absolute,
3339 660 3450 722 sed
3509 658 3630 722 sub
3688 658 3966 741 quadam

857 759 962 820 siti
994 759 1517 823 determinatione
1555 761 1795 843 prolixe
1826 780 1898 823 ac
1928 759 2188 833 diffuse,
2222 759 2354 820 imo

858 863 920 918 et
967 857 1302 939 profunde,
1344 860 1421 922 de
1469 860 1589 922 ista
1638 867 1861 921 tractat
1910 859 2194 932 materia,
2243 876 2352 940 po·

857 973 1015 1016 nens
1047 955 1307 1019 fortiora
1336 958 1596 1020 alterius
1628 957 1950 1039 opinionis
1990 957 2248 1028 motiva,
2281 976 2353 1018 ac

857 1054 1075 1116 eadem
1126 1056 1400 1130 solvens,
1443 1064 1505 1118 et
1555 1056 1719 1118 inter
1768 1063 1977 1118 cetera
2028 1055 2291 1136 loquens
2336 1074 2349 1118 :

857 1151 970 1213 Hic
1020 1160 1270 1234 oportet
1315 1155 1524 1235 primo
1571 1154 1807 1227 videre,
1848 1153 2167 1235 quomodo
2217 1171 2354 1214 esse

858 1268 925 1312 se
970 1250 1198 1314 habeat
1237 1253 1315 1315 ad
1360 1253 1721 1315 essentiam.
1768 1253 1843 1313 Et
1888 1253 1963 1314 de
2012 1253 2129 1314 hac
2177 1271 2243 1313 re
2289 1251 2354 1313 in

581 1364 827 1424 cs.t.xix.
860 1348 1067 1430 primo
1098 1357 1313 1412 nostro
1343 1351 1622 1412 diximus
1654 1349 2027 1424 Quodlibeto
2055 1357 2118 1411 et
2147 1350 2355 1412 adhuc

563 1430 827 1487 '‘msa‘'
857 1446 1154 1522 dicimuS,
1187 1449 1355 1530 quod
1400 1468 1539 1510 esse
1588 1456 1891 1510 creaturae
1939 1466 2065 1510 non
2109 1456 2206 1510 est
2249 1446 2358 1509 ali·

856 1545 1008 1626 quid
1042 1565 1108 1608 re
1139 1547 1429 1608 absoluta
1457 1546 1630 1608 aliud
1659 1567 1695 1608 a
1726 1554 2027 1609 creaturae
2058 1545 2351 1618 essentia,

852 1643 1140 1706 additum
1171 1645 1229 1706 ei
1262 1652 1332 1706 ut
1362 1645 1446 1707 sit
1472 1645 1802 1740 actualiter
1831 1664 1944 1707 seu
1975 1644 2040 1706 in
2072 1644 2308 1707 effectu
2335 1660 2348 1705 :

854 1741 983 1803 imo
1024 1750 1311 1804 creatura
1352 1762 1466 1805 sua
1506 1743 1780 1805 essentia
1824 1761 1935 1804 seu
1975 1742 2348 1824 quidditate‚

2463 758 2886 839 dependentia
2921 759 2999 823 ad
3040 758 3587 821 ‚manutenentiam
3627 756 3962 828 CreatoriS‚

2463 863 2525 918 et
2563 857 2649 919 ita
2692 857 2757 918 in
2801 858 3077 939 quodam
3121 865 3435 939 respectu.

2542 955 2827 1036 Denique
2867 956 3034 1036 quod
3076 974 3214 1017 esse
3253 955 3415 1017 nihil
3457 955 3624 1016 reale
3661 954 3965 1036 superad—

2461 1052 2568 1114 dat
2615 1053 2926 1126 essentiae‚
2979 1052 3390 1134 probavimus
3439 1051 3676 1133 triplici
3728 1050 3960 1112 medio.
4007 1069 4226 1176 caghntx,

3993 1148 4034 1188 p.
4157 1147 4232 1174 cs.

2461 1149 2690 1224 Prim0,
2726 1150 3028 1231 quoniam
3060 1150 3315 1224 veritaS,
3351 1149 3602 1212 bonitas
3631 1157 3696 1210 et
3725 1149 3960 1218 unitas,

2461 1248 2622 1308 nihil
2673 1248 2840 1310 reale
2889 1248 3253 1310 absolutum
3311 1248 3554 1310 addunt
3601 1247 3894 1309 essentiae
3946 1264 3961 1307 :

2461 1364 2610 1427 ergo
2640 1366 2757 1408 nec
2793 1347 3042 1409 entitas,
3077 1347 3171 1410 Ad
3204 1347 3374 1429 quod
3412 1345 3814 1409 adversarius
3854 1344 3964 1405 ille

2463 1445 2802 1526 respondet
2843 1466 2856 1509 ε
2907 1446 3032 1508 Ens
3082 1464 3208 1508 uno
3257 1446 3445 1508 modo
3492 1444 3728 1506 dicitur
3776 1452 3964 1525 prout

2464 1542 2770 1605 dividitur
2828 1545 2891 1606 in
2945 1545 3168 1607 decem
3225 1542 3735 1626 praedicamenta,
3793 1541 3964 1622 quod

2465 1650 2561 1703 est
2590 1660 2702 1703 ens
2734 1641 2813 1704 ab
2845 1661 2982 1704 esse
3013 1642 3324 1717 essentiae,
3359 1660 3476 1703 nec
3506 1640 3746 1723 aliquid
3785 1639 3963 1701 addit

2464 1739 2827 1820 quidditati,
2877 1740 3042 1802 sicut
3089 1759 3206 1801 nec
3258 1740 3510 1814 veritas,
3562 1739 3795 1812 unitaS,
3847 1755 3962 1799 seu

853 1858 978 1921 qua
1026 1847 1123 1901 est
1170 1840 1233 1901 id
1283 1842 1451 1922 quod
1501 1849 1617 1915 est,
1663 1841 1854 1902 habet
1900 1859 2060 1913 esse,
2105 1859 2232 1902 non
2285 1841 2350 1902 in
2388 1841 2436 1904 B
2465 1837 2733 1900 bonitas,
2771 1839 3060 1900 Secundo
3101 1839 3336 1900 dicitur
3363 1857 3478 1900 ens
3508 1838 3677 1919 quod
3711 1835 3963 1898 exsistit

852 1945 1163 2018 quantum
1203 1946 1299 2000 est
1332 1939 1606 2000 essentia
1646 1938 1997 2000 secundum
2039 1957 2106 2000 se
2147 1945 2209 1999 et
2248 1938 2352 1999 ab·

852 2035 1055 2097 solute
1106 2037 1520 2111 considerata,
1564 2036 1675 2098 sed
1724 2045 1794 2098 ut
1844 2036 2238 2099 considerata
2286 2037 2351 2097 in

852 2134 1323 2216 comparatione
1354 2143 1416 2196 et
1444 2135 1783 2197 ordine-ad
1827 2135 2109 2197 divinam
2143 2153 2352 2196 essen-

852 2232 1026 2294 tiam.
1062 2232 1311 2295 Etenim
1358 2233 1422 2294 in
1462 2241 1772 2314 quantum
1817 2233 1955 2315 ipsa
1996 2232 2348 2295 secundum

852 2348 919 2392 se
956 2330 1197 2412 absque
1236 2331 1411 2393 omni
1452 2331 1666 2393 addito
1707 2331 2019 2405 absolut0,
2054 2339 2149 2392 est
2180 2331 2353 2392 simi·

853 2428 1052 2491 litudo
1081 2428 1313 2492 divinae
1342 2430 1632 2492 essentiae
1661 2429 2013 2491 secundum
2044 2430 2353 2492 rationem

852 2545 1058 2590 causae
1104 2527 1391 2591 formalis
1440 2547 1554 2590 seu
1602 2528 2006 2610 exemplariS,
2054 2528 2352 2590 convenit

850 2624 910 2686 ei
941 2644 1079 2687 esse
1114 2625 1441 2705 essentiae3
1486 2627 1552 2688 in
1580 2633 1890 2708 quantum
1922 2644 2071 2688 vero
2107 2626 2248 2708 ipsa·
2286 2627 2349 2688 in

850 2741 919 2783 se
976 2723 1218 2804 absque
1278 2723 1452 2785 omni
1517 2723 1807 2786 absoluto
1870 2724 2192 2804 adjunct0,
2256 2731 2352 2786 est

788 2809 794 2816 ’
850 2819 1122 2882 effectus
1172 2821 1403 2884 divinae
1461 2821 1773 2896 essentiae,
1824 2822 1925 2885 vel
1986 2822 2350 2884 immediate

849 2917 951 2979 vel
994 2917 1287 2992 mediate,
1322 2919 1674 2981 secundum
1717 2920 2025 2982 rationem
2060 2919 2349 2982 efficien-

849 3016 954 3089 tia,
1007 3017 1305 3079 convenit
1354 3017 1413 3078 ei
1464 3035 1603 3079 esse
1651 3017 2037 3080 exsistentiae
2083 3035 2097 3079 :

849 3133 967 3176 nec
994 3135 1135 3178 esse
1171 3117 1461 3179 essentiae
1501 3135 1786 3195 neqesse
1826 3117 2210 3180 exsistentiae
2240 3118 2350 3179 ali-

848 3211 1003 3292 quid
1038 3213 1419 3294 superaddat
1450 3212 1707 3276 formale
1737 3221 1800 3275 et
1829 3213 2190 3276 absolutum
2222 3235 2350 3277 cre-

846 3317 965 3372 atae
1026 3311 1339 3382 essentiae,
1402 3312 1511 3374 sed
1573 3312 1780 3375 solum
1845 3320 2205 3394 respectum
2267 3313 2345 3375 ad

848 3407 1040 3470 aliud.

928 3506 1049 3568 Sed
1078 3505 1303 3587 objicit
1331 3507 1516 3569 nobis
1556 3508 1917 3583 adversans,
1950 3509 2103 3591 quia
2132 3529 2346 3572 essen-

847 3603 936 3664 tia
984 3604 1062 3666 de
1108 3623 1177 3666 se
1226 3612 1321 3666 est
1371 3605 1437 3667 in
1489 3607 1771 3687 potentia
1818 3608 1896 3669 ad
1944 3625 2083 3670 esse
2130 3625 2142 3669 :
2197 3624 2346 3688 ergo

848 3702 1076 3783 recipit
1107 3703 1264 3765 illud
1303 3703 1583 3777 aliunde,
1616 3722 1734 3767 nec
1765 3713 1859 3767 est
1890 3706 2142 3768 realiter
2173 3705 2344 3768 idem

846 3819 995 3862 cum
1044 3801 1173 3864 illo.
1223 3801 1596 3877 Dicendum,
1639 3805 1807 3884 quod
1856 3803 2099 3886 aliquid
2148 3823 2225 3866 ex
2276 3824 2342 3865 se

846 3905 941 3960 est
981 3899 1321 3981 potentiale
1362 3901 1722 3982 dupliciter.
1758 3902 1988 3976 Primo,
2024 3910 2093 3963 ut
2136 3903 2345 3984 subje-

846 4006 1021 4059 ctum
1052 3999 1596 4061 transmutationis
1627 4019 1663 4061 a
1693 4018 1821 4062 non
1860 4019 1999 4062 esse
2042 4000 2107 4063 in
2150 4020 2290 4063 esse
2325 4019 2338 4062 :

846 4095 1065 4178 sicque
1106 4098 1369 4159 materia
1408 4098 1541 4160 sola
1591 4098 1654 4159 in
1705 4099 2101 4161 naturalibus
2139 4108 2238 4161 est
2277 4099 2342 4162 in

2466 1936 2530 1996 in
2579 1955 2792 1997 rerum
2842 1944 3085 2010 natura,
3139 1936 3308 2018 quod
3355 1944 3452 1998 est
3496 1936 3702 1998 forma
3747 1934 3968 1996 addita

2462 2033 2800 2114 quidditati
2837 2054 2850 2097 :
2885 2034 3068 2097 aliter
3103 2042 3390 2096 creatura
3429 2041 3616 2096 tantae
3653 2041 3822 2096 esset
3860 2052 3964 2094 ac-

2462 2132 2788 2206 tualitatis,
2823 2133 2991 2214 quod
3031 2152 3108 2195 ex
3152 2152 3220 2196 se
3261 2133 3400 2215 ipsa
3443 2138 3656 2214 posset
3697 2131 3962 2193 exsiste-

2461 2248 2548 2290 re.
2585 2229 2812 2292 Contra
2855 2230 3022 2312 quod
3065 2230 3229 2306 dico,
3263 2230 3431 2312 quod
3475 2247 3600 2292 non
3645 2229 3960 2310 sequitur,

2462 2329 2763 2408 quoniam
2795 2329 3072 2391 essentia
3100 2337 3309 2390 creata
3337 2347 3414 2390 ex
3440 2347 3506 2390 se
3533 2328 3671 2409 ipsa
3695 2345 3824 2390 non
3855 2328 3963 2388 ha-

2462 2425 2569 2487 bet
2606 2445 2765 2499 esse,
2807 2427 2917 2488 sed
2956 2426 3254 2489 effective
3297 2445 3333 2488 a
3370 2426 3516 2488 Deo.
3549 2460 3629 2470 —
3667 2425 3963 2488 Secundo

2463 2524 2554 2586 sic
2585 2524 2785 2606 probo
2815 2525 3130 2586 intentum
3162 2542 3175 2586 :
3212 2524 3275 2586 Si
3306 2525 3580 2587 essentia
3608 2541 3735 2586 non
3768 2523 3960 2586 habet

2461 2641 2599 2684 esse
2631 2623 2757 2685 nisi
2788 2642 2902 2705 per
2930 2623 3292 2685 absolutum
3324 2622 3479 2704 quid
3509 2622 3817 2695 additum,
3838 2623 3960 2684 hoc

2461 2721 2748 2782 additum
2795 2729 2891 2783 est
2937 2729 3244 2796 creatura,
3297 2721 3374 2784 de
3423 2739 3490 2782 se
3539 2738 3663 2782 non
3715 2719 3962 2782 habens

2461 2819 2786 2892 exsistere,
2839 2839 3046 2901 neque
3105 2820 3458 2882 secundum
3519 2837 3586 2882 se
3634 2837 3841 2899 neque
3894 2819 3958 2880 in

2459 2917 2584 2979 alio
2637 2935 2650 2979 :
2702 2936 2852 2998 ergo
2899 2919 2958 2980 ei
3010 2937 3122 3000 per
3170 2918 3554 2981 creationem
3604 2917 3963 2999 acquiritur

2147 3019 2233 3080 ita
2279 3026 2350 3080 ut
2387 3022 2430 3085 C
2460 3034 2571 3077 seu
2623 3015 2948 3078 confertur
2995 3035 3133 3078 esse
3181 3016 3355 3078 aliud
3395 3036 3432 3078 a
3473 3035 3563 3090 se,
3605 3015 3960 3098 eademque

2460 3112 2700 3175 ratione
2745 3113 2838 3175 illi
2883 3132 3020 3176 esse
3063 3114 3234 3176 aliud
3278 3133 3438 3188 esse,
3473 3121 3537 3176 et
3575 3114 3662 3176 ita
3703 3114 3770 3176 in
3813 3113 3961 3175 infi-

2458 3213 2685 3273 nitum.
2718 3213 2903 3274 Juxta
2941 3213 3060 3274 hoe
3097 3213 3494 3275 adversarius
3536 3211 3839 3293 arguebat
3877 3212 3958 3273 ad

2458 3309 2628 3371 idem
2671 3310 2973 3373 adversus
3018 3330 3106 3384 se,
3150 3310 3241 3372 sic
3277 3329 3290 3372 ε
3326 3310 3503 3372 Sicut
3543 3309 3820 3372 essentia
3861 3317 3960 3371 est

2457 3407 2781 3488 possibilis
2818 3407 2897 3469 ad
2939 3427 3075 3470 csse
3115 3416 3177 3470 et
3207 3426 3335 3470 non
3374 3426 3534 3482 esse,
3569 3409 3656 3469 ita
3693 3415 3757 3469 et
3797 3406 3959 3469 illud

2456 3525 2593 3567 esse
2629 3525 2642 3568 ε
2677 3524 2825 3586 ergo
2868 3524 2994 3568 non
3045 3506 3167 3568 nisi
3220 3525 3333 3588 per
3373 3505 3616 3587 aliquid
3664 3505 3958 3568 additum

2454 3603 2646 3666 habet
2683 3603 3007 3678 exsistere,
3041 3603 3578 3685 quemadmodum
3613 3622 3822 3684 neque
3861 3622 3960 3666 es—

2456 3701 2660 3764 sentia
2678 3719 2694 3781 ;
2745 3711 2809 3764 et
2857 3702 2942 3764 ita
2989 3703 3055 3764 in
3106 3701 3456 3764 infinitum.
3498 3701 3592 3764 Ad
3643 3702 3814 3782 quod
3863 3721 3960 3763 re-

2455 3799 2731 3881 spondit,
2765 3800 2934 3882 quod
2973 3800 3126 3862 illud
3159 3819 3298 3863 esse
3329 3807 3425 3862 est
3453 3799 3757 3882 possibile
3787 3817 3955 3874 esse,

2455 3899 2556 3959 cui
2596 3899 2948 3979 acquiritur
2985 3917 3143 3960 esse.
3179 3897 3298 3960 Sed
3343 3899 3462 3960 hoc
3505 3906 3602 3960 est
3643 3916 3758 3980 per
3793 3899 3963 3960 acci-

2453 3996 2630 4068 dens,
2678 3996 2979 4058 videlicet
3024 3995 3176 4077 quia
3223 4013 3350 4058 non
3400 3995 3591 4059 habet
3637 4015 3777 4058 esse
3827 3997 3957 4058 nisi

2447 4094 2520 4155 «in
2585 4094 2720 4176 ipso
2785 4095 3075 4176 possibili
3137 4095 3216 4156 ad
3277 4113 3435 4157 esse.
3498 4096 3956 4157 Verumtamen

844 4194 1145 4275 potentia.
1190 4196 1501 4270 Secundo,
1547 4203 1617 4257 ut
1668 4197 1977 4258 terminus
2026 4198 2344 4279 producti-
2373 4197 2422 4258 D
2453 4200 2760 4274 quantum
2811 4201 2908 4255 est
2953 4194 3028 4255 de
3079 4212 3167 4266 se,
3214 4211 3468 4276 semper
3514 4192 3702 4255 habet
3751 4211 3892 4256 esse
3937 4213 3952 4256 ε

843 4292 984 4353 onis
1028 4312 1042 4355 :
1090 4300 1152 4354 et
1200 4294 1292 4354 sic
1341 4294 1548 4355 forma
1598 4314 1740 4375 quae
1788 4294 2082 4356 educitur
2130 4303 2226 4357 est.
2275 4296 2340 4358 in

844 4389 1147 4470 potentia,
1190 4409 1303 4452 seu
1347 4391 1560 4472 ipsum
1602 4392 2067 4474 compositum3
2109 4403 2174 4455 et
2221 4393 2340 4456 tale

839 4504 955 4547 ens
991 4493 1061 4547 ut
1091 4487 1358 4548 relatum
1393 4488 1472 4550 ad
1502 4507 1759 4550 causam
1794 4489 2211 4564 efficientem,
2245 4499 2340 4553 est

838 4583 993 4665 quid
1024 4585 1291 4660 actuale,
1326 4585 1392 4647 in
1424 4595 1733 4668 quantum
1765 4587 2103 4669 participat
2131 4597 2340 4651 actua-

839 4682 1081 4745 litatem
1116 4691 1180 4745 et
1213 4685 1671 4767 perfectionem
1711 4685 1903 4747 illius.
1940 4721 2015 4731 —
2048 4686 2338 4750 Secundo

835 4781 928 4843 sic
975 4783 1183 4863 arguit
1234 4800 1247 4844 :
1302 4784 1392 4845 Ex
1445 4801 1521 4846 eo
1568 4783 1738 4864 quod
1799 4791 2006 4846 creata
2062 4785 2337 4847 essentia

833 4879 1024 4942 habet
1075 4889 1435 4963 respectum
1484 4882 1562 4943 ad
1610 4882 1834 4955 Deum,
1888 4898 2014 4943 non
2062 4882 2332 4958 exsistit,

832 4977 943 5040 sed
973 4987 1070 5042 est
1097 4979 1176 5041 ad
1205 4980 1447 5061 aliquid
1477 4999 1490 5043 :
1516 4998 1666 5060 ergo
1697 4980 1916 5042 relatio
1946 4980 2022 5041 ad
2061 4981 2336 5062 primam

834 5095 1088 5140 causam
1137 5077 1531 5140 efficientem
1579 5097 1707 5140 non
1757 5077 1998 5140 confert
2044 5079 2336 5143 essentiae

832 5175 1001 5256 quod
1050 5175 1133 5237 sit
1185 5175 1321 5256 ipsa
1368 5175 1737 5239 exsistentia
1783 5176 2066 5239 actualis,
2111 5176 2336 5238 Dicen-

832 5272 1010 5348 dum,
1043 5273 1212 5357 quod
1251 5274 1555 5337 exsistere
1598 5283 1901 5339 creaturae
1942 5294 2159 5338 revera
2203 5291 2330 5337 non

2452 4291 2619 4352 sicut
2661 4292 2883 4353 dicunt
2927 4291 3312 4374 philosophi,
3355 4292 3522 4373 quod
3571 4292 3782 4355 omnis
3830 4290 3959 4354 for-

2455 4407 2557 4450 ma
2600 4396 2910 4470 quantum
2954 4398 3050 4452 est
3093 4390 3171 4452 de
3215 4409 3303 4464 se,
3337 4398 3433 4451 est
3471 4390 3651 4452 actus
3688 4390 3956 4472 quidam

2453 4497 2516 4549 et
2545 4506 2803 4549 necesse
2840 4505 3015 4567 esse;
3058 4488 3168 4550 sed
3200 4488 3369 4570 quod
3411 4506 3538 4551 non
3566 4497 3661 4550 est
3692 4507 3958 4551 necesse

2451 4605 2611 4660 esse,
2645 4585 2819 4649 venit
2865 4606 2978 4668 per
3023 4587 3340 4661 accidenS,
3383 4587 3628 4649 scilicet
3666 4587 3820 4669 quia
3861 4606 3958 4649 re-

2451 4685 2688 4766 cipitur
2726 4685 2792 4746 in
2835 4685 3125 4766 possibili
3166 4704 3326 4760 esse,
3359 4685 3482 4747 hoc
3519 4692 3616 4747 est
3648 4685 3713 4746 in
3755 4693 3956 4748 mate-

2449 4784 2561 4844 ria.
2587 4783 2829 4845 Idcirco
2861 4801 2986 4846 non
3019 4784 3148 4845 itur
3177 4783 3242 4845 in
3274 4783 3952 4864 infinitum,quoniam

2449 4882 2606 4943 illud
2653 4881 2934 4962 primum
2977 4901 3114 4944 esse
3155 4899 3283 4944 non
3327 4883 3557 4964 recipit
3593 4881 3766 4944 aliud
3809 4901 3954 4946 esse

2445 4998 2484 5041 a
2513 4999 2581 5041 se
2618 4997 2631 5040 τ
2666 4980 2816 5060 quia
2855 4996 2982 5041 non
3023 4979 3250 5062 recipit
3280 4998 3418 5042 esse
3449 4979 3571 5042 nisi
3604 4979 3754 5061 quia
3794 4981 3954 5042 reci-

2447 5079 2622 5159 pitur
2668 5078 2733 5139 in
2778 5078 2904 5140 alio
2944 5079 3113 5159 quod
3157 5097 3233 5141 eo
3276 5079 3467 5140 habet
3506 5096 3664 5140 esse.
3708 5078 3948 5141 Verum

2447 5195 2524 5238 ex
2564 5177 2683 5238 hoc
2725 5175 2895 5238 dicto
2935 5185 3199 5258 apparet
3235 5194 3379 5238 mox
3419 5176 3659 5238 falsitas
3698 5177 3953 5258 pericu-

2449 5275 2662 5348 losior,
2715 5274 2883 5356 quod
2942 5275 3187 5338 scilicet
3242 5275 3460 5338 formae
3507 5282 3948 5340 creaturarum
