4334 6242
804 507 1007 555 Unum
1045 507 1323 554 Amanus
1363 506 1557 554 BONUS
1600 503 1712 552 sm}
1750 505 1952 551 MALUS
1993 504 2305 553 mmmm!
2343 504 2622 553 DBSERAT
2660 506 2965 567 noum,
3004 463 3134 555 B'i'c-

3397 489 3517 554 553

410 675 570 740 Nam
603 678 908 740 custodiri
953 677 1281 741 hominem
1311 675 1393 738 ab
1423 674 1670 756 angele,
1703 672 1912 755 dupli·
1940 674 1991 737 A
2023 673 2429 739 Hebraeorum
2487 677 2850 760 ProphetaS,
2908 678 2975 740 in
3034 695 3307 760 quorum
3364 695 3513 752 uno,

411 775 570 838 citer
617 783 825 858 potest
873 775 1166 856 intelligi,
1201 783 1375 858 puta,
1409 773 1762 836 secundum
1807 772 1914 834 ha-

410 872 641 949 bitum,
683 881 748 936 et
795 874 1146 936 secundum
1195 881 1429 936 actum.
1476 871 1912 951 Dixeruntque

409 971 632 1053 aliqui,
680 972 850 1054 quod
900 969 1162 1053 angelus
1210 970 1446 1034 deserit
1491 967 1907 1040 obstinatum,

413 1078 722 1152 quantum
753 1072 829 1133 ad
862 1077 1074 1133 actum
1108 1068 1529 1141 custodiendi,
1563 1085 1690 1130 non
1722 1085 1913 1148 quan·

411 1176 548 1230 tum
579 1169 656 1231 ad
698 1169 988 1232 habitum
1025 1187 1039 1230 τ
1073 1169 1224 1250 quia
1266 1176 1518 1250 paratus
1557 1173 1652 1228 est
1683 1164 1911 1227 subve-

411 1267 572 1340 nire,
605 1267 658 1329 si
699 1267 929 1330 viderit
969 1267 1155 1329 illum
1195 1285 1262 1328 se
1302 1266 1377 1328 ad
1418 1264 1586 1328 viam
1630 1261 1911 1326 veritatis

410 1363 768 1446 disponere.
803 1365 923 1429 Sed
955 1365 1123 1427 istud
1153 1382 1279 1427 non
1312 1362 1580 1438 sufficit,
1607 1360 1908 1444 quoniam

412 1479 604 1524 nemo
632 1469 729 1525 est
759 1463 846 1524 ita
874 1462 1250 1536 obstinatus,
1285 1461 1442 1544 quin
1479 1459 1742 1541 angelus
1774 1477 1915 1541 pos-

413 1559 496 1622 sit
523 1561 584 1623 ei
613 1560 871 1642 aliquod
911 1560 1212 1624 custodiae
1251 1557 1643 1622 beneficium
1683 1557 1915 1639 imper-

413 1658 540 1720 tiri.
575 1695 655 1704 —
683 1658 843 1722 Hinc
890 1659 1000 1722 alii
1044 1659 1286 1732 dicunt,
1320 1656 1487 1739 quod
1532 1655 1768 1738 duplex
1817 1662 1915 1718 est

414 1757 716 1839 angelicae
765 1757 1068 1821 custodiae
1110 1764 1289 1820 actus
1338 1774 1352 1818 τ
1399 1775 1566 1818 unus
1615 1761 1909 1836 respectu

2021 783 2175 855 puta
2211 773 2491 850 Daniele,
2525 774 2602 838 fit
2647 777 2887 840 mentio
2927 778 3004 839 de
3044 776 3335 859 principe
3377 777 3518 840 Per-

2021 889 2259 946 sarum,
2285 879 2347 934 et
2376 873 2669 956 principe
2695 874 3079 948 Graecorum,
3104 884 3167 937 et
3194 874 3517 950 Michaele,

2022 969 2132 1050 qui
2182 969 2542 1034 insinuatur
2585 972 2675 1034 ibi
2721 973 3019 1056 princeps
3066 973 3369 1036 exsistere
3416 974 3519 1035 Ju-

2021 1066 2322 1130 daeorum.
2357 1069 2529 1133 Plato
2576 1077 2789 1133 autem
2840 1079 2903 1134 et
2946 1089 3169 1134 omnes
3216 1071 3521 1135 Platonici

2021 1185 2098 1228 ex
2146 1167 2288 1246 ejus
2340 1168 2629 1230 doctrina
2684 1178 3039 1244 senserunt,
3092 1171 3260 1253 quod
3320 1169 3521 1233 beatis

2022 1263 2356 1346 spiritibus
2410 1264 2649 1328 credita
2700 1266 2782 1327 sit
2830 1285 2983 1328 cura
3030 1276 3093 1329 et
3144 1267 3523 1348 gubernatio

2020 1362 2272 1444 generis
2314 1363 2599 1425 humani.
2637 1363 2819 1426 Plebs
2856 1383 3111 1447 quoque
3140 1365 3522 1429 Christiano-

2024 1478 2166 1522 rum
2216 1479 2293 1523 ex
2336 1460 2549 1524 verbis
2593 1461 2969 1543 legislatoris
3013 1463 3110 1524 sui
3157 1462 3278 1525 hoc
3321 1471 3516 1538 tenet,

2023 1557 2297 1620 dicentis
2321 1576 2335 1620 :
2357 1558 2582 1640 Angeli
2613 1577 2856 1633 eorum,
2880 1568 3000 1622 etc.
3025 1596 3106 1604 —
3134 1561 3309 1634 Quod
3339 1569 3403 1623 et
3432 1581 3523 1624 ra·

2021 1655 2415 1719 tionabiliter
2444 1665 2653 1738 potest
2690 1658 2963 1739 probari.
2997 1658 3314 1722 Naturalis
3346 1680 3524 1723 nam-

2022 1773 2148 1836 que
2179 1754 2381 1837 pietas
2409 1763 2600 1838 atque
2629 1755 2887 1819 dilectio
2917 1764 3011 1818 est
3040 1755 3208 1818 inter
3236 1757 3523 1821 homines

413 1856 722 1939 corporis,
761 1856 1115 1919 consistens
1163 1855 1228 1918 in
1277 1853 1643 1936 repulsione
1684 1851 1906 1928 hostiS,
1946 1851 1995 1914 B
2026 1861 2269 1927 mutua,
2326 1853 2631 1916 naturalis
2688 1854 2880 1916 etiam
2940 1872 3118 1917 amor
3176 1855 3523 1919 honestatis

411 1973 492 2016 ne
540 1954 864 2036 opprimat
905 1971 1206 2037 corpora3
1238 1953 1397 2015 alter
1441 1959 1732 2034 respectu
1775 1951 1909 2014 ani-

410 2073 554 2126 mae,
579 2071 659 2115 ne
690 2053 891 2116 hostis
922 2060 1239 2136 pervertat
1269 2071 1430 2114 eam.
1457 2050 1762 2113 Efficacia
1791 2050 1915 2132 pri-

411 2150 500 2213 mi
530 2159 710 2214 actus
742 2151 1034 2214 consistit
1062 2151 1128 2212 in
1160 2150 1415 2232 ange103
1442 2148 1734 2211 efficacia
1761 2166 1912 2211 vero

409 2258 588 2310 actus
621 2249 910 2325 secundi,
944 2267 1072 2312 non
1112 2249 1319 2311 solum
1349 2249 1413 2309 in
1446 2247 1671 2327 angelo
1699 2247 1810 2309 sed
1850 2256 1914 2309 et

413 2347 480 2408 in
531 2346 718 2411 nobis
771 2348 1080 2411 consistit.
1134 2347 1448 2422 Quantum
1497 2345 1576 2407 ad
1630 2347 1911 2428 primum

413 2453 652 2518 actum,
675 2447 937 2528 angelus
969 2446 1292 2509 hominem
1326 2463 1452 2508 non
1484 2443 1789 2526 relinquit
1819 2463 1914 2506 us-

413 2562 541 2625 que
571 2545 649 2606 ad
681 2552 973 2620 mortem,
1007 2545 1159 2628 quia
1197 2563 1325 2608 non
1355 2544 1506 2608 sinit
1545 2563 1693 2607 eum
1722 2562 1759 2604 a
1786 2543 1914 2605 dia-

415 2639 564 2702 bolo
601 2640 879 2723 opprimi
917 2649 1027 2704 aut
1064 2642 1291 2718 occidi,
1325 2643 1450 2705 nisi
1489 2642 1661 2704 aliud
1705 2639 1911 2721 exigat

415 2738 680 2820 aequitas
739 2739 942 2800 divini
997 2739 1246 2820 judicii.
1299 2741 1420 2804 Sed
1473 2747 1784 2822 quantum
1834 2738 1912 2800 ad

415 2843 631 2898 actum
673 2837 1051 2910 secundum,
1084 2856 1285 2919 quum
1327 2845 1505 2900 actus
1548 2837 1722 2898 illius
1769 2835 1914 2899 effi-

415 2934 590 2995 cacia
619 2934 702 2996 sit
740 2952 866 2996 non
907 2934 1114 2996 solum
1156 2934 1221 2995 in
1261 2934 1505 3015 ange10,
1539 2935 1647 2996 sed
1681 2942 1746 2995 et
1775 2953 1913 3016 par-

2024 1951 2633 2034 compositionisque
2683 1953 2847 2026 vitae,
2901 1972 3015 2035 per
3072 1972 3266 2034 quem
3326 1975 3524 2018 unus-

2023 2050 2297 2132 quisque
2352 2049 2809 2132 paterfamilias
2866 2051 2944 2112 ad
2999 2051 3122 2113 hoc
3174 2052 3399 2127 tendit,
3455 2059 3525 2116 ut

2025 2156 2491 2230 componantur
2530 2166 2760 2224 moreS,
2793 2156 2857 2211 et
2895 2149 3231 2212 decoretur
3272 2151 3401 2213 vita
3436 2151 3527 2213 fa-

2025 2247 2219 2310 miliae
2262 2267 2409 2310 suae.
2444 2247 2515 2308 In
2558 2246 2909 2310 forinsecos
2950 2265 3204 2330 quoque
3248 2248 3527 2312 ostendit

2023 2347 2188 2408 hanc
2245 2346 2545 2428 pietatem
2594 2354 2658 2408 et
2706 2345 3055 2421 caritatem,
3109 2363 3524 2410 commonens

2023 2461 2130 2506 eos
2168 2451 2359 2524 atque
2402 2442 2753 2525 corripiens
2793 2462 2908 2526 pro
2948 2445 3244 2526 peccatis.
3280 2445 3524 2518 Quanto

2024 2541 2168 2622 plus
2220 2541 2285 2602 in
2329 2539 2564 2604 sanctis
2606 2541 2849 2622 angelis
2891 2550 2987 2606 est
3029 2542 3233 2625 pietas
3277 2543 3411 2606 haec
3459 2551 3523 2605 et

2025 2638 2146 2701 ista
2174 2639 2472 2701 dilectio?
2504 2639 2731 2721 Utique
2770 2649 2943 2704 tanto
2985 2642 3152 2723 plus,
3186 2650 3423 2722 quanto
3454 2642 3522 2703 in

2024 2737 2209 2799 donis
2240 2743 2481 2799 naturae
2509 2755 2583 2799 ac
2612 2737 2828 2817 gratiae
2867 2745 3017 2800 sunt
3054 2738 3418 2801 nobiliores.
3456 2739 3521 2802 Si

2023 2852 2175 2915 ergo
2205 2842 2429 2897 natura
2458 2835 2737 2897 humana
2767 2853 2894 2898 non
2926 2836 3197 2898 sustinet
3231 2836 3523 2900 homines

2024 2932 2226 2995 bonos
2257 2932 2323 2994 in
2364 2932 2661 3014 praesenti
2704 2933 2959 2996 miseria
2998 2953 3035 2996 a
3065 2934 3524 3014 gubernatione

410 3031 531 3093 tim
580 3031 645 3092 in
690 3031 897 3105 nobiS,
931 3031 1246 3094 subtrahit
1291 3031 1592 3095 custodiae
1633 3051 1764 3095 suae
1811 3030 1916 3095 be-
1951 3034 1994 3097 C
2024 3039 2087 3092 et
2117 3031 2515 3112 correptione
2547 3030 2882 3093 hominum
2914 3031 3526 3115 abstinerezquanto

411 3129 721 3191 neficium
750 3129 832 3191 ab
861 3129 964 3192 his
994 3129 1164 3191 circa
1192 3147 1350 3211 quos
1381 3129 1554 3191 videt
1583 3149 1652 3192 se
1681 3128 1916 3192 frustra

411 3228 716 3290 exerceri.
749 3227 1223 3302 Verumtamen,
1259 3247 1458 3309 quum
1491 3227 1778 3290 custodia
1806 3248 1912 3290 an-

411 3324 617 3405 gelica
646 3325 848 3407 magis
888 3324 1196 3406 respiciat,
1223 3324 1503 3387 animam
1546 3343 1737 3406 quam
1777 3343 1914 3386 cor-

414 3442 557 3505 puS,
589 3441 718 3486 non
761 3430 1022 3506 apparet
1068 3421 1399 3504 probabile
1443 3423 1611 3504 quod
1648 3423 1912 3503 angelus

415 3540 675 3586 ornnem
719 3530 931 3584 actum
975 3521 1278 3584 custodiae
1325 3519 1655 3583 subtrahat
1701 3539 1914 3604 respe-

417 3629 522 3686 ctu
553 3621 1075 3684 animae—Hinc
1103 3620 1214 3682 alii
1243 3620 1456 3682 verius
1487 3619 1728 3694 dicunt,
1744 3621 1913 3702 quod

417 3719 690 3782 effectus
728 3717 1030 3799 angelicae
1071 3718 1372 3781 custodiae
1412 3725 1507 3781 est
1545 3725 1676 3780 tam
1707 3736 1915 3801 respe-

419 3826 525 3880 ctu
557 3809 706 3879 bon'i
737 3816 1110 3898 acquirendi
1141 3825 1251 3878 aut
1280 3816 1913 3899 conservandi,quam

417 3921 710 3997 respectu
749 3915 900 3976 mali
936 3914 1260 3976 devitandi
1303 3922 1412 3976 aut
1453 3914 1802 3976 minuendi.
1839 3915 1914 3977 Et

416 4020 725 4095 quantum
767 4012 847 4074 ad
889 4012 1082 4074 istum
1130 4017 1343 4072 actum
1393 4019 1686 4093 respectu
1738 4011 1909 4086 mali,

414 4111 677 4192 angelus
716 4111 922 4174 bonus
966 4129 1094 4173 non
1133 4109 1369 4172 deserit
1407 4111 1731 4174 hominem
1774 4111 1913 4174 obs-

2026 3129 2230 3209 magis
2277 3129 2387 3190 illa
2430 3127 2835 3192 nobilissima
2878 3129 3250 3211 angelorum
3299 3138 3527 3193 natura

2023 3245 2098 3289 ac
2147 3225 2588 3308 copiosissima
2640 3226 2861 3307 gratia,
2910 3227 3382 3290 ferventissima
3429 3247 3525 3290 ca-

2024 3324 2177 3387 ritas
2225 3343 2299 3386 ac
2345 3324 2572 3387 intima
2619 3324 2843 3406 pietaS,
2886 3343 3015 3388 non
3060 3325 3226 3388 sinet
3266 3327 3522 3407 angelos

2022 3421 2343 3486 abstinere
2371 3443 2409 3486 a
2440 3423 3019 3486 communicatione
3051 3424 3301 3486 consilii
3331 3432 3521 3507 atque

2022 3521 2245 3583 auxilii
2277 3521 2343 3583 in
2374 3529 2693 3584 creaturas
2724 3521 3083 3598 rationaleS,
3117 3541 3273 3605 quas
3302 3522 3523 3585 vident

2023 3617 2275 3681 assidue
2325 3619 2913 3681 crudelissimorum
2962 3638 3036 3682 ac
3082 3618 3517 3683 fallacissimo-

2023 3735 2166 3778 rum
2199 3717 2559 3780 daemonum
2590 3717 2809 3780 dentes
2845 3718 3171 3780 incidere?
3199 3718 3516 3800 AmpliuS,

2024 3814 2190 3876 sicut
2229 3814 2599 3877 hominibus
2644 3816 2875 3878 dantur
2913 3816 3205 3878 homines
3244 3823 3521 3879 rectores

2025 3919 2088 3974 et
2131 3912 2425 3974 custodes
2466 3922 2684 3975 contra
2720 3913 3008 3976 visibiles
3053 3914 3287 3988 hosteS,
3322 3915 3407 3976 ita
3444 3916 3522 3978 ad

2025 4010 2260 4072 divinae
2300 4010 2715 4091 providentiae
2758 4018 3001 4094 spectat
3038 4011 3519 4093 perfectionem,

2024 4116 2094 4171 ut
2123 4117 2343 4171 contra
2374 4108 2731 4172 invisibiles
2760 4109 3055 4172 inimicos
3088 4109 3523 4173 invisibilibus

414 4211 688 4273 tinatum
732 4227 746 4271 ε
790 4210 920 4272 imo
959 4228 1214 4292 semper
1257 4228 1373 4291 pro
1421 4228 1606 4292 posse
1651 4211 1912 4273 retrahit
1942 4217 1991 4279 D
2023 4207 2397 4270 custodibus
2454 4207 2695 4288 angelis
2753 4208 3172 4272 sanctissimis
3231 4211 3523 4272 munian-

414 4329 587 4384 eum,
621 4327 701 4372 ne
732 4317 873 4371 ruat
902 4309 967 4371 in
999 4310 1204 4391 pejuS.
1240 4311 1556 4383 Quantum
1595 4319 1807 4372 autem
1831 4311 1909 4372 ad

414 4416 628 4472 actum
687 4413 981 4491 respectu
1033 4409 1206 4483 boni,
1258 4409 1492 4472 deserit
1538 4410 1908 4484 obstinatoS,

418 4526 534 4571 nec
564 4507 1027 4570 Antichristum
1070 4510 1400 4571 custodiet.
1435 4545 1515 4554 —
1543 4510 1686 4574 Haec
1717 4510 1913 4573 Bona·

419 4615 704 4671 ventura.

500 4707 822 4769 Postremo
869 4707 1238 4770 Parisiensis
1285 4709 1563 4771 secunda
1615 4716 1791 4791 parte
1838 4709 1916 4772 de

424 4805 728 4868 Universo
767 4825 962 4888 super
990 4805 1090 4868 his
1129 4814 1404 4868 tractans
1436 4807 1673 4870 diffuse
1709 4827 1723 4870 ε
1757 4808 1918 4881 Quo-

424 4903 620 4982 niam,
652 4904 762 4978 ait,
803 4905 1134 4987 hucusque
1183 4905 1474 4986 pervenit
1519 4906 1919 4987 investigatio

426 5003 566 5077 ista,
613 5011 684 5064 ut
730 5003 999 5065 dixerim
1049 5004 1356 5086 quosdam
1409 5022 1486 5066 ex
1534 5003 1919 5068 beatissimis

425 5103 564 5164 istis
623 5101 958 5184 spiritibus
1012 5121 1150 5165 esse
1208 5110 1484 5166 rectores
1544 5103 1920 5167 inferiorum

427 5218 768 5281 rerumque
799 5200 1244 5275 humanarum,
1269 5203 1596 5264 ostendam
1630 5201 1748 5264 tibi
1779 5222 1923 5284 qua-

429 5299 574 5361 liter
604 5297 810 5380 patuit
840 5298 1028 5360 istud.
1064 5297 1140 5360 Et
1168 5299 1332 5374 dico,
1366 5300 1535 5382 quod
1568 5300 1778 5406 primo
1807 5319 1922 5383 per

2021 4319 2126 4372 tur
2161 4329 2175 4373 :
2210 4311 2562 4392 praesertim
2594 4330 2793 4392 quum
2825 4311 3115 4373 homines
3145 4310 3518 4387 defectuosi,

2023 4410 2339 4484 mortaleS,
2367 4425 2494 4472 non
2526 4409 2856 4472 sufficiant
2885 4409 3253 4473 hominibus
3284 4411 3520 4493 fragili-

2023 4509 2142 4572 bus
2175 4508 2297 4570 sibi
2330 4508 2650 4571 similibus
2681 4527 2797 4591 pro
2828 4509 3115 4571 custodia
3140 4517 3330 4590 atque
3360 4510 3519 4591 regi-

2025 4611 2221 4686 mine,
2255 4629 2372 4673 nec
2417 4610 2667 4673 valeant
2710 4610 2833 4673 sibi
2878 4612 3236 4675 commissis
3281 4612 3520 4695 ubique

2024 4710 2267 4784 adesse,
2302 4709 2431 4772 imo
2462 4708 2937 4784 calliditatibuS,
2970 4710 3291 4773 violentiis
3330 4730 3403 4773 ac
3433 4711 3524 4775 vi-

2026 4807 2207 4870 ribus
2278 4806 2702 4869 invisibilium
2770 4807 3051 4870 hostium
3119 4828 3521 4891 nequaquam

2027 4926 2142 4968 sua
2193 4904 2426 4968 virtute
2472 4905 2723 4968 valeant
2773 4906 3071 4969 reluctari
3129 4915 3238 4969 aut
3288 4927 3525 4990 praeva-

2028 5005 2177 5067 lere.

2107 5103 2443 5186 Quumque
2473 5103 2641 5166 bella
2669 5113 2732 5166 et
2762 5104 2994 5180 cladeS,
3027 5104 3522 5187 persecutioneS,

2027 5203 2278 5276 damna,
2315 5202 2721 5283 aegritudines
2770 5211 2832 5265 et
2882 5211 3116 5266 mortes
3163 5203 3522 5278 hominum,

2029 5319 2107 5363 ex
2138 5300 2405 5363 occultis
2435 5307 2497 5362 et
2532 5300 2906 5381 justissimis
2944 5301 3056 5364 Dei
3087 5301 3349 5383 judiciis
3384 5321 3524 5388 pro·

3545 792 3663 898 20:221.
3682 805 3725 846 x,
3742 795 3811 846 2⁰,

3598 1587 3774 1630 Manli.

3548 1662 3662 1701 xvut,
3695 1651 3760 1693 ¹0.
