4334 6242
506 4146 550 4189 p.
576 4134 652 4176 329
666 4132 726 4177 B'.

768 488 890 551 338

1449 504 1512 551 ΙΝ
1553 502 1772 551 Limum
1818 502 1859 549 11
1902 498 2385 549 SENTENTmmm.
2431 520 2511 529 --
2554 499 2707 547 ntsT.
2750 498 2829 563 νζ
2874 498 3097 557 QUAEST.
3143 500 3210 546 111

768 677 845 739 ad
916 684 1046 737 tam
1115 683 1464 738 extremam
1526 674 1870 737 corruisset
1931 672 2261 734 malitiam.
2298 670 2348 733 A
2380 689 2491 733 nes
2529 670 2736 750 angeli
2780 671 2844 732 in
2889 671 3097 753 primo
3130 671 3389 733 instanti
3425 670 3727 753 temporis
3760 670 3893 731 dis-

848 773 1243 837 Probabilius
1305 774 1498 854 igitur
1555 791 1716 845 reor,
1767 772 1935 853 quod
1999 770 2269 832 tenendo

769 891 916 934 cum
948 872 1301 953 Augustino
1330 890 1402 932 ac
1433 871 1574 932 aliis
1609 870 1828 931 multis
1860 870 2127 941 Sanctia,
2152 867 2270 929 Lu·

769 969 1038 1031 cilerum
1085 988 1230 1031 cum
1279 969 1411 1031 suis
1454 969 1652 1030 fuisse
1699 975 1979 1029 cre-atum
2025 967 2088 1027 in
2129 984 2268 1045 gra-

766 1068 874 1141 tia,
915 1068 1256 1129 dicendum
1308 1067 1390 1128 sit
1434 1068 1602 1148 quod
1655 1085 1772 1128 nec
1818 1066 1956 1147 ipse
1999 1084 2116 1126 nec
2160 1083 2268 1125 an-

764 1168 890 1249 geli
945 1168 1086 1248 ejus
1144 1187 1428 1249 unquam
1489 1167 1586 1228 usi
1644 1166 1977 1228 actualiter
2031 1163 2269 1226 luerint

766 1266 966 1347 gratia
1023 1265 1152 1339 illa,
1205 1284 1322 1327 nec
1381 1284 1457 1327 ex
1516 1265 1773 1327 caritate
1831 1271 1894 1325 et
1942 1262 2142 1344 gratia
2199 1279 2267 1323 se

769 1384 1052 1447 unquam
1113 1364 1543 1426 converterint
1607 1363 1683 1425 ad
1753 1359 2268 1443 supersanctissi—

769 1482 946 1524 mum
991 1462 1369 1524 Creatorem.
1416 1462 1665 1523 Etenim
1717 1460 1902 1521 liberi
1951 1466 2130 1521 erant
2169 1477 2264 1519 ar-

766 1560 966 1635 bitrii,
1013 1568 1430 1642 poterantque
1477 1559 1679 1640 gratia
1724 1560 1816 1621 uti
1865 1565 1928 1619 et
1971 1574 2095 1619 non
2145 1556 2259 1617 uti.

847 1757 1172 1831 Praeterea,
1223 1758 1300 1819 de
1353 1774 1526 1818 mora
1573 1775 1715 1836 quae
1765 1754 1888 1815 suit
1935 1754 2103 1816 inter
2159 1772 2267 1814 an-

2381 768 2534 829 creti
2576 769 2842 849 gratiam
2887 770 3269 843 habuerunt,
3305 788 3421 851 per
3449 788 3639 852 quam
3682 769 3748 829 in
3784 786 3893 829 eo-

2378 867 2523 928 dem
2559 866 2815 928 instanti
2851 876 3196 947 potuerunt
3227 867 3618 929 meritorium
3648 866 3889 928 elicere

2377 972 2613 1037 actum,
2650 972 2708 1025 et
2756 983 2871 1045 per
2914 983 3311 1047 consequens
3358 964 3422 1026 in
3466 965 3749 1027 secundo
3791 965 3891 1025 in-

2378 1062 2569 1125 stanti
2632 1063 2939 1144 temporis
3010 1070 3353 1145 potueruut
3417 1063 3758 1145 praemiari,
3818 1071 3889 1125 et

2379 1161 2688 1242 praemiati
2737 1168 2886 1223 sunt
2929 1161 3117 1241 boni3
3170 1162 3277 1223 sed
3325 1162 3476 1224 mali
3520 1162 3584 1223 in
3633 1161 3743 1224 illo
3784 1180 3888 1224 se-

2379 1259 2587 1321 cundo
2647 1259 2905 1321 instanti
2968 1258 3277 1342 temporis
3336 1259 3587 1322 obicem
3650 1278 3889 1341 posue·

2378 1365 2527 1417 runt
2570 1377 2583 1421 :
2630 1357 2772 1419 ideo
2820 1377 2946 1420 non
3002 1357 3264 1420 fuerunt
3306 1359 3636 1439 praemiati.
3680 1358 3889 1439 Cujus

2376 1456 2529 1518 dicti
2564 1456 2722 1519 ratio
2751 1465 2848 1518 est
2879 1458 3154 1519 inducta.
3189 1492 3270 1502 —
3301 1457 3529 1519 Contra
3568 1458 3737 1540 quod
3767 1458 3887 1520 ob-

2371 1554 2595 1635 jicitur
2646 1573 2660 1617 ε
2712 1556 3110 1637 Quicumque
3170 1573 3285 1637 pro
3344 1563 3474 1618 tota
3532 1574 3709 1619 mora
3758 1557 3886 1621 viae

2377 1661 2587 1715 manet
2640 1655 2704 1715 in
2768 1654 3016 1727 merito,
3070 1654 3427 1716 necessario
3486 1654 3549 1716 in
3600 1655 3887 1717 termino

2375 1752 2492 1812 erit
2534 1751 2777 1825 beatuS,
2807 1752 2989 1833 juxta
3033 1752 3190 1814 illud
3226 1771 3240 1816 :
3276 1752 3390 1825 Qui
3436 1770 3885 1833 perseverave-

765 1854 1052 1935 gelorum
1117 1854 1503 1916 creationem
1567 1860 1630 1913 et
1691 1851 2086 1913 aversionem
2151 1868 2263 1911 seu
2300 1849 2457 1912 Brit
2514 1869 2717 1931 usque
2778 1850 2842 1912 in
2905 1851 3127 1921 finem,
3179 1851 3287 1912 hic
3344 1850 3557 1912 salvus
3612 1851 3753 1912 erit.
3806 1852 3883 1913 In

767 1952 1271 2025 conversione-m,
1323 1950 1545 2013 scribit
1594 1950 1658 2011 B.
1707 1949 1976 2011 Thomas
2027 1949 2090 2009 in
2142 1947 2268 2030 pri-

769 2068 873 2112 ma
918 2058 1095 2132 parte
1139 2050 1438 2123 Summae,
1481 2047 1828 2129 quaestione
1876 2044 2268 2125 sexagesima

665 2196 678 2209 .
769 2149 956 2211 tertia
998 2165 1011 2210 :
1057 2148 1236 2211 Circa
1283 2147 1402 2209 hoc
1447 2154 1542 2208 est
1585 2145 1820 2227 duplex
1862 2144 2098 2226 opinio.
2145 2144 2264 2205 Sed

768 2246 1161 2328 probabilior
1189 2253 1252 2308 et
1281 2246 1654 2309 Sanctorum
1688 2243 1874 2305 dictis
1903 2242 2099 2322 magis
2131 2259 2269 2303 con-

764 2363 939 2417 sona,
964 2352 1060 2407 est
1089 2344 1258 2427 quod
1289 2344 1504 2405 statim
1537 2350 1681 2424 post
1708 2342 1988 2423 primum
2023 2340 2264 2401 instans

761 2462 895 2505 suae
925 2442 1263 2504 creationis
1293 2441 1584 2503 diabolus
1622 2439 1998 2521 peccaverit.
2037 2438 2112 2500 Et
2142 2439 2262 2500 hoc

760 2558 1021 2603 necesse
1052 2548 1146 2601 est
1177 2540 1411 2612 dicere,
1445 2538 1498 2600 si
1531 2545 1804 2619 ponatur
1834 2537 2003 2617 quod
2036 2537 2099 2597 in
2134 2536 2261 2618 pri—

759 2657 865 2701 mo
916 2638 1176 2700 instanti
1237 2657 1368 2700 suae
1417 2636 1756 2699 creationis
1811 2635 1875 2697 in
1925 2642 2137 2696 actum
2189 2636 2261 2697 li-

759 2736 896 2798 beri
939 2736 1186 2799 arbitrii
1237 2734 1621 2817 proruperit,
1661 2741 1724 2795 et
1767 2733 1828 2795 in
1873 2733 2075 2813 gratia
2117 2752 2262 2796 con-

757 2833 929 2895 ditus
960 2832 1172 2895 fuerit.
1209 2833 1413 2906 Quum
1447 2831 1617 2893 enim
1661 2830 1867 2913 angeli
1910 2849 2023 2912 per
2057 2850 2258 2892 unum

759 2938 970 2993 actum
1025 2931 1420 2993 meritorium
1471 2930 1549 2991 ad
1599 2928 1970 2992 felicitatem
2023 2929 2259 3010 pertin-

2375 1946 2603 2009 ultimo
2633 1967 2910 2030 namque
2941 1949 3202 2011 instanti
3233 1949 3375 2021 viae‚
3401 1949 3466 2009 in
3498 1966 3625 2030 quo
3654 1949 3887 2011 debuit

2376 2045 2659 2127 recipere
2702 2046 3183 2119 beatitudinem,
3221 2064 3346 2108 non
3392 2048 3600 2128 potuit
3642 2066 3887 2128 ponere

2374 2142 2626 2205 obicem
2672 2161 2687 2205 ε
2739 2143 2922 2205 aliter
2973 2144 3131 2205 illud
3180 2144 3423 2206 instans
3472 2162 3598 2206 non
3650 2145 3885 2207 fuisset

2375 2242 2705 2304 terminus.
2742 2243 2862 2305 Sed
2909 2261 3024 2324 pro
3071 2260 3247 2305 mora
3290 2243 3431 2317 vite,
3466 2263 3581 2325 per
3620 2253 3678 2305 te
3721 2244 3881 2306 boni

2372 2348 2434 2401 et
2482 2340 2630 2402 mali
2675 2340 2934 2401 fuerunt
2976 2341 3249 2421 aequales
3303 2341 3367 2403 in
3414 2342 3643 2404 merito
3678 2360 3691 2403 :
3726 2360 3883 2423 ergo

2372 2439 2437 2499 in
2482 2439 2755 2501 termino
2797 2439 3059 2501 fuerunt
3100 2439 3374 2521 aequales
3420 2440 3483 2501 in
3528 2440 3813 2521 praemio.

2451 2537 2603 2599 Dico
2662 2556 2833 2618 erge,
2891 2538 3063 2618 quod
3122 2538 3272 2600 boni
3332 2546 3394 2601 et
3456 2539 3606 2601 mali
3664 2540 3881 2621 angeli

2368 2637 2630 2699 fuerunt
2663 2636 2922 2699 discreti
2962 2637 3043 2699 ad
3084 2638 3359 2700 invicem
3404 2638 3470 2701 in
3505 2639 3610 2700 via
3643 2658 3657 2702 ε
3692 2640 3883 2701 aliter

2371 2753 2498 2797 non
2545 2734 2816 2797 fuissent
2854 2735 3112 2797 discreti
3154 2735 3334 2797 finali
3379 2735 3763 2799 discretione
3807 2738 3879 2799 in

2368 2832 2663 2894 termino.
2716 2832 2785 2894 In
2837 2832 2941 2894 via
3000 2850 3149 2913 ergo
3208 2832 3467 2896 fuerunt
3515 2835 3879 2897 necessario

2370 2932 2510 2993 duae
2551 2948 2761 2993 morae.
2808 2931 2941 2992 Una
2981 2950 3090 2992 seu
3136 2931 3347 3012 prima
3397 2949 3591 3005 mora,
3637 2933 3701 2993 in
3746 2952 3881 3015 qua

756 3036 926 3108 gant,
960 3028 1013 3091 si
1055 3028 1346 3091 diabolus
1387 3035 1635 3090 creatus
1678 3027 1740 3088 in
1776 3028 1996 3108 gratia,
2031 3028 2096 3091 in
2138 3029 2262 3110 pri·
2294 3027 2337 3089 C
2368 3029 2629 3090 fuerunt
2676 3027 3031 3090 uniformes
3083 3028 3145 3090 in
3196 3029 3397 3109 gratia
3442 3030 3525 3111 (si
3574 3030 3877 3093 volumus

758 3146 864 3190 mo
893 3126 1152 3190 instanti
1183 3125 1552 3210 promeruit,
1567 3126 1780 3187 statim
1813 3133 1955 3207 post
1984 3127 2261 3208 primum

757 3226 999 3288 instans
1050 3224 1510 3287 beatitudinem
1559 3224 1931 3305 accepisset,
1974 3225 2097 3286 nisi
2140 3234 2261 3289 stae

757 3324 873 3385 tim
919 3323 1451 3405 impedimentum
1497 3322 1773 3384 dedisset
1818 3324 2155 3404 peccando.
2193 3324 2256 3386 Si

755 3440 908 3485 vero
939 3428 1231 3503 ponatur,
1267 3420 1729 3503 quod‘angelus
1762 3420 1825 3482 in
1855 3422 2057 3501 gratia
2086 3439 2257 3483 crea-

752 3529 856 3583 tus
892 3538 1020 3582 non
1058 3519 1272 3592 fuerit,
1305 3526 1414 3580 aut
1445 3518 1614 3600 quod
1651 3518 1716 3580 in
1757 3518 1963 3599 primo
1994 3519 2255 3581 instanti

753 3627 968 3681 actum
999 3618 1182 3680 liberi
1215 3617 1462 3679 arbitrii
1494 3616 1726 3678 habere
1759 3617 2138 3698 nequiverit,
2164 3618 2255 3679 nil

756 3717 1053 3800 prohibet
1081 3715 1362 3797 aliquam
1400 3732 1642 3777 moram
1677 3714 1841 3776 inter
1869 3715 2252 3778 creationem

755 3822 818 3877 et
863 3815 1112 3897 lapsum
1155 3812 1375 3875 fuisse.
1412 3812 1554 3875 Haec
1598 3811 1887 3875 Thomas.

837 3914 914 3976 Et
945 3913 1113 3975 idem
1155 3911 1498 3973 dicendum
1539 3911 1618 3973 de
1658 3912 1974 3975 creatione
2013 3920 2076 3974 et
2111 3930 2257 3975 con-

755 4011 1048 4075 versione
1086 4010 1457 4091 angelorum
1499 4009 1835 4084 bonorum,
1865 4010 2047 4090 juxta
2084 4012 2255 4093 quod

757 4110 1000 4175 dictum
1045 4117 1163 4183 est,
1216 4109 1439 4171 eodem
1495 4108 1754 4171 instanti
1807 4108 2006 4171 bonos
2054 4108 2255 4173 fuisse

2369 3126 2605 3201 dicere,
2639 3126 2807 3209 quod
2842 3126 2987 3187 mali
3025 3128 3293 3207 gratiam
3328 3127 3735 3210 habuerunt),
3768 3130 3876 3191 vel

2370 3223 2722 3287 uniformes
2763 3224 2984 3286 saltem
3030 3224 3094 3285 in
3136 3234 3378 3288 natura.
3414 3226 3703 3288 Secunda
3742 3246 3878 3289 mo-

2369 3322 2539 3395 ra,in
2570 3341 2695 3404 qua
2725 3322 2933 3383 adhuc
2968 3322 3031 3384 in
3064 3323 3168 3384 via
3196 3323 3877 3399 exsistenteS,fuerunt

2367 3420 2720 3494 difformeS,
2765 3419 2853 3481 ita
2900 3422 3069 3502 quod
3120 3420 3270 3483 boni
3321 3422 3528 3503 angeli
3580 3423 3875 3486 ultimate

2366 3526 2759 3591 meruerunt,
2792 3525 2856 3579 et
2888 3518 3039 3579 mali
3073 3518 3362 3580 ultimate
3392 3519 3867 3582 demeruerunt.

2366 3616 2573 3678 Tertia
2633 3634 2809 3677 mora
2868 3615 2990 3678 fuit
3039 3615 3257 3678 finalis
3305 3617 3630 3680 distinctio
3678 3618 3875 3681 unius

2363 3714 2443 3775 ab
2482 3714 2626 3775 alio,
2664 3750 2740 3757 —
2772 3713 3103 3776 Probabile
3143 3732 3401 3796 quoque
3440 3722 3558 3789 est,
3592 3717 3759 3797 quod
3802 3716 3871 3779 in

2363 3812 2643 3875 secunda
2692 3830 2887 3885 mora,
2935 3811 3000 3873 in
3050 3831 3176 3893 qua
3223 3812 3483 3876 fuerunt
3534 3813 3872 3877 difformes

2363 3910 2428 3973 in
2474 3910 2598 3986 via,
2641 3910 2901 3973 fuerunt
2942 3911 3204 3973 morulae
3248 3912 3464 3975 multae
3505 3932 3519 3976 :
3563 3914 3869 3995 quoniam

2363 4010 2430 4071 in
2471 4009 2581 4071 illa
2622 4008 2771 4072 mali
2810 4016 3237 4091 peccaverunt
3268 4010 3485 4072 multis
3527 4010 3869 4093 speciebus

2363 4109 2629 4190 peccati,
2662 4108 2981 4182 videlicet,
3024 4108 3345 4190 superbia,
3378 4108 3547 4183 odio,
3588 4110 3865 4191 invidia3

758 4225 1097 4273 conversos
1137 4207 1567 4289 reprobosque
1611 4225 1884 4269 aversos
1909 4243 1990 4253 —
2017 4207 2254 4271 Verum
2285 4212 2334 4274 D
2364 4215 2426 4269 et
2470 4206 2535 4269 hi
2583 4214 2761 4269 actus
2811 4205 3097 4269 ordinate
3140 4215 3202 4269 et
3245 4225 3372 4269 non
3423 4226 3552 4270 uno
3601 4208 3865 4271 instanti

757 4310 834 4371 de
884 4308 1003 4370 hac
1051 4326 1118 4369 re
1166 4306 1275 4369 alii
1325 4306 1510 4367 aliter
1557 4306 1862 4380 sentiunt,
1910 4306 2075 4367 sicut
2120 4307 2253 4388 jam

756 4406 983 4489 patuit,
1026 4413 1089 4469 et
1134 4404 1392 4486 patebit.

836 4504 1086 4567 Etenim
1137 4504 1360 4565 Scotus
1415 4519 1428 4563 :
1481 4502 1568 4564 De
1623 4500 1766 4576 hoc,
1818 4502 2049 4585 inquit,
2101 4512 2257 4585 quot

753 4602 1016 4666 fuerunt
1053 4620 1245 4665 morae
1283 4608 1346 4663 et
1385 4608 1635 4683 quantae
1681 4601 1844 4663 inter
1885 4603 2255 4683 angelorum

756 4701 1141 4765 creationem
1180 4708 1244 4763 et
1282 4699 1753 4763 damnationem
1795 4699 1929 4763 sive
1969 4700 2257 4764 salvatio-

755 4819 927 4873 nem,
961 4798 1391 4861 communiter
1420 4797 1655 4859 dicitur
1684 4797 1840 4860 duas
1881 4797 2079 4860 fuisse
2121 4817 2252 4861 mo-

756 4917 855 4960 ras
900 4917 914 4961 :
959 4916 1153 4960 unam
1203 4896 1268 4958 in
1313 4896 1439 4968 via,
1480 4896 1798 4977 aliamque
1843 4896 1909 4958 in
1952 4897 2246 4959 termine.

752 4995 911 5058 Nam
942 4995 1222 5078 ponitur,
1255 4994 1428 5077 quod
1457 5011 1585 5056 non
1616 4993 1810 5055 simul
1843 4994 2255 5076 praemiaban-

753 5101 860 5155 tur
889 5104 952 5156 et
983 5099 1374 5166 meruerunt,
1408 5110 1526 5154 nec
1569 5091 1716 5153 boni
1763 5111 1880 5154 nec
1922 5092 2092 5154 mali.
2129 5093 2250 5155 Sed

753 5200 970 5255 utrum
1031 5192 1237 5275 prima
1294 5209 1473 5253 mora
1523 5190 1586 5253 in
1639 5191 1742 5253 via
1795 5192 1990 5253 fuerit
2038 5192 2247 5266 unica,

754 5292 908 5354 dicit
941 5311 1104 5354 unus
1133 5292 1352 5353 doctor
1381 5290 1551 5373 quod
1584 5290 1714 5351 imo
1745 5308 1756 5351 :
1791 5290 2094 5372 quoniam
2125 5310 2252 5353 om·

2364 4304 2625 4367 fuerunt
2654 4305 2875 4380 eliciti,
2895 4313 2966 4366 ut
2997 4312 3169 4389 patet
3199 4306 3609 4369 distinctione
3640 4307 3867 4389 quinta

2366 4404 2429 4467 in
2480 4404 2819 4486 principio,
2861 4411 2924 4466 et
2971 4412 3069 4465 est
3115 4404 3454 4466 auctoritas
3499 4404 3861 4486 Augustini.

2362 4503 2492 4565 Hoc
2535 4502 2766 4565 iterum
2816 4510 2988 4584 patet
3034 4521 3145 4583 per
3194 4501 3353 4564 illud
3395 4503 3809 4587 Apocalypsis
3844 4522 3860 4567 t

3960 1492 4019 1532 p.
4050 1480 4147 1519 3³7
4164 1477 4221 1519 B.

3986 1772 4214 1817 March.

3914 1848 4068 1885 xxu‘,
4130 1842 4209 1881 12,

2364 4604 2621 4665 Factum
2662 4609 2758 4664 est
2790 4600 3081 4682 praelium
3125 4619 3423 4681 magnum
3464 4601 3531 4663 in
3572 4603 3751 4665 coelo.
3786 4604 3867 4666 Et
3894 4626 4235 4683 apoc,1..‚7‚

2362 4698 2597 4763 dicitur
2641 4700 2752 4773 ibi,
2787 4700 2956 4781 quod
3000 4698 3264 4761 Michael
3310 4698 3463 4761 fecit
3503 4700 3861 4775 victoriam,
3890 4711 3940 4733 ··

2365 4816 2505 4880 quae
2560 4798 2749 4860 cessit
2801 4798 2866 4859 in
2928 4797 3179 4859 laudem
3235 4798 3606 4878 angelorum
3668 4797 3865 4863 bono-

2362 4916 2505 4959 rum
2552 4916 2565 4960 :
2609 4897 2778 4978 quod
2823 4913 2950 4957 non
2994 4893 3118 4956 fuit
3160 4894 3283 4956 nisi
3328 4894 3481 4975 quia
3528 4904 3863 4977 peccatum

2362 4994 2731 5076 angelorum
2777 4994 3089 5056 malorum
3131 4993 3257 5054 fuit
3295 4993 3689 5056 incentivum
3728 5001 3868 5056 ten-

2362 5088 2618 5156 tationis
2668 5093 3005 5167 bonorum,
3052 5092 3160 5175 qui
3211 5092 3624 5155 tentationem
3676 5093 3867 5155 istam

2360 5193 2672 5255 vicerunt.
2716 5193 2922 5266 Quum
2971 5209 3120 5271 ergo
3168 5190 3428 5271 angelus
3478 5189 3685 5255 bonus
3734 5212 3865 5255 non

2360 5292 2555 5354 fuerit
2600 5291 2900 5373 praescius
2945 5290 3329 5363 futurorum,
3366 5288 3543 5370 prius
3587 5289 3711 5351 fuit
3750 5290 3867 5353 eli-
