4334 6242
871 457 952 523 60
1548 477 1614 524 m
1655 478 1877 525 Lunum
1920 477 1965 524 ιι
2003 476 2488 524 snm-ammaum.
2533 493 2614 505 -
2655 476 2807 522 msr.
2855 474 2916 539 13
2959 476 3183 533 QuAEsr.
3229 476 3298 523 111

872 648 1244 711 econtrario.
1300 648 1364 711 Si
1413 657 1626 711 autem
1685 650 1852 711 Deus
1900 657 1993 711 est
2044 667 2233 710 causa
2280 648 2370 710 di·
2399 648 2452 710 A
2480 647 2719 711 ditione
2772 656 2921 710 sunt
2972 648 3334 712 immediate
3382 669 3419 712 a
3468 651 3596 713 Deo
3644 651 3968 733 producta.

872 747 1190 810 versitatis
1233 767 1305 810 ac
1350 747 1592 810 ordinis
1642 767 1876 820 rerum,
1919 756 1980 809 et
2025 749 2209 830 plura
2251 747 2369 809 im-

876 846 1146 908 mediate
1200 847 1578 928 producenS,
1631 865 1758 910 non
1809 846 2070 909 haberet
2121 865 2189 908 se
2241 865 2368 909 uno

875 944 1062 1006 modo
1090 944 1167 1006 ad
1198 944 1434 1018 omnia,
1449 963 1566 1006 nec
1597 953 1763 1007 esset
1793 945 2145 1007 secundum
2180 963 2369 1006 unam

871 1042 1352 1123 dispositionem
1405 1042 1470 1103 in
1515 1042 1832 1104 omnibus.
1867 1078 1948 1087 —
1979 1043 2187 1115 Sexte,
2221 1042 2367 1105 Avi-

871 1159 1093 1214 cenna,
1137 1149 1199 1202 et
1239 1140 1488 1220 Algazel
1537 1140 1601 1202 in
1653 1141 2078 1222 Metaphysica
2125 1161 2260 1216 sua,
2304 1150 2367 1203 et

871 1246 1090 1301 auctor
1129 1238 1276 1301 libri
1315 1240 1393 1300 de
1435 1239 1676 1312 CausiS‚
1715 1257 1792 1300 ex
1838 1239 2186 1301 intentione
2229 1258 2367 1320 pro-

872 1337 1024 1400 bant
1066 1344 1129 1399 et
1173 1345 1388 1399 tenent
1431 1338 1620 1399 istud.

949 1436 1019 1497 ln
1077 1436 1464 1498 contrarium
1524 1444 1619 1497 est
1676 1436 1999 1518 Scriptura
2058 1443 2117 1497 et
2181 1436 2359 1510 rati0,

869 1535 1337 1616 auctoritasque
1379 1536 1775 1604 Sanctorum,
1809 1534 1974 1597 sicut
2016 1535 2279 1616 patebit.

947 1734 1040 1796 Ad
1081 1734 1198 1795 hoc
1237 1733 1677 1795 Bonaventura
1718 1734 2056 1816 respondet
2090 1752 2105 1796 :
2141 1734 2361 1795 Dicere

2478 747 2622 810 Haec
2663 748 3122 810 Bonaventura.

2558 846 2841 928 Denique
2874 847 3024 908 huic
3056 847 3409 909 recitationi
3440 855 3504 908 et
3535 849 3833 930 positioni
3865 850 3976 912 Bo-

2478 955 2842 1008 naventurae
2878 947 3029 1008 satis
3066 947 3405 1008 concordat
3436 948 3764 1029 responsio
3792 949 3974 1011 Alex-

2476 1044 2653 1106 andri
2692 1062 2706 1106 :
2742 1045 2851 1126 qui
2885 1052 3098 1106 tamen
3139 1063 3264 1107 non
3295 1045 3383 1107 ait
3412 1047 3581 1127 quod
3617 1048 3971 1110 secundum

2476 1143 2889 1225 philosophos
2934 1145 3019 1205 ita
3063 1151 3392 1224 ponentes,
3434 1146 3757 1207 materiale
3803 1147 3975 1227 prin-

2476 1239 2717 1320 cipium
2761 1239 2956 1300 fuerit
3000 1258 3124 1302 non
3174 1240 3556 1321 productum
3606 1261 3717 1303 seu
3770 1242 3971 1304 incre-

2473 1346 2669 1400 atum.
2732 1339 2859 1400 Nec
2917 1339 3089 1400 enim
3148 1339 3401 1400 videtur
3458 1340 3579 1402 hoc
3637 1340 3834 1404 fuisse
3892 1343 3971 1404 de

2478 1435 2825 1498 intentione
2866 1437 3207 1499 Avicennae
3244 1445 3306 1498 et
3344 1437 3673 1519 AlgazeliS.
3708 1439 3843 1501 lmo
3881 1440 3973 1501 di-

2476 1541 2705 1596 xerunt
2744 1541 2948 1596 totum
2986 1533 3207 1596 orbem
3247 1535 3330 1597 ab
3370 1535 3791 1617 intelligentia
3830 1556 3972 1600 esse

2477 1632 2855 1713 productum
2900 1650 2914 1694 :
2956 1640 3020 1694 et
3057 1633 3111 1694 si
3155 1634 3453 1696 dixerunt
3497 1653 3688 1696 unam
3738 1634 3975 1698 intelli-

2473 1730 2753 1810 gentiam
2795 1731 3077 1812 potuisse
3120 1731 3319 1794 creari
3357 1731 3440 1793 ab
3477 1733 3623 1806 alia,
3657 1733 3810 1815 quid
3852 1735 3972 1796 mi-

869 1833 1037 1915 quod
1070 1833 1234 1894 Deus
1266 1832 1634 1914 produxerit
1666 1851 1765 1894 res
1798 1851 1911 1915 per
1938 1833 2110 1894 aliud
2141 1851 2357 1913 agenS,
2398 1832 2446 1894 B
2477 1849 2619 1891 rum
2671 1831 2725 1892 si
2776 1850 2975 1892 unum
3026 1831 3247 1893 orbem
3307 1831 3606 1894 dixerunt
3652 1832 3733 1894 ab
3788 1832 3971 1895 intel-

867 1939 964 1993 est
1011 1938 1228 1992 contra
1286 1930 1593 1992 rationem
1643 1938 1706 1992 et
1754 1930 1990 2009 sidem3
2041 1949 2159 1992 nec
2220 1930 2359 2012 capi

869 2037 1097 2111 potest,
1131 2029 1301 2111 quod
1330 2048 1523 2110 agens
1553 2028 1754 2092 sinitae
1789 2029 2087 2111 potentiae
2117 2029 2360 2111 aliquid

867 2148 944 2190 ex
974 2127 1176 2190 nihilo
1204 2127 1523 2208 producat.
1543 2127 1669 2189 Nec
1701 2128 1890 2189 credo
1919 2127 2198 2209 aliquem
2232 2128 2364 2209 phi-

868 2226 1278 2307 losophorum
1330 2226 1450 2288 hoc
1498 2225 1805 2307 posuisse.
1859 2225 1977 2288 Sed
2031 2226 2361 2307 supposito

868 2324 1197 2406 potentiali
1242 2343 1354 2386 seu
1399 2323 1707 2386 materiali
1756 2322 2096 2406 principio,
2144 2324 2359 2405 plures

866 2423 1123 2485 fuerunt
1157 2422 1514 2504 philosophi
1547 2423 1657 2504 qui
1691 2430 2040 2504 posuerunt
2070 2422 2358 2485 ordinem

865 2521 932 2583 in
963 2521 1391 2603 producendo,
1414 2521 1723 2602 gradatim
1756 2522 2219 2595 descendendo,
2242 2521 2360 2584 hoc

868 2619 1054 2681 modo
1097 2638 1112 2684 :
1156 2620 1320 2681 Deus
1371 2638 1571 2701 quum
1620 2619 1702 2680 sit
1749 2619 2012 2682 omnino
2061 2620 2356 2701 simplex,

864 2737 992 2781 non
1038 2718 1337 2799 produxit
1379 2718 1502 2779 nisi
1549 2717 2035 2798 intelligentiam
2087 2718 2359 2799 primam

864 2825 928 2879 et
958 2817 1234 2879 unicam.
1269 2817 1381 2878 Illa
1411 2835 1561 2878 vero
1597 2823 1856 2898 propter
1885 2817 2120 2880 distare
2156 2817 2358 2898 ipsius

864 2935 900 2977 a
943 2914 1150 2996 prima
1191 2933 1401 2987 causa,
1447 2914 1757 2976 intellexit
1801 2933 1867 2976 se
1917 2922 1979 2976 et
2021 2915 2303 2997 primum
2340 2933 2355 2977 :

2476 1928 2735 2007 ligentia
2792 1947 2921 1989 una
2968 1932 3297 1991 creatum?
3340 1929 3663 1991 Materiam
3714 1949 3970 2012 quoque

2474 2025 2849 2088 inferiorum
2911 2034 3261 2108 posuerunt
3312 2026 3393 2088 ab
3454 2026 3680 2089 infima
3740 2028 3971 2090 intelli-

2471 2125 2684 2204 gentia
2727 2143 2863 2186 esse
2915 2124 3310 2206 productam,
3353 2125 3484 2187 imo
3525 2134 3589 2188 et
3630 2127 3965 2189 elementa.

2469 2224 2804 2304 —Itaque
2854 2223 3205 2285 secundum
3252 2224 3706 2299 Alexandrum,
3754 2226 3970 2287 multi-

2475 2321 2645 2394 tudo,
2706 2321 3033 2383 distinctio
3088 2329 3277 2403 atque
3336 2322 3670 2386 diversitas
3728 2343 3966 2398 rerum,

2472 2419 2793 2480 fontaliter
2841 2419 3213 2499 prodierunt
3253 2439 3290 2481 a
3334 2421 3542 2501 primo
3592 2421 3971 2502 productivo

2474 2518 2811 2600 principio,
2857 2519 3039 2598 juxta
3094 2519 3578 2600 dispositionem
3638 2522 3971 2602 sapientiae

2470 2616 2610 2697 ejus
2652 2625 2714 2677 et
2754 2616 3215 2697 exemplarium
3271 2617 3587 2679 rationum
3628 2637 3701 2680 ac
3742 2621 3967 2682 mundi

2469 2714 2817 2796 archetypi.
2863 2715 3103 2796 Nempe
3153 2734 3354 2796 quum
3405 2717 3571 2778 Deus
3619 2717 3703 2779 sit
3753 2737 3967 2780 rerum

2471 2831 2657 2874 causa
2707 2831 2820 2894 per
2870 2813 3289 2886 intellectum,
3336 2813 3471 2895 ipse
3508 2815 3621 2895 qui
3670 2816 3971 2878 universa

2469 2918 2531 2972 et
2566 2911 2817 2992 singula
2858 2911 3049 2974 simul
3097 2912 3377 2993 perfecte
3417 2912 3737 2994 intelligit,
3772 2915 3965 2979 simul

865 3015 1084 3097 sicque
1125 3015 1339 3096 aliquo
1379 3015 1565 3076 modo
1606 3014 1729 3076 fuit
1767 3015 2138 3096 composita,
2174 3023 2234 3076 et
2272 3015 2358 3076 ita
2395 3016 2438 3080 C
2472 3009 2820 3090 producere
2864 3010 3071 3091 potuit
3110 3010 3315 3091 plura,
3347 3018 3412 3072 et
3450 3017 3541 3073 tot
3578 3029 3652 3073 ac
3692 3020 3863 3074 tanta
3904 3023 3969 3076 et

865 3113 1164 3196 produxit
1222 3112 1441 3176 orbem
1503 3133 1690 3174 suum
1749 3121 1812 3174 et
1871 3113 2357 3194 intelligentiam

864 3203 1038 3275 orbis
1089 3212 1391 3290 secundi;
1443 3219 1505 3274 et
1547 3212 1634 3273 ita
1677 3212 1977 3292 deinceps
2028 3231 2230 3294 usque
2278 3213 2356 3274 ad

863 3311 1085 3374 orbem
1145 3311 1312 3372 lunae
1363 3319 1426 3372 et
1476 3309 1958 3390 intelligentiam
2015 3311 2353 3384 decimam,

863 3430 1006 3492 quae
1064 3408 1322 3470 irradiat
1380 3427 1573 3490 super
1628 3409 1872 3470 animas
1929 3417 2177 3471 nostras
2229 3429 2243 3471 ε
2294 3417 2358 3470 et

863 3509 1030 3570 sicut
1057 3515 1154 3570 est
1197 3507 1350 3569 ordo
1395 3506 1460 3568 in
1501 3507 1930 3588 producendo,
1967 3507 2052 3568 ita
2096 3507 2159 3569 in
2210 3507 2359 3569 irra-

863 3607 1114 3668 diando.
1151 3641 1226 3650 —
1257 3606 1491 3667 Verum
1532 3604 1637 3666 hic
1678 3622 1854 3666 error
1890 3604 2122 3666 falsum
2167 3605 2358 3667 habet

865 3705 1376 3788 fundamentum,
1435 3703 1732 3765 videlicet
1794 3703 1963 3784 quod
2032 3703 2357 3765 materiale

864 3802 1256 3884 principium
1316 3819 1442 3863 non
1504 3802 1586 3862 sit
1645 3801 2044 3882 produc-tum.
2110 3802 2353 3863 Falsam

862 3919 1116 3984 quoque
1147 3899 1335 3962 habet
1368 3899 1976 3974 rationem,dicendo
2007 3901 2174 3981 quod
2206 3900 2357 3981 quia

861 3999 1380 4081 simplicissimus
1410 4007 1504 4061 est
1536 4000 1721 4071 Deus,
1747 4017 1873 4060 non
1906 3998 2200 4080 producit
2231 3998 2354 4060 nisi

861 4111 1083 4160 unum.
1119 4099 1252 4160 Imo
1291 4096 1449 4159 ratio
1489 4097 1598 4158 illa
1639 4097 1838 4178 magis
1882 4097 2206 4159 concludit
2246 4115 2356 4178 op-

2470 3107 2639 3182 talia,
2691 3108 2857 3169 sicut
2906 3108 2970 3169 in
3020 3108 3331 3190 sapientia
3380 3128 3493 3171 sua
3542 3110 3855 3192 concepit,
3902 3121 3967 3174 et

2468 3214 2656 3288 prout
2696 3206 2936 3288 placuit
2964 3206 3021 3269 ei
3058 3224 3072 3268 ε
3106 3206 3291 3286 cujus
3333 3215 3460 3268 tam
3500 3209 3967 3290 omnipotentia

2467 3323 2658 3386 quam
2708 3305 3021 3386 sapientia
3060 3323 3135 3366 ac
3180 3304 3459 3379 libertaS,
3505 3325 3765 3388 prorsus
3814 3317 3965 3370 sunt

2467 3403 2759 3476 infinitae,
2804 3403 3305 3477 incoarctabiles‚
3347 3405 3815 3470 efficacissimae
3856 3427 3965 3489 pe-

2467 3501 2767 3582 nitusque
2816 3502 3183 3580 immensae3
3234 3503 3337 3564 cui
3389 3502 3549 3565 nihil
3595 3504 3762 3566 valet
3810 3506 3965 3568 resi·
4006 3516 4233 3560 ”Par-n.

2467 3608 2652 3673 stere‚
2689 3600 2819 3662 imo
2857 3599 2961 3661 cui
3004 3618 3129 3663 non
3174 3601 3569 3683 impossibile
3600 3621 3807 3685 neque
3838 3604 3965 3666 dif-
3992 3583 4227 3690 2⁶⁶¹,st

2467 3697 2641 3760 sicile
2699 3716 2887 3760 omne
2946 3698 3234 3762 verbum.
3298 3701 3441 3764 Hinc
3498 3701 3965 3765 sententialiter

2467 3797 2837 3860 Alexander.

2548 3895 2735 3957 Porro
2781 3895 3051 3957 Thomas
3104 3913 3118 3956 ε
3168 3896 3347 3958 Circa
3393 3898 3535 3971 hoc,
3588 3897 3819 3980 inquit,
3866 3909 3965 3962 est

2467 3993 2698 4075 triplex
2727 3993 2964 4074 opinio.
2992 3994 3258 4066 Quidam
3288 4014 3563 4078 namque
3594 3997 3964 4080 philosophi

2466 4100 2836 4174 posuerunt,
2871 4093 3041 4174 quod
3080 4111 3116 4154 a
3150 4093 3357 4174 prima
3396 4113 3586 4156 causa
3624 4102 3719 4158 est
3762 4116 3961 4160 unum

861 4197 1138 4279 positum
1177 4214 1191 4259 :
1225 4195 1527 4277 quoniam
1573 4202 1810 4276 quanto
1859 4195 2012 4276 quid
2061 4203 2156 4256 est
2206 4194 2356 4255 sim-
2386 4198 2437 4260 D
2468 4191 2751 4273 primum
2784 4199 3189 4261 causatum,a
3218 4210 3347 4273 quo
3377 4202 3631 4256 causata
3660 4194 3787 4256 sint
3816 4196 3961 4259 alia.

862 4294 1094 4378 plicius
1143 4294 1207 4355 in
1254 4300 1500 4366 natura,
1535 4301 1709 4354 tanto
1752 4293 2073 4374 potentius
2116 4300 2249 4371 est;
2294 4299 2359 4354 et

861 4397 1100 4474 quanto
1149 4389 1492 4472 potentiuS,
1542 4397 1716 4451 tanto
1767 4388 1829 4450 in
1883 4391 2066 4470 plura
2124 4397 2351 4472 potest.

861 4491 1068 4564 Quum
1107 4505 1256 4569 ergo
1288 4475 1460 4550 Deus⁴
1493 4486 2010 4568 simplicissimus
2055 4488 2357 4569 potentis-

861 4589 1189 4669 simusque
1236 4585 1559 4658 consistat,
1605 4593 1808 4666 potest
1849 4585 1913 4646 in
1957 4573 2172 4647 omnia
2221 4586 2356 4647 sine

862 4686 1090 4750 medio.
1127 4688 1387 4759 RursuS,
1421 4685 1555 4747 haec
1597 4685 1755 4747 ratio
1795 4685 1887 4746 eis
1929 4693 2255 4767 repugnat.
2292 4685 2355 4747 Si

859 4785 1033 4848 enim
1063 4784 1144 4847 ob
1175 4803 1356 4846 suam
1393 4783 1870 4865 simplicitatem
1900 4802 2025 4844 non
2066 4783 2359 4864 producit

860 4883 985 4947 nisi
1017 4902 1240 4956 unum,
1273 4901 1474 4964 quum
1508 4881 1926 4962 intelligentia
1956 4882 2234 4943 secunda
2267 4881 2360 4943 in-

862 4980 1202 5044 ferioribus
1253 4987 1456 5042 exstet
1505 4979 1881 5061 simplicior,
1925 4998 2040 5041 cur
2089 4979 2152 5042 in
2205 4979 2357 5042 orbe

860 5080 1002 5160 ejus
1044 5078 1247 5160 major
1277 5085 1373 5140 est
1415 5077 1854 5159 multiplicitas
1897 5077 2359 5159 diversitasque

862 5178 1188 5241 stellarum
1235 5196 1426 5259 quam
1469 5177 1534 5238 in
1575 5177 1791 5258 aliquo
1830 5176 1983 5239 orbe
2028 5176 2360 5239 inferiori?

863 5277 1214 5341 Dicendum
1245 5292 1415 5357 erge,
1435 5276 1604 5357 quod
1636 5274 1852 5337 omnia
1882 5275 1946 5337 in
1981 5275 2187 5357 prima
2217 5292 2362 5337 con-

2467 4291 2943 4371 Posueruntque
2986 4309 3177 4351 unam
3232 4290 3715 4372 intelligentiam
3762 4296 3966 4358 creari

2466 4389 2589 4451 alia
2631 4389 2968 4459 mediante,
3003 4395 3066 4450 et
3104 4389 3381 4450 animam
3426 4391 3745 4454 mediante
3784 4393 3969 4455 intel-

2470 4487 2749 4568 ligentia,
2810 4495 2873 4549 et
2937 4486 3329 4568 corporalem
3403 4489 3603 4550 creari
3668 4499 3967 4554 naturam

2470 4585 2786 4648 mediante
2826 4585 3163 4667 spirituali.
3198 4585 3371 4658 Quod
3413 4604 3529 4668 pro
3563 4588 3785 4650 haeresi
3818 4607 3968 4652 con-

2466 4685 2823 4756 demnatur,
2858 4683 3008 4766 quia
3038 4685 3343 4747 honorem
3378 4686 3507 4748 Deo
3533 4686 3820 4748 debitum
3856 4689 3967 4750 tri-

2471 4783 2609 4844 buit
2665 4789 2967 4845 creaturae
3020 4800 3033 4843 :
3086 4783 3254 4845 unde
3316 4783 3675 4866 propinqua
3732 4792 3827 4846 est
3882 4787 3963 4848 ad

2468 4880 2847 4942 trahendum
2898 4880 2962 4941 in
3010 4881 3449 4944 idololatriam.
3500 4916 3581 4928 -
3628 4883 3754 4945 Alii
3812 4903 3967 4965 ergo

2468 4979 2786 5052 dixerunt,
2821 4979 2991 5060 quod
3028 4980 3263 5042 creatio
3298 4980 3457 5041 nulli
3500 4981 3799 5044 convenit
3834 5001 3969 5045 cre-

2466 5086 2685 5150 aturae,
2740 5096 2948 5159 neque
3007 5079 3571 5141 communicabilis
3628 5087 3746 5154 est,
3798 5081 3968 5144 sicut

2468 5195 2585 5237 nec
2618 5174 2873 5237 infinita
2904 5175 3409 5258 potentia,quam
3438 5177 3777 5240 creationis
3808 5196 3966 5260 opus

2472 5273 2759 5354 requirit.
2796 5310 2875 5319 —-
2918 5274 3121 5336 Ceteri
3166 5284 3538 5356 posuerunt,
3576 5276 3967 5340 creationem
