4334 6242
778 459 900 529 268

1446 482 1511 529 IN
1550 483 1771 530 Lunum
1812 483 1857 529 11
1896 481 2378 529 SENTENTIARUM.
2421 499 2502 510 -·
2541 482 2693 528 mST.
2741 483 2848 546 1113
2891 483 3115 540 QUAEST.
3155 485 3218 530 vl

780 654 1209 728 Quorumdam
1239 676 1390 722 vero
1430 666 1668 721 naturae
1706 664 1855 718 sunt
1890 674 2005 737 per
2032 673 2101 716 se
2130 654 2277 716 sub·
2305 650 2356 714 A
2384 669 2464 732 go
2511 651 2594 714 sit
2639 653 2774 726 Dei,
2817 654 3078 734 angelus
3127 655 3328 717 Deum
3386 674 3501 738 per
3547 674 3726 718 suam
3779 673 3898 719 co-

780 754 1074 817 sistentes
1133 757 1269 818 sine
1328 757 1610 830 materia,
1671 775 1813 837 quae
1869 763 2081 816 tamen
2145 771 2272 814 non

780 861 929 914 sunt
960 873 1146 914 suum
1177 873 1337 926 essc,
1374 863 1441 916 ut
1470 854 1696 936 angeli.
1733 855 1860 915 Deo
1891 862 2102 914 autem
2134 868 2276 933 pro-

780 950 992 1031 prium
1023 959 1134 1025 est,
1152 953 1320 1034 quod
1350 961 1445 1014 est
1476 972 1665 1014 suum
1694 970 1852 1014 esse.
1879 951 2095 1032 ltaque
2127 967 2273 1011 con-

780 1049 1062 1112 naturale
1100 1059 1196 1112 est
1235 1051 1420 1114 nobis
1460 1068 1838 1132 cognoscere
1878 1069 1951 1111 ea
1990 1068 2131 1130 quae
2170 1048 2276 1108 ha-

778 1145 931 1208 bent
970 1167 1105 1209 esse
1147 1148 1212 1210 in
1256 1149 1517 1210 materia
1561 1149 1956 1220 individuali,
1990 1165 2065 1208 eo
2102 1147 2272 1228 quod

776 1244 988 1306 anima
1028 1253 1241 1308 nostra
1284 1246 1489 1309 forma
1530 1255 1625 1308 est
1664 1247 1965 1328 corporis.
2001 1246 2148 1318 Quae
2189 1253 2275 1307 ta-

778 1361 925 1403 men
955 1343 1113 1405 duas
1143 1344 1333 1406 habet
1362 1345 1529 1406 vires
1562 1344 2053 1426 cognoscitivas:
2080 1361 2273 1403 unam

776 1440 1161 1521 organicam,
1182 1442 1285 1503 cui
1317 1443 1724 1504 connaturale
1754 1449 1849 1502 est
1881 1458 2141 1503 noscere
2173 1458 2272 1501 res

776 1539 1130 1601 secundum
1180 1541 1349 1621 quod
1400 1547 1549 1602 sunt
1599 1541 1663 1602 in
1716 1539 2089 1601 individuali
2144 1557 2273 1599 ma-

776 1638 953 1699 teria.
1007 1638 1145 1699 Alia
1200 1646 1296 1700 est
1354 1639 1737 1718 inorganica,
1790 1638 2035 1700 scilicet
2094 1637 2275 1698 inte-l-

779 1736 1002 1809 lectuS,
1064 1736 1167 1798 cui
1228 1737 1524 1799 convenit
1581 1754 1959 1816 cognoscere
2018 1744 2272 1797 naturas

2384 751 2632 830 gnoscit
2679 753 3042 826 essentiam,
3097 753 3160 815 in
3211 761 3520 835 quantum
3583 755 3720 836 ipsa
3768 774 3902 817 sua

2384 850 2659 912 essentia
2715 859 2806 912 est
2869 851 2978 913 Dei
3040 852 3412 914 similitudo.
3473 853 3612 915 Non
3667 862 3898 915 tamen

2385 949 2495 1009 Dei
2529 948 2701 1010 videt
2731 950 3072 1012 essentiam
3105 969 3219 1032 per
3248 952 3390 1024 hoc,
3415 951 3715 1032 quoniam
3743 953 3901 1014 nul-

2389 1045 2446 1107 la
2489 1047 2843 1110 similitudo
2892 1056 3100 1110 creata
3149 1049 3482 1112 sufficiens
3530 1057 3625 1111 est
3665 1051 3742 1112 ad
3793 1070 3899 1112 re-

2387 1148 2886 1225 praesentandam
2946 1147 3226 1209 divinam
3285 1147 3646 1210 essentiam.
3707 1149 3898 1210 Unde

2384 1249 2446 1304 et
2492 1243 2612 1304 ista
2655 1243 2933 1324 cognitio
2983 1245 3182 1325 magis
3227 1263 3295 1306 sc
3339 1252 3512 1307 tenet
3555 1264 3700 1307 cum
3744 1265 3898 1327 spe-

2385 1339 2582 1402 culari
2617 1341 3025 1423 notitia‚quia
3059 1350 3282 1404 natura
3309 1343 3595 1424 angelica
3623 1352 3718 1406 est
3747 1363 3898 1425 spe-

2385 1439 2602 1500 culum
2663 1439 2981 1521 quoddam
3041 1441 3326 1503 divinam
3389 1441 3892 1504 similitudinem

2385 1546 2863 1616 repraesentans.
2898 1539 3040 1601 Haec
3085 1539 3196 1601 ibi.

2455 1634 2737 1717 Denique
2767 1637 2846 1698 de
2878 1638 2996 1699 hac
3028 1637 3164 1718 ipsa
3197 1639 3458 1700 materia
3489 1638 3710 1701 scribit
3739 1638 3898 1700 sub-

2387 1732 2561 1794 tilius
2599 1733 2664 1794 in
2696 1733 2958 1795 Summa
2987 1742 3204 1796 contra
3235 1735 3534 1808 GentileS,
3569 1735 3732 1797 libro
3763 1743 3897 1797 ter-

779 1835 843 1895 in
879 1835 1139 1896 materia
1170 1836 1428 1916 quidem
1464 1835 1839 1896 individuali
1870 1834 2268 1905 exsistentes,
2310 1830 2357 1892 B
2388 1830 2496 1902 tio,
2531 1831 2810 1912 capitulo
2858 1833 3341 1913 quadragesimo
3389 1851 3558 1896 nono
3601 1852 3614 1896 :
3658 1834 3890 1906 Causa,

779 1951 905 1994 non
938 1941 1145 1995 tamen
1178 1934 1529 1995 secundum
1562 1934 1729 2015 quod
1763 1941 1908 1994 sunt
1940 1933 2004 1994 in
2035 1952 2129 2006 ea,
2162 1934 2271 1994 scd

780 2039 847 2092 ut
896 2040 1045 2093 sunt
1090 2032 1170 2093 ab
1218 2051 1291 2094 ea
1350 2051 1463 2114 per
1512 2031 2082 2094 considerationem
2137 2031 2276 2092 abs-

777 2137 991 2193 tracta.
1040 2131 1269 2212 Sicque
1319 2148 1431 2212 per
1480 2130 1873 2192 intellectum
1922 2138 2276 2191 noscuntur

776 2229 843 2290 in
892 2228 1233 2290 universali
1288 2247 1301 2292 z
1354 2228 1521 2310 quod
1573 2236 1669 2290 est.
1716 2247 1909 2310 supra
1967 2247 2271 2290 sensuum

698 2333 706 2339 '
774 2326 1537 2389 facultatem.1ntellectui
1569 2335 1783 2388 autem
1812 2327 2100 2407 angelico
2132 2344 2275 2388 con-

775 2425 1060 2486 naturale
1118 2433 1215 2488 est
1262 2442 1640 2506 cognoscere
1700 2432 1955 2486 naturas
2014 2444 2155 2506 quae
2205 2424 2272 2485 in

775 2523 1038 2585 materia
1081 2541 1207 2584 non
1252 2531 1399 2585 sunt
1447 2541 1460 2584 :
1507 2523 1675 2604 quod
1719 2523 1966 2585 excedit
2008 2521 2272 2584 faculta-

773 2629 905 2682 tem
946 2621 1305 2683 intellectus
1348 2621 1611 2682 humani
1644 2621 1707 2681 in
1744 2628 1907 2682 statu
1950 2621 2266 2701 praesenti.

774 2718 1176 2800 Relinquitur
1212 2737 1359 2798 ergo
1412 2719 1578 2799 quod
1630 2736 2007 2798 cognoscere
2059 2718 2270 2798 ipsum

774 2834 913 2876 esse
946 2816 1299 2878 subsistens
1337 2815 1400 2877 in
1442 2835 1532 2888 se,
1566 2816 1683 2876 soli
1729 2815 2077 2877 intellectui
2110 2815 2271 2877 divi-

775 2931 859 2974 no
888 2914 971 2975 sit
1000 2913 1428 2986 connaturale,
1452 2922 1515 2975 et
1543 2913 1753 2975 omnis
1784 2920 2006 2976 creatae
2039 2914 2272 2976 mentis

2388 1928 2706 2010 inquiens,
2740 1949 2816 1990 ex
2859 1948 2974 1992 suo
3013 1930 3249 1993 effectu
3294 1932 3734 2013 multipliciter
3775 1949 3895 2012 po·

2389 2034 2508 2088 test
2548 2029 2862 2108 cognosci.
2897 2028 3127 2102 Prim0,
3163 2038 3348 2111 prout
3380 2029 3650 2092 effectus
3692 2029 3898 2091 sumi-

2385 2133 2490 2186 tur
2520 2135 2588 2187 ut
2623 2126 2903 2188 medium
2934 2128 3013 2188 ad
3045 2129 3552 2206 cognoscendum
3585 2129 3663 2190 de
3696 2147 3898 2190 causa

2386 2225 2553 2305 quod
2601 2225 2703 2298 sit,
2749 2234 2810 2286 ct
2851 2225 3018 2306 quod
3063 2226 3201 2287 talis
3247 2227 3378 2290 sit:
3419 2234 3485 2288 ut
3533 2227 3610 2288 fit
3655 2225 3718 2288 in
3763 2227 3894 2288 sci-

2383 2323 2596 2396 entiiS,
2648 2341 2790 2403 quae
2846 2342 3102 2384 causam
3163 2343 3276 2405 per
3331 2323 3636 2386 effectum
3692 2343 3892 2386 suum

2385 2420 2838 2482 demonstrant.
2893 2421 3184 2483 Secundo
3233 2423 3346 2494 sic,
3397 2423 3568 2505 quod
3618 2423 3682 2484 in
3741 2423 3893 2504 ipso

2383 2518 2620 2580 effectu
2655 2537 2843 2581 causa
2873 2520 3324 2601 conspiciatur,
3359 2521 3424 2582 in
3455 2528 3762 2603 quantum
3798 2521 3889 2582 si-

2385 2616 2680 2678 militudo
2728 2635 2932 2678 causae
2978 2617 3041 2678 in
3086 2616 3322 2679 effectu
3369 2618 3676 2680 resultat:
3715 2619 3890 2680 sicut

2383 2714 2574 2776 homo
2614 2733 2726 2795 per
2765 2715 3251 2777 similitudinem
3295 2735 3477 2778 suam
3519 2717 3769 2779 videtur
3815 2717 3890 2779 in

2383 2811 2663 2893 speculo.
2711 2813 2787 2874 Et
2835 2811 3055 2874 diflert
3103 2814 3208 2875 hic
3257 2814 3482 2875 modus
3522 2834 3560 2876 a
3609 2815 3821 2896 primo
3869 2835 3886 2878 t

2383 2910 2534 2991 quia
2574 2910 2634 2971 in
2680 2910 2888 2992 primo
2928 2918 3074 2972 sunt
3107 2912 3247 2974 duae
3281 2912 3695 2992 cognitioneS,
3728 2912 3892 2975 effe-

774 3010 1139 3073 facultatem
1186 3012 1585 3073 transcendat
1628 3029 1642 3072 :
1686 3011 1837 3092 quia
1885 3011 2061 3073 nulla
2104 3031 2272 3074 crea·
2309 3011 2352 3074 C
2384 3017 2522 3070 ctus
2553 3016 2616 3069 et
2646 3027 2872 3082 causat,
2907 3027 3175 3090 quarum
3219 3029 3344 3071 una
3376 3018 3472 3072 est
3501 3029 3692 3073 causa
3729 3011 3888 3073 alte-

773 3118 915 3172 tura
956 3117 1050 3172 est
1094 3129 1281 3172 suum
1326 3129 1485 3180 esse,
1520 3111 1627 3171 sed
1674 3110 1863 3172 habet
1902 3129 2038 3172 esse
2083 3111 2272 3192 parti-

774 3208 1076 3289 cipatum.
1112 3208 1255 3270 Haec
1294 3208 1563 3270 Thomas
1608 3207 1671 3269 in
1717 3209 1995 3270 Summa.

854 3307 1120 3387 insuper
1175 3306 1241 3368 in
1298 3306 1516 3367 eadem
1579 3307 1859 3378 Summa,
1921 3306 2270 3387 quaestione

776 3403 1303 3485 quinquagesima
1354 3412 1527 3466 sexta
1562 3423 1576 3466 z
1611 3404 1991 3485 Tripliciter,
2037 3404 2266 3485 inquit,

775 3501 1178 3582 cognoscitur
1230 3501 1492 3582 aliquid.
1544 3501 1775 3575 Primo,
1828 3521 1943 3583 per
2002 3521 2272 3582 praesen-

772 3599 928 3660 tiam
978 3598 1267 3660 essentiae
1321 3617 1450 3660 suae
1500 3598 1564 3659 in
1614 3607 2053 3678 cognoscente,
2105 3599 2272 3660 sicut

774 3696 827 3757 si
876 3695 983 3756 lux
1026 3695 1316 3756 videatur
1364 3694 1430 3756 in
1478 3695 1664 3756 oculo
1710 3712 1723 3755 ε
1764 3703 1826 3756 et
1868 3695 1960 3756 sic
2008 3696 2269 3775 angelus

774 3812 843 3856 se
886 3793 1097 3874 ipsum
1145 3791 1461 3872 intelligit.
1498 3792 1809 3864 Secundo,
1846 3811 1960 3874 per
2002 3811 2273 3874 praesen-

774 3891 925 3953 tiam
970 3890 1411 3952 similitudinis
1451 3910 1581 3953 sum
1623 3890 1686 3952 in
1725 3891 2006 3972 potentia
2046 3910 2271 3971 cogno-

774 3989 1017 4052 scitiva.
1062 3989 1292 4061 Tertio,
1338 4007 1452 4070 per
1509 3988 1627 4051 hoc
1687 3989 1857 4070 quod
1916 3988 2271 4051 similitudo

773 4088 864 4149 rei
906 4088 1172 4168 cognita)
1214 4086 1490 4148 sumitur
1527 4105 1654 4148 non
1691 4085 2058 4148 immediate-
2097 4105 2133 4148 a
2174 4105 2272 4148 co-

2384 3106 2516 3167 rius
2563 3107 2870 3188 (cognitio
2928 3106 3167 3189 quippe
3224 3107 3494 3170 effectus
3546 3115 3642 3170 cst
3687 3128 3888 3171 causa

2384 3205 2763 3285 cognitionis
2809 3224 2938 3266 sua>
2982 3206 3246 3285 causae);
3287 3206 3398 3267 sed
3443 3205 3508 3267 in
3554 3208 3743 3268 modo
3783 3225 3888 3268 se-

2383 3303 2592 3364 cundo
2636 3311 2732 3364 est
2776 3321 2900 3364 una
2949 3303 3224 3383 cognitio
3269 3303 3600 3387 utriusque
3635 3325 3648 3368 :
3683 3305 3887 3368 simul

2381 3399 2553 3462 enim
2586 3400 2737 3460 dum
2770 3399 3022 3460 videtur
3049 3398 3342 3474 effectuS,
3369 3401 3619 3463 videtur
3646 3410 3710 3463 et
3739 3421 3890 3466 cau-

2383 3517 2451 3559 sa
2483 3498 2546 3559 in
2581 3498 2736 3579 ipso.
2773 3497 2982 3560 Tertio
3012 3497 3118 3570 ita,
3151 3499 3322 3579 quod
3354 3498 3707 3562 similitudo
3737 3519 3889 3563 cau-

2383 3616 2468 3660 sae
2498 3596 2562 3657 in
2594 3595 2854 3669 effectu,
2888 3596 2970 3657 sit
3000 3594 3206 3658 forma
3233 3583 3358 3678 qua
3385 3599 3705 3678 cognoscit
3739 3617 3890 3660 cau—

2383 3713 2516 3756 sam
2551 3713 2703 3756 suus
2733 3692 3004 3756 eftectus
3034 3711 3047 3754 :
3083 3695 3620 3775 quemadmodum
3652 3695 3703 3757 si
3735 3715 3892 3759 arca

2382 3792 2642 3854 haberet
2684 3791 3100 3866 intellectum,
3133 3800 3196 3854 et
3235 3811 3349 3873 per
3387 3793 3656 3855 sormam
3699 3813 3888 3856 suam

2383 3898 2790 3970 cognosceret
2837 3897 3036 3951 artem
3085 3909 3122 3951 a
3162 3909 3289 3971 qua
3335 3891 3541 3953 forma
3589 3911 3702 3954 sua
3751 3899 3892 3954 tan-

2383 4006 2574 4069 quam
2613 3987 2753 4068 ejus
2791 3988 3145 4050 similitudo
3187 3990 3512 4070 processit.
3547 3989 3736 4052 Nullo
3773 3990 3890 4052 ho-

2383 4107 2524 4148 rum
2569 4087 2902 4148 modorum
2943 4094 3149 4167 potest
3179 4105 3292 4168 per
3321 4087 3625 4150 effectum
3659 4105 3894 4169 cogno-

773 4186 969 4267 gnitO,
1006 4187 1114 4247 sed
1156 4204 1193 4246 a
1230 4205 1296 4247 re
1334 4185 1459 4246 alia
1499 4185 1563 4245 in
1604 4204 1728 4267 qua
1769 4184 2122 4246 similitudo
2164 4184 2271 4246 illa
2302 4191 2353 4252 D
2384 4185 2472 4246 sci
2521 4184 2598 4246 de
2643 4203 2831 4246 causa
2877 4184 3030 4265 quid
3077 4185 3178 4258 sit,
3213 4185 3336 4246 nisi
3381 4186 3462 4247 sit
3502 4185 3772 4248 effectus
3817 4187 3892 4249 in

775 4283 1085 4344 resultat:
1122 4290 1191 4343 ut
1232 4302 1432 4364 quum
1479 4282 1731 4344 videtur
1779 4282 1969 4344 homo
2015 4283 2077 4344 in
2130 4301 2272 4364 spe-

774 4380 937 4442 culo.
972 4379 1195 4442 Primae
1239 4379 1583 4459 cognitioni
1626 4379 2015 4441 assimilatur
2057 4381 2271 4460 cogni-

776 4478 863 4541 tio
909 4498 1032 4559 qua
1076 4478 1240 4539 Deus
1285 4497 1399 4558 per
1442 4478 1781 4538 essentiam
1828 4478 2109 4538 cernitur
2144 4478 2268 4540 :ad

776 4595 966 4659 quam
1028 4576 1452 4656 cognitionem
1514 4575 1727 4637 nullus
1790 4595 1902 4656 per
1960 4575 2272 4636 naturalia

775 4694 889 4736 sua
931 4675 1287 4755 pertingere
1318 4674 1503 4734 vale-t.
1539 4674 1761 4736 Tertiae.
1794 4673 2137 4753 cognitioni
2179 4693 2273 4735 as—

777 4772 1096 4834 similatur
1144 4771 1422 4852 cognitio
1479 4771 1590 4833 Dei
1638 4791 1763 4853 qua
1818 4791 1967 4834 cum
2028 4772 2091 4832 in
2141 4771 2272 4833 vita

774 4871 893 4934 hac
940 4891 1051 4952 per
1093 4877 1411 4932 creaturas
1452 4871 1912 4950 cognoscimus,
1948 4871 2115 4931 luter
2159 4871 2271 4932 has

778 4970 987 5032 media
1026 4977 1121 5030 est
1152 4967 1429 5048 cognitio
1460 4987 1585 5049 qua
1621 4968 1881 5048 angelus
1919 4970 2119 5030 Deum
2160 4988 2273 5050 per

778 5067 1091 5130 naturalia
1127 5085 1241 5128 sua
1271 5065 1614 5146 cognoscit,
1648 5072 1709 5126 et
1739 5066 2129 5127 assimilatur
2162 5085 2271 5128 no-

774 5166 931 5230 titiae
976 5185 1101 5248 qua
1149 5185 1247 5227 res
1292 5163 1544 5226 videtur
1592 5183 1703 5244 per
1750 5164 2030 5245 speciem
2080 5165 2159 5226 ab
2199 5185 2271 5227 ea

776 5272 1123 5346 acceptam.
1161 5263 1363 5338 Quum
1396 5262 1567 5326 enim
1607 5269 1831 5324 natura
1868 5263 2074 5344 angeli
2118 5263 2270 5325 ima—

2383 4301 2510 4363 quo
2541 4289 2668 4343 tota
2700 4281 2902 4344 virtus
2935 4301 3140 4345 causae
3178 4283 3473 4344 reluceat.
3509 4285 3697 4346 Porro
3735 4284 3891 4346 sub-

2383 4379 2630 4442 stantiae
2659 4387 2961 4460 separatae
2993 4387 3381 4460 cognoscunt
3413 4382 3612 4444 Deum
3645 4401 3759 4463 per
3789 4403 3893 4444 su-

2380 4497 2448 4540 as
2498 4477 2824 4550 essentiaS,
2869 4478 3033 4539 sicut
3083 4479 3486 4558 cognoscitur
3531 4499 3722 4542 causa
3772 4501 3892 4562 per

2383 4595 2570 4638 suum
2611 4575 2918 4637 effectum
2954 4595 2966 4639 :
3003 4594 3130 4638 non
3171 4584 3384 4639 autem
3427 4576 3635 4658 primo
3669 4579 3882 4649 modo,

2381 4672 2533 4755 quia
2577 4674 2669 4735 sic
2709 4692 2928 4736 eorum
2973 4674 3249 4754 cognitio
3289 4684 3456 4737 esset
3495 4676 3882 4755 discursiva3

2381 4773 2491 4833 sed
2533 4772 2811 4834 secundo
2847 4772 3055 4846 modo,
3093 4772 3154 4834 in
3195 4781 3506 4855 quantum
3547 4793 3674 4835 una
3708 4775 3886 4838 videt

2382 4870 2582 4931 Deum
2617 4869 2677 4930 in
2711 4869 2864 4948 alia;
2883 4870 3067 4932 tertio
3097 4888 3350 4952 quoque
3381 4871 3582 4947 modo,
3600 4872 3662 4933 in
3689 4893 3886 4954 quan-

2381 4976 2518 5030 tum
2578 4968 2878 5049 quaelibet
2931 4988 3149 5030 earum
3199 4969 3372 5031 videt
3425 4972 3627 5032 Deum
3687 4972 3750 5034 in
3811 4993 3883 5036 se

2382 5067 2537 5147 ipsa.
2554 5067 2888 5148 Quumque
2920 5067 3096 5128 nulla
3125 5087 3342 5129 earum
3375 5069 3457 5130 sit
3479 5069 3752 5132 effectus
3782 5073 3888 5134 ad-

2381 5173 2664 5245 aequatus
2697 5165 2950 5227 virtutis
2990 5165 3244 5238 divinae,
3277 5184 3405 5229 non
3445 5174 3540 5230 est
3575 5170 3884 5250 possibile

2385 5272 2454 5325 ut
2504 5282 2618 5345 per
2659 5264 2831 5325 hunc
2883 5265 3142 5327 modum
3194 5265 3572 5345 cognitionis
3624 5267 3882 5332 videant
