<?xml version="1.0" encoding="UTF-8"?>
<!DOCTYPE html PUBLIC "-//W3C//DTD XHTML 1.0 Transitional//EN"
    "http://www.w3.org/TR/xhtml1/DTD/xhtml1-transitional.dtd">
<html xmlns="http://www.w3.org/1999/xhtml" xml:lang="en" lang="en">
 <head>
  <title>
</title>
<meta http-equiv="Content-Type" content="text/html;charset=utf-8" />
  <meta name='ocr-system' content='tesseract 3.04.00' />
  <meta name='ocr-capabilities' content='ocr_page ocr_carea ocr_par ocr_line ocrx_word'/>
</head>
<body>
  <div class='ocr_page' id='page_1' title='image "./doctorisecstati01denigoog_0548.png"; bbox 0 0 4334 6242; ppageno 0'>
   <div class='ocr_carea' id='block_1_1' title="bbox 828 495 950 567">
    <p class='ocr_par' dir='ltr' id='par_1_1' title="bbox 828 495 950 567">
     <span class='ocr_line' id='line_1_1' title="bbox 828 495 950 567; baseline 0.008 -1"><span class='ocrx_word' id='word_1_1' title='bbox 828 495 950 567; x_wconf 80' lang='lat'><strong>506</strong></span> 
     </span>
    </p>
   </div>
   <div class='ocr_carea' id='block_1_2' title="bbox 1495 516 3271 580">
    <p class='ocr_par' dir='ltr' id='par_1_2' title="bbox 1495 516 3271 580">
     <span class='ocr_line' id='line_1_2' title="bbox 1495 516 3271 580; baseline -0.002 -14"><span class='ocrx_word' id='word_1_2' title='bbox 1495 521 1560 568; x_wconf 76' lang='lat' dir='ltr'><strong>IN</strong></span> <span class='ocrx_word' id='word_1_3' title='bbox 1599 521 1822 566; x_wconf 73' lang='lat' dir='ltr'><strong>Lunum</strong></span> <span class='ocrx_word' id='word_1_4' title='bbox 1863 521 1908 566; x_wconf 89' lang='lat'><strong>11</strong></span> <span class='ocrx_word' id='word_1_5' title='bbox 1949 519 2431 566; x_wconf 68' lang='lat' dir='ltr'><strong>SENTENTIARUM.</strong></span> <span class='ocrx_word' id='word_1_6' title='bbox 2476 535 2557 546; x_wconf 89' lang='grc'><strong>--·</strong></span> <span class='ocrx_word' id='word_1_7' title='bbox 2597 517 2750 564; x_wconf 83' lang='lat' dir='ltr'><strong>DIST.</strong></span> <span class='ocrx_word' id='word_1_8' title='bbox 2793 517 2896 580; x_wconf 75' lang='lat'><strong>113</strong></span> <span class='ocrx_word' id='word_1_9' title='bbox 2940 517 3163 574; x_wconf 74' lang='lat' dir='ltr'><strong>QUAEST.</strong></span> <span class='ocrx_word' id='word_1_10' title='bbox 3208 516 3271 563; x_wconf 81' lang='lat' dir='ltr'><strong>lv</strong></span> 
     </span>
    </p>
   </div>
   <div class='ocr_carea' id='block_1_3' title="bbox 828 681 3935 770">
    <p class='ocr_par' dir='ltr' id='par_1_3' title="bbox 828 681 3935 770">
     <span class='ocr_line' id='line_1_3' title="bbox 828 681 3935 770; baseline -0.002 -16"><span class='ocrx_word' id='word_1_11' title='bbox 828 692 1109 755; x_wconf 81' lang='lat' dir='ltr'><strong>actiones</strong></span> <span class='ocrx_word' id='word_1_12' title='bbox 1138 711 1210 754; x_wconf 91' lang='lat' dir='ltr'><strong>ac</strong></span> <span class='ocrx_word' id='word_1_13' title='bbox 1241 691 1742 754; x_wconf 82' lang='lat' dir='ltr'><strong>distributiones.</strong></span> <span class='ocrx_word' id='word_1_14' title='bbox 1775 690 1913 753; x_wconf 94' lang='lat' dir='ltr'><strong>Non</strong></span> <span class='ocrx_word' id='word_1_15' title='bbox 1950 690 2122 751; x_wconf 90' lang='lat' dir='ltr'><strong>enim</strong></span> <span class='ocrx_word' id='word_1_16' title='bbox 2156 707 2329 750; x_wconf 90' lang='lat' dir='ltr'><strong>com·</strong></span> <span class='ocrx_word' id='word_1_17' title='bbox 2358 681 2410 750; x_wconf 87' lang='grc' dir='ltr'><strong>Α</strong></span> <span class='ocrx_word' id='word_1_18' title='bbox 2442 686 2819 770; x_wconf 80' lang='lat' dir='ltr'><strong>loquebatur</strong></span> <span class='ocrx_word' id='word_1_19' title='bbox 2850 687 2915 750; x_wconf 91' lang='lat' dir='ltr'><strong>in</strong></span> <span class='ocrx_word' id='word_1_20' title='bbox 2948 687 3545 769; x_wconf 87' lang='lat' dir='ltr'><strong>me‚egrediebatur.</strong></span> <span class='ocrx_word' id='word_1_21' title='bbox 3566 686 3642 749; x_wconf 89' lang='lat' dir='ltr'><strong>Et</strong></span> <span class='ocrx_word' id='word_1_22' title='bbox 3669 687 3748 749; x_wconf 88' lang='lat' dir='ltr'><strong>de</strong></span> <span class='ocrx_word' id='word_1_23' title='bbox 3779 705 3935 768; x_wconf 81' lang='lat' dir='ltr'><strong>prae·</strong></span> 
     </span>
    </p>
   </div>
   <div class='ocr_carea' id='block_1_4' title="bbox 819 787 2329 1835">
    <p class='ocr_par' dir='ltr' id='par_1_4' title="bbox 819 787 2329 1835">
     <span class='ocr_line' id='line_1_4' title="bbox 829 787 2328 866; baseline -0.003 -14"><span class='ocrx_word' id='word_1_24' title='bbox 829 790 994 866; x_wconf 92' lang='lat' dir='ltr'><strong>buri,</strong></span> <span class='ocrx_word' id='word_1_25' title='bbox 1047 791 1282 852; x_wconf 88' lang='lat' dir='ltr'><strong>dicitur</strong></span> <span class='ocrx_word' id='word_1_26' title='bbox 1328 809 1466 852; x_wconf 90' lang='lat' dir='ltr'><strong>esse</strong></span> <span class='ocrx_word' id='word_1_27' title='bbox 1515 789 1807 852; x_wconf 78' lang='lat' dir='ltr'><strong>officium</strong></span> <span class='ocrx_word' id='word_1_28' title='bbox 1861 787 2328 850; x_wconf 88' lang='lat' dir='ltr'><strong>combustibili-</strong></span> 
     </span>
     <span class='ocr_line' id='line_1_5' title="bbox 826 887 2329 970; baseline -0.001 -19"><span class='ocrx_word' id='word_1_29' title='bbox 826 908 958 963; x_wconf 91' lang='lat' dir='ltr'><strong>um,</strong></span> <span class='ocrx_word' id='word_1_30' title='bbox 993 896 1064 950; x_wconf 89' lang='lat' dir='ltr'><strong>ut</strong></span> <span class='ocrx_word' id='word_1_31' title='bbox 1103 889 1443 970; x_wconf 89' lang='lat' dir='ltr'><strong>lignorum,</strong></span> <span class='ocrx_word' id='word_1_32' title='bbox 1477 888 1630 970; x_wconf 92' lang='lat' dir='ltr'><strong>quia</strong></span> <span class='ocrx_word' id='word_1_33' title='bbox 1667 887 1960 949; x_wconf 79' lang='lat' dir='ltr'><strong>officium</strong></span> <span class='ocrx_word' id='word_1_34' title='bbox 2001 894 2183 948; x_wconf 89' lang='lat' dir='ltr'><strong>sonat</strong></span> <span class='ocrx_word' id='word_1_35' title='bbox 2222 904 2329 968; x_wconf 90' lang='lat' dir='ltr'><strong>po-</strong></span> 
     </span>
     <span class='ocr_line' id='line_1_6' title="bbox 823 984 2324 1068; baseline -0.003 -18"><span class='ocrx_word' id='word_1_36' title='bbox 823 995 1135 1050; x_wconf 78' lang='lat' dir='ltr'><strong>testatem.</strong></span> <span class='ocrx_word' id='word_1_37' title='bbox 1174 989 1347 1050; x_wconf 90' lang='lat' dir='ltr'><strong>Unde</strong></span> <span class='ocrx_word' id='word_1_38' title='bbox 1396 996 1459 1050; x_wconf 90' lang='lat' dir='ltr'><strong>et</strong></span> <span class='ocrx_word' id='word_1_39' title='bbox 1499 988 1669 1068; x_wconf 87' lang='lat' dir='ltr'><strong>apud</strong></span> <span class='ocrx_word' id='word_1_40' title='bbox 1711 993 1989 1048; x_wconf 88' lang='lat' dir='ltr'><strong>oratores</strong></span> <span class='ocrx_word' id='word_1_41' title='bbox 2032 984 2324 1047; x_wconf 78' lang='lat' dir='ltr'><strong>officium</strong></span> 
     </span>
     <span class='ocr_line' id='line_1_7' title="bbox 823 1082 2326 1166; baseline -0.002 -19"><span class='ocrx_word' id='word_1_42' title='bbox 823 1086 1153 1160; x_wconf 79' lang='lat' dir='ltr'><strong>desinitur,</strong></span> <span class='ocrx_word' id='word_1_43' title='bbox 1207 1104 1525 1166; x_wconf 90' lang='lat' dir='ltr'><strong>congruus</strong></span> <span class='ocrx_word' id='word_1_44' title='bbox 1585 1092 1762 1147; x_wconf 89' lang='lat' dir='ltr'><strong>actus</strong></span> <span class='ocrx_word' id='word_1_45' title='bbox 1818 1082 2326 1164; x_wconf 89' lang='lat' dir='ltr'><strong>uniuscujusque</strong></span> 
     </span>
     <span class='ocr_line' id='line_1_8' title="bbox 823 1182 2325 1266; baseline -0.003 -20"><span class='ocrx_word' id='word_1_46' title='bbox 823 1203 1109 1266; x_wconf 72' lang='lat' dir='ltr'><strong>personae</strong></span> <span class='ocrx_word' id='word_1_47' title='bbox 1139 1184 1492 1246; x_wconf 91' lang='lat' dir='ltr'><strong>secundum</strong></span> <span class='ocrx_word' id='word_1_48' title='bbox 1526 1201 1733 1244; x_wconf 91' lang='lat' dir='ltr'><strong>mores</strong></span> <span class='ocrx_word' id='word_1_49' title='bbox 1765 1182 2181 1262; x_wconf 90' lang='lat' dir='ltr'><strong>institutaque</strong></span> <span class='ocrx_word' id='word_1_50' title='bbox 2218 1199 2325 1261; x_wconf 88' lang='lat' dir='ltr'><strong>pa-</strong></span> 
     </span>
     <span class='ocr_line' id='line_1_9' title="bbox 823 1277 2325 1362; baseline -0.005 -18"><span class='ocrx_word' id='word_1_51' title='bbox 823 1283 981 1345; x_wconf 81' lang='lat' dir='ltr'><strong>triae.</strong></span> <span class='ocrx_word' id='word_1_52' title='bbox 1043 1281 1361 1344; x_wconf 76' lang='lat' dir='ltr'><strong>intellexit</strong></span> <span class='ocrx_word' id='word_1_53' title='bbox 1421 1298 1570 1362; x_wconf 91' lang='lat' dir='ltr'><strong>ergo</strong></span> <span class='ocrx_word' id='word_1_54' title='bbox 1632 1280 1968 1362; x_wconf 79' lang='lat' dir='ltr'><strong>Dionysius</strong></span> <span class='ocrx_word' id='word_1_55' title='bbox 2040 1280 2117 1341; x_wconf 91' lang='lat' dir='ltr'><strong>de</strong></span> <span class='ocrx_word' id='word_1_56' title='bbox 2183 1277 2325 1338; x_wconf 91' lang='lat' dir='ltr'><strong>illu-</strong></span> 
     </span>
     <span class='ocr_line' id='line_1_10' title="bbox 824 1377 2324 1461; baseline -0.003 -20"><span class='ocrx_word' id='word_1_57' title='bbox 824 1381 1170 1442; x_wconf 84' lang='lat' dir='ltr'><strong>minatione</strong></span> <span class='ocrx_word' id='word_1_58' title='bbox 1229 1379 1455 1452; x_wconf 87' lang='lat' dir='ltr'><strong>activa,</strong></span> <span class='ocrx_word' id='word_1_59' title='bbox 1509 1397 1636 1461; x_wconf 90' lang='lat' dir='ltr'><strong>qua</strong></span> <span class='ocrx_word' id='word_1_60' title='bbox 1691 1378 1898 1459; x_wconf 89' lang='lat' dir='ltr'><strong>angeli</strong></span> <span class='ocrx_word' id='word_1_61' title='bbox 1961 1377 2324 1458; x_wconf 84' lang='lat' dir='ltr'><strong>superiores</strong></span> 
     </span>
     <span class='ocr_line' id='line_1_11' title="bbox 825 1475 2326 1557; baseline -0.002 -18"><span class='ocrx_word' id='word_1_62' title='bbox 825 1478 1192 1540; x_wconf 89' lang='lat' dir='ltr'><strong>illuminant</strong></span> <span class='ocrx_word' id='word_1_63' title='bbox 1222 1477 2153 1557; x_wconf 72' lang='lat' dir='ltr'><strong>inferiores—consequenter</strong></span> <span class='ocrx_word' id='word_1_64' title='bbox 2182 1475 2326 1538; x_wconf 93' lang='lat' dir='ltr'><strong>sub-</strong></span> 
     </span>
     <span class='ocr_line' id='line_1_12' title="bbox 819 1573 2324 1656; baseline -0.001 -20"><span class='ocrx_word' id='word_1_65' title='bbox 819 1575 1080 1656; x_wconf 86' lang='lat' dir='ltr'><strong>jungit:</strong></span> <span class='ocrx_word' id='word_1_66' title='bbox 1114 1576 1257 1638; x_wconf 88' lang='lat' dir='ltr'><strong>Tria</strong></span> <span class='ocrx_word' id='word_1_67' title='bbox 1299 1576 1433 1638; x_wconf 88' lang='lat' dir='ltr'><strong>haec</strong></span> <span class='ocrx_word' id='word_1_68' title='bbox 1476 1575 1682 1637; x_wconf 91' lang='lat' dir='ltr'><strong>adhuc</strong></span> <span class='ocrx_word' id='word_1_69' title='bbox 1731 1581 2074 1636; x_wconf 89' lang='lat' dir='ltr'><strong>sumuntur</strong></span> <span class='ocrx_word' id='word_1_70' title='bbox 2117 1573 2324 1654; x_wconf 89' lang='lat' dir='ltr'><strong>dupli-</strong></span> 
     </span>
     <span class='ocr_line' id='line_1_13' title="bbox 821 1671 2324 1747; baseline -0.002 -12"><span class='ocrx_word' id='word_1_71' title='bbox 821 1675 1001 1747; x_wconf 87' lang='lat' dir='ltr'><strong>citer,</strong></span> <span class='ocrx_word' id='word_1_72' title='bbox 1032 1674 1352 1747; x_wconf 85' lang='lat' dir='ltr'><strong>videlicet,</strong></span> <span class='ocrx_word' id='word_1_73' title='bbox 1389 1674 1740 1736; x_wconf 85' lang='lat' dir='ltr'><strong>secundum</strong></span> <span class='ocrx_word' id='word_1_74' title='bbox 1781 1671 2095 1743; x_wconf 89' lang='lat' dir='ltr'><strong>habitum,</strong></span> <span class='ocrx_word' id='word_1_75' title='bbox 2130 1680 2191 1733; x_wconf 87' lang='lat' dir='ltr'><strong>et</strong></span> <span class='ocrx_word' id='word_1_76' title='bbox 2231 1690 2324 1733; x_wconf 92' lang='lat' dir='ltr'><strong>se-</strong></span> 
     </span>
     <span class='ocr_line' id='line_1_14' title="bbox 819 1770 2320 1835; baseline -0.003 -1"><span class='ocrx_word' id='word_1_77' title='bbox 819 1774 1100 1835; x_wconf 89' lang='lat' dir='ltr'><strong>cundum</strong></span> <span class='ocrx_word' id='word_1_78' title='bbox 1151 1780 1383 1834; x_wconf 89' lang='lat' dir='ltr'><strong>actum.</strong></span> <span class='ocrx_word' id='word_1_79' title='bbox 1439 1772 1800 1834; x_wconf 90' lang='lat' dir='ltr'><strong>Secundum</strong></span> <span class='ocrx_word' id='word_1_80' title='bbox 1851 1770 2139 1832; x_wconf 89' lang='lat' dir='ltr'><strong>habitum</strong></span> <span class='ocrx_word' id='word_1_81' title='bbox 2193 1787 2320 1831; x_wconf 90' lang='lat' dir='ltr'><strong>non</strong></span> 
     </span>
    </p>
   </div>
   <div class='ocr_carea' id='block_1_5' title="bbox 815 1868 4245 1952">
    <p class='ocr_par' dir='ltr' id='par_1_5' title="bbox 815 1868 4245 1952">
     <span class='ocr_line' id='line_1_15' title="bbox 815 1868 4245 1952; baseline -0.001 -18"><span class='ocrx_word' id='word_1_82' title='bbox 815 1872 987 1934; x_wconf 93' lang='lat' dir='ltr'><strong>aliud</strong></span> <span class='ocrx_word' id='word_1_83' title='bbox 1019 1879 1116 1934; x_wconf 89' lang='lat' dir='ltr'><strong>est</strong></span> <span class='ocrx_word' id='word_1_84' title='bbox 1158 1870 1540 1933; x_wconf 90' lang='lat' dir='ltr'><strong>illuminatio</strong></span> <span class='ocrx_word' id='word_1_85' title='bbox 1571 1890 1760 1952; x_wconf 89' lang='lat' dir='ltr'><strong>quam</strong></span> <span class='ocrx_word' id='word_1_86' title='bbox 1799 1868 2223 1942; x_wconf 90' lang='lat' dir='ltr'><strong>luminositas,</strong></span> <span class='ocrx_word' id='word_1_87' title='bbox 2258 1877 2321 1929; x_wconf 84' lang='lat' dir='ltr'><strong>et</strong></span> <span class='ocrx_word' id='word_1_88' title='bbox 2360 1869 2405 1931; x_wconf 89' lang='lat' dir='ltr'>B</span> <span class='ocrx_word' id='word_1_89' title='bbox 2436 1871 2773 1951; x_wconf 91' lang='lat' dir='ltr'><strong>positio‚ut</strong></span> <span class='ocrx_word' id='word_1_90' title='bbox 2802 1870 3009 1951; x_wconf 88' lang='lat' dir='ltr'><strong>patuit</strong></span> <span class='ocrx_word' id='word_1_91' title='bbox 3037 1888 3300 1951; x_wconf 89' lang='lat' dir='ltr'><strong>supra,a</strong></span> <span class='ocrx_word' id='word_1_92' title='bbox 3329 1869 3582 1942; x_wconf 74' lang='lat' dir='ltr'><strong>Thoma,</strong></span> <span class='ocrx_word' id='word_1_93' title='bbox 3600 1868 3931 1940; x_wconf 81' lang='lat' dir='ltr'><strong>RichardO,</strong></span> <span class='ocrx_word' id='word_1_94' title='bbox 3966 1875 4245 1930; x_wconf 56' lang='lat' dir='ltr'><strong>efflet-ts</strong></span> 
     </span>
    </p>
   </div>
   <div class='ocr_carea' id='block_1_6' title="bbox 815 1967 2323 3034">
    <p class='ocr_par' dir='ltr' id='par_1_6' title="bbox 815 1967 2323 3034">
     <span class='ocr_line' id='line_1_16' title="bbox 817 1967 2320 2051; baseline -0.001 -21"><span class='ocrx_word' id='word_1_95' title='bbox 817 1969 1130 2051; x_wconf 80' lang='lat' dir='ltr'><strong>purgatio,</strong></span> <span class='ocrx_word' id='word_1_96' title='bbox 1165 1988 1355 2051; x_wconf 90' lang='lat' dir='ltr'><strong>quam</strong></span> <span class='ocrx_word' id='word_1_97' title='bbox 1392 1969 1656 2050; x_wconf 81' lang='lat' dir='ltr'><strong>puritaS,</strong></span> <span class='ocrx_word' id='word_1_98' title='bbox 1680 1977 1743 2031; x_wconf 89' lang='lat' dir='ltr'><strong>et</strong></span> <span class='ocrx_word' id='word_1_99' title='bbox 1772 1967 2102 2050; x_wconf 81' lang='lat' dir='ltr'><strong>perfectiO,</strong></span> <span class='ocrx_word' id='word_1_100' title='bbox 2126 1987 2320 2048; x_wconf 88' lang='lat' dir='ltr'><strong>quam</strong></span> 
     </span>
     <span class='ocr_line' id='line_1_17' title="bbox 817 2065 2323 2150; baseline -0.002 -21"><span class='ocrx_word' id='word_1_101' title='bbox 817 2067 1147 2150; x_wconf 80' lang='lat' dir='ltr'><strong>plenitudo</strong></span> <span class='ocrx_word' id='word_1_102' title='bbox 1177 2067 1466 2149; x_wconf 82' lang='lat' dir='ltr'><strong>quaedam</strong></span> <span class='ocrx_word' id='word_1_103' title='bbox 1499 2067 1575 2129; x_wconf 89' lang='lat' dir='ltr'><strong>ad</strong></span> <span class='ocrx_word' id='word_1_104' title='bbox 1617 2086 1756 2129; x_wconf 92' lang='lat' dir='ltr'><strong>esse</strong></span> <span class='ocrx_word' id='word_1_105' title='bbox 1789 2067 1888 2129; x_wconf 84' lang='lat' dir='ltr'><strong>vel</strong></span> <span class='ocrx_word' id='word_1_106' title='bbox 1919 2067 1996 2128; x_wconf 88' lang='lat' dir='ltr'><strong>ad</strong></span> <span class='ocrx_word' id='word_1_107' title='bbox 2036 2065 2197 2127; x_wconf 92' lang='lat' dir='ltr'><strong>bene</strong></span> <span class='ocrx_word' id='word_1_108' title='bbox 2228 2084 2323 2127; x_wconf 92' lang='lat' dir='ltr'><strong>es-</strong></span> 
     </span>
     <span class='ocr_line' id='line_1_18' title="bbox 816 2163 2322 2246; baseline -0.003 -18"><span class='ocrx_word' id='word_1_109' title='bbox 816 2185 902 2228; x_wconf 91' lang='lat' dir='ltr'><strong>se.</strong></span> <span class='ocrx_word' id='word_1_110' title='bbox 940 2166 1205 2228; x_wconf 90' lang='lat' dir='ltr'><strong>Sanctus</strong></span> <span class='ocrx_word' id='word_1_111' title='bbox 1245 2173 1457 2227; x_wconf 90' lang='lat' dir='ltr'><strong>autem</strong></span> <span class='ocrx_word' id='word_1_112' title='bbox 1501 2173 1563 2227; x_wconf 90' lang='lat' dir='ltr'><strong>et</strong></span> <span class='ocrx_word' id='word_1_113' title='bbox 1603 2165 1856 2246; x_wconf 89' lang='lat' dir='ltr'><strong>sapiens</strong></span> <span class='ocrx_word' id='word_1_114' title='bbox 1897 2165 2016 2226; x_wconf 89' lang='lat' dir='ltr'><strong>iste</strong></span> <span class='ocrx_word' id='word_1_115' title='bbox 2051 2163 2322 2226; x_wconf 86' lang='lat' dir='ltr'><strong>intendit.</strong></span> 
     </span>
     <span class='ocr_line' id='line_1_19' title="bbox 818 2261 2321 2326; baseline -0.001 0"><span class='ocrx_word' id='word_1_116' title='bbox 818 2264 1137 2326; x_wconf 90' lang='lat' dir='ltr'><strong>interdum</strong></span> <span class='ocrx_word' id='word_1_117' title='bbox 1180 2264 1314 2326; x_wconf 84' lang='lat' dir='ltr'><strong>haec</strong></span> <span class='ocrx_word' id='word_1_118' title='bbox 1359 2271 1537 2326; x_wconf 86' lang='lat' dir='ltr'><strong>actus</strong></span> <span class='ocrx_word' id='word_1_119' title='bbox 1581 2283 1720 2326; x_wconf 89' lang='lat' dir='ltr'><strong>esse</strong></span> <span class='ocrx_word' id='word_1_120' title='bbox 1762 2263 2130 2326; x_wconf 78' lang='lat' dir='ltr'><strong>officiorum</strong></span> <span class='ocrx_word' id='word_1_121' title='bbox 2177 2261 2321 2324; x_wconf 91' lang='lat' dir='ltr'><strong>bea-</strong></span> 
     </span>
     <span class='ocr_line' id='line_1_20' title="bbox 818 2361 2322 2445; baseline -0.001 -22"><span class='ocrx_word' id='word_1_122' title='bbox 818 2362 1209 2427; x_wconf 88' lang='lat' dir='ltr'><strong>tissimorum</strong></span> <span class='ocrx_word' id='word_1_123' title='bbox 1245 2363 1608 2445; x_wconf 85' lang='lat' dir='ltr'><strong>spirituum.</strong></span> <span class='ocrx_word' id='word_1_124' title='bbox 1644 2362 1954 2425; x_wconf 89' lang='lat' dir='ltr'><strong>Convenit</strong></span> <span class='ocrx_word' id='word_1_125' title='bbox 1982 2369 2195 2423; x_wconf 90' lang='lat' dir='ltr'><strong>autem</strong></span> <span class='ocrx_word' id='word_1_126' title='bbox 2231 2361 2322 2422; x_wconf 90' lang='lat' dir='ltr'><strong>eis</strong></span> 
     </span>
     <span class='ocr_line' id='line_1_21' title="bbox 818 2459 2321 2542; baseline -0.002 -18"><span class='ocrx_word' id='word_1_127' title='bbox 818 2462 1181 2524; x_wconf 87' lang='lat' dir='ltr'><strong>illuminare</strong></span> <span class='ocrx_word' id='word_1_128' title='bbox 1243 2461 1502 2542; x_wconf 80' lang='lat' dir='ltr'><strong>angelos</strong></span> <span class='ocrx_word' id='word_1_129' title='bbox 1566 2461 1899 2524; x_wconf 78' lang='lat' dir='ltr'><strong>inferiores</strong></span> <span class='ocrx_word' id='word_1_130' title='bbox 1957 2468 2020 2522; x_wconf 90' lang='lat' dir='ltr'><strong>et</strong></span> <span class='ocrx_word' id='word_1_131' title='bbox 2078 2459 2321 2523; x_wconf 87' lang='lat' dir='ltr'><strong>animas</strong></span> 
     </span>
     <span class='ocr_line' id='line_1_22' title="bbox 818 2557 2315 2641; baseline -0.003 -19"><span class='ocrx_word' id='word_1_132' title='bbox 818 2567 1085 2632; x_wconf 81' lang='lat' dir='ltr'><strong>nostraS,</strong></span> <span class='ocrx_word' id='word_1_133' title='bbox 1127 2559 1294 2622; x_wconf 85' lang='lat' dir='ltr'><strong>sicut</strong></span> <span class='ocrx_word' id='word_1_134' title='bbox 1340 2560 1462 2622; x_wconf 91' lang='lat' dir='ltr'><strong>hoc</strong></span> <span class='ocrx_word' id='word_1_135' title='bbox 1512 2559 1807 2641; x_wconf 86' lang='lat' dir='ltr'><strong>exemplo</strong></span> <span class='ocrx_word' id='word_1_136' title='bbox 1854 2566 2032 2640; x_wconf 86' lang='lat' dir='ltr'><strong>potes</strong></span> <span class='ocrx_word' id='word_1_137' title='bbox 2081 2557 2315 2619; x_wconf 90' lang='lat' dir='ltr'><strong>doceri.</strong></span> 
     </span>
     <span class='ocr_line' id='line_1_23' title="bbox 815 2655 2321 2721; baseline -0.003 -1"><span class='ocrx_word' id='word_1_138' title='bbox 815 2658 972 2720; x_wconf 87' lang='lat' dir='ltr'><strong>Nam</strong></span> <span class='ocrx_word' id='word_1_139' title='bbox 1035 2657 1226 2721; x_wconf 92' lang='lat' dir='ltr'><strong>homo</strong></span> <span class='ocrx_word' id='word_1_140' title='bbox 1291 2657 1686 2720; x_wconf 78' lang='lat' dir='ltr'><strong>scientificus</strong></span> <span class='ocrx_word' id='word_1_141' title='bbox 1757 2656 1973 2718; x_wconf 92' lang='lat' dir='ltr'><strong>lumen</strong></span> <span class='ocrx_word' id='word_1_142' title='bbox 2037 2655 2321 2718; x_wconf 81' lang='lat' dir='ltr'><strong>scientiae</strong></span> 
     </span>
     <span class='ocr_line' id='line_1_24' title="bbox 815 2753 2320 2837; baseline -0.003 -19"><span class='ocrx_word' id='word_1_143' title='bbox 815 2757 1046 2818; x_wconf 76' lang='lat' dir='ltr'><strong>animae</strong></span> <span class='ocrx_word' id='word_1_144' title='bbox 1077 2775 1207 2819; x_wconf 80' lang='lat' dir='ltr'><strong>suae</strong></span> <span class='ocrx_word' id='word_1_145' title='bbox 1246 2755 1507 2818; x_wconf 85' lang='lat' dir='ltr'><strong>adhibet</strong></span> <span class='ocrx_word' id='word_1_146' title='bbox 1547 2774 1661 2837; x_wconf 85' lang='lat' dir='ltr'><strong>per</strong></span> <span class='ocrx_word' id='word_1_147' title='bbox 1691 2773 1912 2818; x_wconf 90' lang='lat' dir='ltr'><strong>vocem</strong></span> <span class='ocrx_word' id='word_1_148' title='bbox 1946 2761 2010 2814; x_wconf 91' lang='lat' dir='ltr'><strong>et</strong></span> <span class='ocrx_word' id='word_1_149' title='bbox 2047 2753 2320 2834; x_wconf 85' lang='lat' dir='ltr'><strong>scriptu-</strong></span> 
     </span>
     <span class='ocr_line' id='line_1_25' title="bbox 817 2850 2319 2936; baseline -0.003 -21"><span class='ocrx_word' id='word_1_150' title='bbox 817 2873 939 2927; x_wconf 81' lang='lat' dir='ltr'><strong>raS,</strong></span> <span class='ocrx_word' id='word_1_151' title='bbox 993 2874 1106 2917; x_wconf 89' lang='lat' dir='ltr'><strong>seu</strong></span> <span class='ocrx_word' id='word_1_152' title='bbox 1165 2873 1280 2936; x_wconf 91' lang='lat' dir='ltr'><strong>per</strong></span> <span class='ocrx_word' id='word_1_153' title='bbox 1335 2854 1460 2916; x_wconf 92' lang='lat' dir='ltr'><strong>alia</strong></span> <span class='ocrx_word' id='word_1_154' title='bbox 1517 2854 1716 2934; x_wconf 88' lang='lat' dir='ltr'><strong>signa,</strong></span> <span class='ocrx_word' id='word_1_155' title='bbox 1773 2850 2122 2914; x_wconf 90' lang='lat' dir='ltr'><strong>intellectui</strong></span> <span class='ocrx_word' id='word_1_156' title='bbox 2180 2851 2319 2930; x_wconf 90' lang='lat' dir='ltr'><strong>ejus</strong></span> 
     </span>
     <span class='ocr_line' id='line_1_26' title="bbox 815 2949 2320 3034; baseline -0.001 -21"><span class='ocrx_word' id='word_1_157' title='bbox 815 2971 1007 3034; x_wconf 88' lang='lat' dir='ltr'><strong>quem</strong></span> <span class='ocrx_word' id='word_1_158' title='bbox 1050 2953 1188 3015; x_wconf 82' lang='lat' dir='ltr'><strong>vult</strong></span> <span class='ocrx_word' id='word_1_159' title='bbox 1227 2953 1472 3014; x_wconf 88' lang='lat' dir='ltr'><strong>docere.</strong></span> <span class='ocrx_word' id='word_1_160' title='bbox 1509 2952 1807 3025; x_wconf 88' lang='lat' dir='ltr'><strong>Quamvis</strong></span> <span class='ocrx_word' id='word_1_161' title='bbox 1846 2969 1994 3031; x_wconf 87' lang='lat' dir='ltr'><strong>ergo</strong></span> <span class='ocrx_word' id='word_1_162' title='bbox 2028 2949 2320 3012; x_wconf 91' lang='lat' dir='ltr'><strong>occultus</strong></span> 
     </span>
    </p>
   </div>
   <div class='ocr_carea' id='block_1_7' title="bbox 2437 783 3935 1046">
    <p class='ocr_par' dir='ltr' id='par_1_7' title="bbox 2437 783 3935 1046">
     <span class='ocr_line' id='line_1_27' title="bbox 2438 783 3935 866; baseline -0.001 -18"><span class='ocrx_word' id='word_1_163' title='bbox 2438 786 2643 848; x_wconf 89' lang='lat' dir='ltr'><strong>sentia</strong></span> <span class='ocrx_word' id='word_1_164' title='bbox 2684 786 3017 850; x_wconf 81' lang='lat' dir='ltr'><strong>luminosae</strong></span> <span class='ocrx_word' id='word_1_165' title='bbox 3058 786 3203 848; x_wconf 89' lang='lat' dir='ltr'><strong>talis</strong></span> <span class='ocrx_word' id='word_1_166' title='bbox 3246 785 3617 848; x_wconf 82' lang='lat' dir='ltr'><strong>substantiae</strong></span> <span class='ocrx_word' id='word_1_167' title='bbox 3664 783 3935 866; x_wconf 80' lang='lat' dir='ltr'><strong>effulget</strong></span> 
     </span>
     <span class='ocr_line' id='line_1_28' title="bbox 2438 883 3935 966; baseline -0.001 -20"><span class='ocrx_word' id='word_1_168' title='bbox 2438 885 2502 946; x_wconf 88' lang='lat' dir='ltr'><strong>in</strong></span> <span class='ocrx_word' id='word_1_169' title='bbox 2538 885 2753 946; x_wconf 89' lang='lat' dir='ltr'><strong>anima</strong></span> <span class='ocrx_word' id='word_1_170' title='bbox 2792 885 3009 947; x_wconf 88' lang='lat' dir='ltr'><strong>lumen</strong></span> <span class='ocrx_word' id='word_1_171' title='bbox 3050 885 3455 948; x_wconf 88' lang='lat' dir='ltr'><strong>revelationis</strong></span> <span class='ocrx_word' id='word_1_172' title='bbox 3493 903 3687 966; x_wconf 89' lang='lat' dir='ltr'><strong>quam</strong></span> <span class='ocrx_word' id='word_1_173' title='bbox 3715 883 3935 946; x_wconf 85' lang='lat' dir='ltr'><strong>volue-</strong></span> 
     </span>
     <span class='ocr_line' id='line_1_29' title="bbox 2437 983 3787 1046; baseline -0.001 -2"><span class='ocrx_word' id='word_1_174' title='bbox 2437 984 2519 1044; x_wconf 87' lang='lat' dir='ltr'><strong>rit</strong></span> <span class='ocrx_word' id='word_1_175' title='bbox 2564 983 2769 1046; x_wconf 85' lang='lat' dir='ltr'><strong>facere</strong></span> <span class='ocrx_word' id='word_1_176' title='bbox 2816 985 2880 1046; x_wconf 91' lang='lat' dir='ltr'><strong>in</strong></span> <span class='ocrx_word' id='word_1_177' title='bbox 2926 984 3167 1046; x_wconf 88' lang='lat' dir='ltr'><strong>eadem.</strong></span> <span class='ocrx_word' id='word_1_178' title='bbox 3203 984 3346 1046; x_wconf 81' lang='lat' dir='ltr'><strong>Haec</strong></span> <span class='ocrx_word' id='word_1_179' title='bbox 3390 983 3787 1046; x_wconf 88' lang='lat' dir='ltr'><strong>Guillelmus.</strong></span> 
     </span>
    </p>
   </div>
   <div class='ocr_carea' id='block_1_8' title="bbox 2516 1081 4233 1164">
    <p class='ocr_par' dir='ltr' id='par_1_8' title="bbox 2516 1081 4233 1164">
     <span class='ocr_line' id='line_1_30' title="bbox 2516 1081 4233 1164; baseline -0.004 -20"><span class='ocrx_word' id='word_1_180' title='bbox 2516 1082 2713 1161; x_wconf 89' lang='lat' dir='ltr'><strong>Cujus</strong></span> <span class='ocrx_word' id='word_1_181' title='bbox 2762 1083 2993 1163; x_wconf 88' lang='lat' dir='ltr'><strong>positio</strong></span> <span class='ocrx_word' id='word_1_182' title='bbox 3037 1102 3183 1144; x_wconf 92' lang='lat' dir='ltr'><strong>cum</strong></span> <span class='ocrx_word' id='word_1_183' title='bbox 3228 1082 3575 1164; x_wconf 82' lang='lat' dir='ltr'><strong>praehabita</strong></span> <span class='ocrx_word' id='word_1_184' title='bbox 3617 1081 3935 1163; x_wconf 86' lang='lat' dir='ltr'><strong>positione</strong></span> <span class='ocrx_word' id='word_1_185' title='bbox 3990 1107 4037 1148; x_wconf 77' lang='lat' dir='ltr'><strong>p.</strong></span> <span class='ocrx_word' id='word_1_186' title='bbox 4070 1093 4233 1137; x_wconf 60' lang='lat' dir='ltr'><strong>mat</strong></span> 
     </span>
    </p>
   </div>
   <div class='ocr_carea' id='block_1_9' title="bbox 2432 1179 3938 1853">
    <p class='ocr_par' dir='ltr' id='par_1_9' title="bbox 2432 1179 3938 1853">
     <span class='ocr_line' id='line_1_31' title="bbox 2434 1179 3938 1262; baseline -0.003 -19"><span class='ocrx_word' id='word_1_187' title='bbox 2434 1180 2675 1243; x_wconf 85' lang='lat' dir='ltr'><strong>Alberti</strong></span> <span class='ocrx_word' id='word_1_188' title='bbox 2710 1180 2961 1243; x_wconf 91' lang='lat' dir='ltr'><strong>videtur</strong></span> <span class='ocrx_word' id='word_1_189' title='bbox 2992 1199 3107 1262; x_wconf 90' lang='lat' dir='ltr'><strong>pro</strong></span> <span class='ocrx_word' id='word_1_190' title='bbox 3150 1199 3372 1261; x_wconf 89' lang='lat' dir='ltr'><strong>magna</strong></span> <span class='ocrx_word' id='word_1_191' title='bbox 3409 1179 3766 1243; x_wconf 89' lang='lat' dir='ltr'><strong>coincidere</strong></span> <span class='ocrx_word' id='word_1_192' title='bbox 3796 1197 3938 1259; x_wconf 85' lang='lat' dir='ltr'><strong>par-</strong></span> 
     </span>
     <span class='ocr_line' id='line_1_32' title="bbox 2436 1278 3936 1361; baseline -0.002 -20"><span class='ocrx_word' id='word_1_193' title='bbox 2436 1287 2518 1353; x_wconf 91' lang='lat' dir='ltr'><strong>te,</strong></span> <span class='ocrx_word' id='word_1_194' title='bbox 2553 1279 2825 1341; x_wconf 89' lang='lat' dir='ltr'><strong>dicentis</strong></span> <span class='ocrx_word' id='word_1_195' title='bbox 2855 1280 3024 1361; x_wconf 90' lang='lat' dir='ltr'><strong>quod</strong></span> <span class='ocrx_word' id='word_1_196' title='bbox 3042 1280 3223 1341; x_wconf 77' lang='lat' dir='ltr'><strong>sicut</strong></span> <span class='ocrx_word' id='word_1_197' title='bbox 3251 1298 3329 1341; x_wconf 83' lang='lat' dir='ltr'><strong>ex</strong></span> <span class='ocrx_word' id='word_1_198' title='bbox 3360 1278 3760 1360; x_wconf 89' lang='lat' dir='ltr'><strong>oppositione</strong></span> <span class='ocrx_word' id='word_1_199' title='bbox 3790 1295 3936 1359; x_wconf 87' lang='lat' dir='ltr'><strong>spe-</strong></span> 
     </span>
     <span class='ocr_line' id='line_1_33' title="bbox 2434 1377 3936 1456; baseline -0.002 -16"><span class='ocrx_word' id='word_1_200' title='bbox 2434 1379 2725 1441; x_wconf 91' lang='lat' dir='ltr'><strong>culorum</strong></span> <span class='ocrx_word' id='word_1_201' title='bbox 2757 1379 3029 1441; x_wconf 90' lang='lat' dir='ltr'><strong>duorum</strong></span> <span class='ocrx_word' id='word_1_202' title='bbox 3061 1377 3516 1439; x_wconf 87' lang='lat' dir='ltr'><strong>similitudines</strong></span> <span class='ocrx_word' id='word_1_203' title='bbox 3546 1395 3761 1438; x_wconf 90' lang='lat' dir='ltr'><strong>rerum</strong></span> <span class='ocrx_word' id='word_1_204' title='bbox 3791 1394 3936 1456; x_wconf 79' lang='lat' dir='ltr'><strong>quae</strong></span> 
     </span>
     <span class='ocr_line' id='line_1_34' title="bbox 2434 1472 3935 1554; baseline -0.003 -16"><span class='ocrx_word' id='word_1_205' title='bbox 2434 1484 2582 1538; x_wconf 92' lang='lat' dir='ltr'><strong>sunt.</strong></span> <span class='ocrx_word' id='word_1_206' title='bbox 2631 1476 2697 1537; x_wconf 92' lang='lat' dir='ltr'><strong>in</strong></span> <span class='ocrx_word' id='word_1_207' title='bbox 2747 1495 2897 1550; x_wconf 90' lang='lat' dir='ltr'><strong>uno,</strong></span> <span class='ocrx_word' id='word_1_208' title='bbox 2932 1475 3243 1538; x_wconf 86' lang='lat' dir='ltr'><strong>resultant</strong></span> <span class='ocrx_word' id='word_1_209' title='bbox 3292 1475 3356 1537; x_wconf 93' lang='lat' dir='ltr'><strong>in</strong></span> <span class='ocrx_word' id='word_1_210' title='bbox 3404 1474 3550 1548; x_wconf 90' lang='lat' dir='ltr'><strong>alio,</strong></span> <span class='ocrx_word' id='word_1_211' title='bbox 3584 1475 3677 1536; x_wconf 91' lang='lat' dir='ltr'><strong>sic</strong></span> <span class='ocrx_word' id='word_1_212' title='bbox 3722 1472 3935 1554; x_wconf 88' lang='lat' dir='ltr'><strong>angeli</strong></span> 
     </span>
     <span class='ocr_line' id='line_1_35' title="bbox 2432 1571 3937 1656; baseline -0.003 -19"><span class='ocrx_word' id='word_1_213' title='bbox 2432 1575 2777 1656; x_wconf 84' lang='lat' dir='ltr'><strong>applicatio</strong></span> <span class='ocrx_word' id='word_1_214' title='bbox 2817 1576 2894 1637; x_wconf 89' lang='lat' dir='ltr'><strong>ad</strong></span> <span class='ocrx_word' id='word_1_215' title='bbox 2942 1582 3221 1637; x_wconf 89' lang='lat' dir='ltr'><strong>mentem</strong></span> <span class='ocrx_word' id='word_1_216' title='bbox 3264 1573 3615 1655; x_wconf 84' lang='lat' dir='ltr'><strong>angelicam</strong></span> <span class='ocrx_word' id='word_1_217' title='bbox 3659 1591 3771 1634; x_wconf 92' lang='lat' dir='ltr'><strong>seu</strong></span> <span class='ocrx_word' id='word_1_218' title='bbox 3818 1571 3937 1632; x_wconf 89' lang='lat' dir='ltr'><strong>hu-</strong></span> 
     </span>
     <span class='ocr_line' id='line_1_36' title="bbox 2434 1669 3937 1755; baseline -0.003 -21"><span class='ocrx_word' id='word_1_219' title='bbox 2434 1672 2876 1747; x_wconf 79' lang='lat' dir='ltr'><strong>manam,facit</strong></span> <span class='ocrx_word' id='word_1_220' title='bbox 2906 1673 3151 1755; x_wconf 91' lang='lat' dir='ltr'><strong>species</strong></span> <span class='ocrx_word' id='word_1_221' title='bbox 3180 1691 3320 1754; x_wconf 84' lang='lat' dir='ltr'><strong>quae</strong></span> <span class='ocrx_word' id='word_1_222' title='bbox 3348 1672 3412 1732; x_wconf 89' lang='lat' dir='ltr'><strong>in</strong></span> <span class='ocrx_word' id='word_1_223' title='bbox 3444 1669 3759 1752; x_wconf 85' lang='lat' dir='ltr'><strong>superiori</strong></span> <span class='ocrx_word' id='word_1_224' title='bbox 3782 1675 3937 1730; x_wconf 85' lang='lat' dir='ltr'><strong>sunt</strong></span> 
     </span>
     <span class='ocr_line' id='line_1_37' title="bbox 2432 1769 3935 1853; baseline -0.003 -21"><span class='ocrx_word' id='word_1_225' title='bbox 2432 1771 2679 1851; x_wconf 87' lang='lat' dir='ltr'><strong>angelo,</strong></span> <span class='ocrx_word' id='word_1_226' title='bbox 2713 1789 3019 1853; x_wconf 90' lang='lat' dir='ltr'><strong>apparere</strong></span> <span class='ocrx_word' id='word_1_227' title='bbox 3058 1771 3125 1832; x_wconf 92' lang='lat' dir='ltr'><strong>in</strong></span> <span class='ocrx_word' id='word_1_228' title='bbox 3166 1769 3453 1832; x_wconf 83' lang='lat' dir='ltr'><strong>inferiori</strong></span> <span class='ocrx_word' id='word_1_229' title='bbox 3489 1786 3503 1831; x_wconf 74' lang='grc' dir='ltr'>ε</span> <span class='ocrx_word' id='word_1_230' title='bbox 3540 1788 3681 1851; x_wconf 82' lang='lat' dir='ltr'><strong>quae</strong></span> <span class='ocrx_word' id='word_1_231' title='bbox 3717 1776 3935 1831; x_wconf 87' lang='lat' dir='ltr'><strong>tamen</strong></span> 
     </span>
    </p>
   </div>
   <div class='ocr_carea' id='block_1_10' title="bbox 2433 1966 3947 3031">
    <p class='ocr_par' dir='ltr' id='par_1_10' title="bbox 2435 1966 3937 2147">
     <span class='ocr_line' id='line_1_38' title="bbox 2435 1966 3937 2050; baseline -0.003 -19"><span class='ocrx_word' id='word_1_232' title='bbox 2435 1969 2746 2042; x_wconf 88' lang='lat' dir='ltr'><strong>Durando,</strong></span> <span class='ocrx_word' id='word_1_233' title='bbox 2782 1966 3129 2050; x_wconf 90' lang='lat' dir='ltr'><strong>multisque</strong></span> <span class='ocrx_word' id='word_1_234' title='bbox 3162 1967 3304 2030; x_wconf 86' lang='lat' dir='ltr'><strong>aliis</strong></span> <span class='ocrx_word' id='word_1_235' title='bbox 3339 1967 3731 2048; x_wconf 90' lang='lat' dir='ltr'><strong>reprobatur.</strong></span> <span class='ocrx_word' id='word_1_236' title='bbox 3764 1966 3937 2028; x_wconf 88' lang='lat' dir='ltr'><strong>Atta-</strong></span> 
     </span>
     <span class='ocr_line' id='line_1_39' title="bbox 2436 2065 3931 2147; baseline -0.002 -19"><span class='ocrx_word' id='word_1_237' title='bbox 2436 2085 2581 2129; x_wconf 89' lang='lat' dir='ltr'><strong>men</strong></span> <span class='ocrx_word' id='word_1_238' title='bbox 2615 2067 2885 2129; x_wconf 86' lang='lat' dir='ltr'><strong>Thomas</strong></span> <span class='ocrx_word' id='word_1_239' title='bbox 2925 2067 3004 2128; x_wconf 92' lang='lat' dir='ltr'><strong>de</strong></span> <span class='ocrx_word' id='word_1_240' title='bbox 3034 2066 3379 2147; x_wconf 85' lang='lat' dir='ltr'><strong>Argentina</strong></span> <span class='ocrx_word' id='word_1_241' title='bbox 3417 2065 3728 2147; x_wconf 87' lang='lat' dir='ltr'><strong>approbat</strong></span> <span class='ocrx_word' id='word_1_242' title='bbox 3764 2083 3931 2128; x_wconf 88' lang='lat' dir='ltr'><strong>eam.</strong></span> 
     </span>
    </p>

    <p class='ocr_par' dir='ltr' id='par_1_11' title="bbox 2433 2163 3947 3031">
     <span class='ocr_line' id='line_1_40' title="bbox 2514 2163 3941 2247; baseline -0.002 -20"><span class='ocrx_word' id='word_1_243' title='bbox 2514 2167 2783 2247; x_wconf 87' lang='lat' dir='ltr'><strong>Insuper</strong></span> <span class='ocrx_word' id='word_1_244' title='bbox 2840 2165 3221 2228; x_wconf 90' lang='lat' dir='ltr'><strong>Guillelmus</strong></span> <span class='ocrx_word' id='word_1_245' title='bbox 3280 2165 3559 2226; x_wconf 88' lang='lat' dir='ltr'><strong>secunda</strong></span> <span class='ocrx_word' id='word_1_246' title='bbox 3620 2171 3797 2246; x_wconf 85' lang='lat' dir='ltr'><strong>parte</strong></span> <span class='ocrx_word' id='word_1_247' title='bbox 3856 2163 3941 2225; x_wconf 80' lang='lat' dir='ltr'><strong>de</strong></span> 
     </span>
     <span class='ocr_line' id='line_1_41' title="bbox 2435 2262 3939 2336; baseline -0.002 -10"><span class='ocrx_word' id='word_1_248' title='bbox 2435 2264 2761 2336; x_wconf 82' lang='lat' dir='ltr'><strong>Universo‚</strong></span> <span class='ocrx_word' id='word_1_249' title='bbox 2794 2271 2859 2325; x_wconf 93' lang='lat' dir='ltr'><strong>et</strong></span> <span class='ocrx_word' id='word_1_250' title='bbox 2897 2263 3193 2324; x_wconf 84' lang='lat' dir='ltr'><strong>Albertus</strong></span> <span class='ocrx_word' id='word_1_251' title='bbox 3236 2262 3300 2323; x_wconf 92' lang='lat' dir='ltr'><strong>in</strong></span> <span class='ocrx_word' id='word_1_252' title='bbox 3344 2263 3464 2324; x_wconf 90' lang='lat' dir='ltr'><strong>ista</strong></span> <span class='ocrx_word' id='word_1_253' title='bbox 3502 2262 3939 2336; x_wconf 83' lang='lat' dir='ltr'><strong>distinctione,</strong></span> 
     </span>
     <span class='ocr_line' id='line_1_42' title="bbox 2434 2359 3943 2443; baseline -0.001 -20"><span class='ocrx_word' id='word_1_254' title='bbox 2434 2369 2746 2424; x_wconf 81' lang='lat' dir='ltr'><strong>testantur</strong></span> <span class='ocrx_word' id='word_1_255' title='bbox 2788 2381 2861 2424; x_wconf 92' lang='lat' dir='ltr'><strong>ea</strong></span> <span class='ocrx_word' id='word_1_256' title='bbox 2904 2381 3047 2443; x_wconf 83' lang='lat' dir='ltr'><strong>quae</strong></span> <span class='ocrx_word' id='word_1_257' title='bbox 3087 2361 3259 2423; x_wconf 91' lang='lat' dir='ltr'><strong>dicta</strong></span> <span class='ocrx_word' id='word_1_258' title='bbox 3304 2369 3449 2422; x_wconf 90' lang='lat' dir='ltr'><strong>sunt</strong></span> <span class='ocrx_word' id='word_1_259' title='bbox 3494 2361 3573 2423; x_wconf 91' lang='lat' dir='ltr'><strong>de</strong></span> <span class='ocrx_word' id='word_1_260' title='bbox 3617 2359 3943 2423; x_wconf 87' lang='lat' dir='ltr'><strong>illumina-</strong></span> 
     </span>
     <span class='ocr_line' id='line_1_43' title="bbox 2437 2457 3945 2538; baseline -0.001 -18"><span class='ocrx_word' id='word_1_261' title='bbox 2437 2459 2717 2523; x_wconf 87' lang='lat' dir='ltr'><strong>tionibus</strong></span> <span class='ocrx_word' id='word_1_262' title='bbox 2764 2459 3097 2522; x_wconf 89' lang='lat' dir='ltr'><strong>hominum</strong></span> <span class='ocrx_word' id='word_1_263' title='bbox 3142 2457 3223 2519; x_wconf 91' lang='lat' dir='ltr'><strong>ab</strong></span> <span class='ocrx_word' id='word_1_264' title='bbox 3263 2459 3507 2538; x_wconf 86' lang='lat' dir='ltr'><strong>angelis</strong></span> <span class='ocrx_word' id='word_1_265' title='bbox 3550 2457 3843 2530; x_wconf 74' lang='lat' dir='ltr'><strong>summiS,</strong></span> <span class='ocrx_word' id='word_1_266' title='bbox 3876 2466 3945 2520; x_wconf 87' lang='lat' dir='ltr'><strong>et</strong></span> 
     </span>
     <span class='ocr_line' id='line_1_44' title="bbox 2434 2556 3946 2638; baseline -0.001 -18"><span class='ocrx_word' id='word_1_267' title='bbox 2434 2559 2511 2620; x_wconf 91' lang='lat' dir='ltr'><strong>de</strong></span> <span class='ocrx_word' id='word_1_268' title='bbox 2547 2558 2914 2620; x_wconf 89' lang='lat' dir='ltr'><strong>immediata</strong></span> <span class='ocrx_word' id='word_1_269' title='bbox 2944 2576 3253 2638; x_wconf 80' lang='lat' dir='ltr'><strong>supremae</strong></span> <span class='ocrx_word' id='word_1_270' title='bbox 3283 2556 3657 2619; x_wconf 84' lang='lat' dir='ltr'><strong>hierarchiae</strong></span> <span class='ocrx_word' id='word_1_271' title='bbox 3686 2557 3946 2637; x_wconf 84' lang='lat' dir='ltr'><strong>conjun-</strong></span> 
     </span>
     <span class='ocr_line' id='line_1_45' title="bbox 2436 2652 3945 2736; baseline -0.001 -18"><span class='ocrx_word' id='word_1_272' title='bbox 2436 2657 2645 2718; x_wconf 90' lang='lat' dir='ltr'><strong>ctione</strong></span> <span class='ocrx_word' id='word_1_273' title='bbox 2690 2656 2767 2718; x_wconf 91' lang='lat' dir='ltr'><strong>ad</strong></span> <span class='ocrx_word' id='word_1_274' title='bbox 2814 2655 3040 2728; x_wconf 88' lang='lat' dir='ltr'><strong>Deum,</strong></span> <span class='ocrx_word' id='word_1_275' title='bbox 3077 2673 3216 2718; x_wconf 92' lang='lat' dir='ltr'><strong>esse</strong></span> <span class='ocrx_word' id='word_1_276' title='bbox 3262 2652 3674 2736; x_wconf 89' lang='lat' dir='ltr'><strong>intelligenda</strong></span> <span class='ocrx_word' id='word_1_277' title='bbox 3719 2673 3945 2717; x_wconf 87' lang='lat' dir='ltr'><strong>secun·</strong></span> 
     </span>
     <span class='ocr_line' id='line_1_46' title="bbox 2434 2752 3947 2835; baseline -0.001 -18"><span class='ocrx_word' id='word_1_278' title='bbox 2434 2756 2588 2817; x_wconf 91' lang='lat' dir='ltr'><strong>dum</strong></span> <span class='ocrx_word' id='word_1_279' title='bbox 2619 2754 2821 2835; x_wconf 87' lang='lat' dir='ltr'><strong>legem</strong></span> <span class='ocrx_word' id='word_1_280' title='bbox 2855 2771 3263 2816; x_wconf 91' lang='lat' dir='ltr'><strong>communem</strong></span> <span class='ocrx_word' id='word_1_281' title='bbox 3286 2753 3470 2834; x_wconf 88' lang='lat' dir='ltr'><strong>:quia</strong></span> <span class='ocrx_word' id='word_1_282' title='bbox 3494 2771 3575 2814; x_wconf 88' lang='lat' dir='ltr'><strong>ex</strong></span> <span class='ocrx_word' id='word_1_283' title='bbox 3605 2752 3947 2834; x_wconf 86' lang='lat' dir='ltr'><strong>privilegio</strong></span> 
     </span>
     <span class='ocr_line' id='line_1_47' title="bbox 2433 2850 3939 2932; baseline 0 -18"><span class='ocrx_word' id='word_1_284' title='bbox 2433 2853 2740 2930; x_wconf 85' lang='lat' dir='ltr'><strong>eminenti</strong></span> <span class='ocrx_word' id='word_1_285' title='bbox 2782 2871 2853 2914; x_wconf 87' lang='lat' dir='ltr'><strong>ac</strong></span> <span class='ocrx_word' id='word_1_286' title='bbox 2894 2850 3225 2932; x_wconf 84' lang='lat' dir='ltr'><strong>singulari,</strong></span> <span class='ocrx_word' id='word_1_287' title='bbox 3270 2851 3516 2913; x_wconf 88' lang='lat' dir='ltr'><strong>duabus</strong></span> <span class='ocrx_word' id='word_1_288' title='bbox 3562 2869 3939 2914; x_wconf 89' lang='lat' dir='ltr'><strong>concessum</strong></span> 
     </span>
     <span class='ocr_line' id='line_1_48' title="bbox 2434 2948 3943 3031; baseline -0.001 -18"><span class='ocrx_word' id='word_1_289' title='bbox 2434 2959 2529 3013; x_wconf 88' lang='lat' dir='ltr'><strong>est</strong></span> <span class='ocrx_word' id='word_1_290' title='bbox 2573 2950 2933 3022; x_wconf 89' lang='lat' dir='ltr'><strong>animabus,</strong></span> <span class='ocrx_word' id='word_1_291' title='bbox 2970 2956 3188 3031; x_wconf 86' lang='lat' dir='ltr'><strong>utpote</strong></span> <span class='ocrx_word' id='word_1_292' title='bbox 3232 2948 3463 3012; x_wconf 87' lang='lat' dir='ltr'><strong>Christi</strong></span> <span class='ocrx_word' id='word_1_293' title='bbox 3508 2955 3571 3010; x_wconf 90' lang='lat' dir='ltr'><strong>et</strong></span> <span class='ocrx_word' id='word_1_294' title='bbox 3618 2949 3943 3028; x_wconf 86' lang='lat' dir='ltr'><strong>gloriosis-</strong></span> 
     </span>
    </p>
   </div>
   <div class='ocr_carea' id='block_1_11' title="bbox 815 3047 3944 3130">
    <p class='ocr_par' dir='ltr' id='par_1_12' title="bbox 815 3047 3944 3130">
     <span class='ocr_line' id='line_1_49' title="bbox 815 3047 3944 3130; baseline -0.001 -18"><span class='ocrx_word' id='word_1_295' title='bbox 815 3051 899 3112; x_wconf 88' lang='lat' dir='ltr'><strong>sit</strong></span> <span class='ocrx_word' id='word_1_296' title='bbox 947 3051 1172 3113; x_wconf 90' lang='lat' dir='ltr'><strong>modus</strong></span> <span class='ocrx_word' id='word_1_297' title='bbox 1222 3051 1328 3112; x_wconf 90' lang='lat' dir='ltr'><strong>ille</strong></span> <span class='ocrx_word' id='word_1_298' title='bbox 1385 3049 1872 3112; x_wconf 89' lang='lat' dir='ltr'><strong>illuminationis</strong></span> <span class='ocrx_word' id='word_1_299' title='bbox 1924 3049 2317 3130; x_wconf 90' lang='lat' dir='ltr'><strong>angelorum,</strong></span> <span class='ocrx_word' id='word_1_300' title='bbox 2361 3047 2404 3110; x_wconf 90' lang='lat' dir='ltr'>C</span> <span class='ocrx_word' id='word_1_301' title='bbox 2435 3050 2613 3112; x_wconf 84' lang='lat' dir='ltr'><strong>simae</strong></span> <span class='ocrx_word' id='word_1_302' title='bbox 2670 3048 2883 3110; x_wconf 86' lang='lat' dir='ltr'><strong>Matris</strong></span> <span class='ocrx_word' id='word_1_303' title='bbox 2943 3047 3105 3129; x_wconf 82' lang='lat' dir='ltr'><strong>ejuS,</strong></span> <span class='ocrx_word' id='word_1_304' title='bbox 3158 3047 3546 3110; x_wconf 89' lang='lat' dir='ltr'><strong>eminentius</strong></span> <span class='ocrx_word' id='word_1_305' title='bbox 3598 3055 3662 3109; x_wconf 88' lang='lat' dir='ltr'><strong>et</strong></span> <span class='ocrx_word' id='word_1_306' title='bbox 3719 3047 3944 3110; x_wconf 89' lang='lat' dir='ltr'><strong>imme-</strong></span> 
     </span>
    </p>
   </div>
   <div class='ocr_carea' id='block_1_12' title="bbox 815 3145 2331 4213">
    <p class='ocr_par' dir='ltr' id='par_1_13' title="bbox 815 3145 2331 4213">
     <span class='ocr_line' id='line_1_50' title="bbox 815 3145 2321 3229; baseline -0.001 -20"><span class='ocrx_word' id='word_1_307' title='bbox 815 3148 967 3210; x_wconf 92' lang='lat' dir='ltr'><strong>hinc</strong></span> <span class='ocrx_word' id='word_1_308' title='bbox 1015 3157 1229 3211; x_wconf 88' lang='lat' dir='ltr'><strong>tamen</strong></span> <span class='ocrx_word' id='word_1_309' title='bbox 1279 3155 1459 3229; x_wconf 90' lang='lat' dir='ltr'><strong>potes</strong></span> <span class='ocrx_word' id='word_1_310' title='bbox 1507 3149 1856 3220; x_wconf 87' lang='lat' dir='ltr'><strong>advertere,</strong></span> <span class='ocrx_word' id='word_1_311' title='bbox 1910 3147 2079 3228; x_wconf 92' lang='lat' dir='ltr'><strong>quod</strong></span> <span class='ocrx_word' id='word_1_312' title='bbox 2136 3145 2321 3226; x_wconf 89' lang='lat' dir='ltr'><strong>longe</strong></span> 
     </span>
     <span class='ocr_line' id='line_1_51' title="bbox 816 3243 2323 3329; baseline -0.002 -21"><span class='ocrx_word' id='word_1_313' title='bbox 816 3247 961 3328; x_wconf 88' lang='lat' dir='ltr'><strong>plus</strong></span> <span class='ocrx_word' id='word_1_314' title='bbox 1009 3255 1275 3329; x_wconf 87' lang='lat' dir='ltr'><strong>possunt</strong></span> <span class='ocrx_word' id='word_1_315' title='bbox 1319 3247 1546 3308; x_wconf 88' lang='lat' dir='ltr'><strong>docere</strong></span> <span class='ocrx_word' id='word_1_316' title='bbox 1590 3254 1653 3309; x_wconf 87' lang='lat' dir='ltr'><strong>et</strong></span> <span class='ocrx_word' id='word_1_317' title='bbox 1699 3245 2064 3307; x_wconf 89' lang='lat' dir='ltr'><strong>illuminare</strong></span> <span class='ocrx_word' id='word_1_318' title='bbox 2105 3243 2323 3306; x_wconf 92' lang='lat' dir='ltr'><strong>subdi-</strong></span> 
     </span>
     <span class='ocr_line' id='line_1_52' title="bbox 815 3343 2323 3427; baseline -0.001 -21"><span class='ocrx_word' id='word_1_319' title='bbox 815 3353 912 3406; x_wconf 88' lang='lat' dir='ltr'><strong>tos</strong></span> <span class='ocrx_word' id='word_1_320' title='bbox 963 3345 1110 3418; x_wconf 91' lang='lat' dir='ltr'><strong>sibi,</strong></span> <span class='ocrx_word' id='word_1_321' title='bbox 1164 3365 1354 3427; x_wconf 91' lang='lat' dir='ltr'><strong>quam</strong></span> <span class='ocrx_word' id='word_1_322' title='bbox 1407 3345 1669 3406; x_wconf 89' lang='lat' dir='ltr'><strong>humani</strong></span> <span class='ocrx_word' id='word_1_323' title='bbox 1721 3345 2028 3406; x_wconf 80' lang='lat' dir='ltr'><strong>doctores,</strong></span> <span class='ocrx_word' id='word_1_324' title='bbox 2079 3343 2323 3423; x_wconf 87' lang='lat' dir='ltr'><strong>Nempe</strong></span> 
     </span>
     <span class='ocr_line' id='line_1_53' title="bbox 816 3441 2325 3525; baseline -0.002 -20"><span class='ocrx_word' id='word_1_325' title='bbox 816 3445 894 3506; x_wconf 90' lang='lat' dir='ltr'><strong>de</strong></span> <span class='ocrx_word' id='word_1_326' title='bbox 925 3443 1240 3525; x_wconf 90' lang='lat' dir='ltr'><strong>spirituali</strong></span> <span class='ocrx_word' id='word_1_327' title='bbox 1283 3444 1424 3506; x_wconf 90' lang='lat' dir='ltr'><strong>luce</strong></span> <span class='ocrx_word' id='word_1_328' title='bbox 1463 3443 1642 3505; x_wconf 90' lang='lat' dir='ltr'><strong>nullo</strong></span> <span class='ocrx_word' id='word_1_329' title='bbox 1682 3443 1870 3505; x_wconf 88' lang='lat' dir='ltr'><strong>modo</strong></span> <span class='ocrx_word' id='word_1_330' title='bbox 1907 3449 2000 3503; x_wconf 90' lang='lat' dir='ltr'><strong>est</strong></span> <span class='ocrx_word' id='word_1_331' title='bbox 2032 3441 2325 3503; x_wconf 90' lang='lat' dir='ltr'><strong>dubitan-</strong></span> 
     </span>
     <span class='ocr_line' id='line_1_54' title="bbox 816 3540 2321 3623; baseline -0.002 -20"><span class='ocrx_word' id='word_1_332' title='bbox 816 3543 969 3603; x_wconf 93' lang='lat' dir='ltr'><strong>dum</strong></span> <span class='ocrx_word' id='word_1_333' title='bbox 1001 3541 1158 3623; x_wconf 90' lang='lat' dir='ltr'><strong>quin</strong></span> <span class='ocrx_word' id='word_1_334' title='bbox 1189 3559 1266 3603; x_wconf 87' lang='lat' dir='ltr'><strong>ex</strong></span> <span class='ocrx_word' id='word_1_335' title='bbox 1297 3561 1371 3603; x_wconf 89' lang='lat' dir='ltr'><strong>ea</strong></span> <span class='ocrx_word' id='word_1_336' title='bbox 1399 3561 1436 3602; x_wconf 90' lang='lat' dir='ltr'><strong>a</strong></span> <span class='ocrx_word' id='word_1_337' title='bbox 1465 3540 1904 3622; x_wconf 89' lang='lat' dir='ltr'><strong>superioribus</strong></span> <span class='ocrx_word' id='word_1_338' title='bbox 1937 3540 2321 3602; x_wconf 87' lang='lat' dir='ltr'><strong>descendant</strong></span> 
     </span>
     <span class='ocr_line' id='line_1_55' title="bbox 815 3629 2331 3702; baseline -0.003 0"><span class='ocrx_word' id='word_1_339' title='bbox 815 3659 886 3702; x_wconf 88' lang='lat' dir='ltr'><strong>ac</strong></span> <span class='ocrx_word' id='word_1_340' title='bbox 929 3639 1214 3701; x_wconf 89' lang='lat' dir='ltr'><strong>oriantur</strong></span> <span class='ocrx_word' id='word_1_341' title='bbox 1246 3638 1602 3700; x_wconf 75' lang='lat' dir='ltr'><strong>influentiae</strong></span> <span class='ocrx_word' id='word_1_342' title='bbox 1642 3637 1982 3699; x_wconf 90' lang='lat' dir='ltr'><strong>luminales</strong></span> <span class='ocrx_word' id='word_1_343' title='bbox 2024 3644 2084 3698; x_wconf 90' lang='lat' dir='ltr'><strong>et</strong></span> <span class='ocrx_word' id='word_1_344' title='bbox 2118 3629 2331 3698; x_wconf 72' lang='lat' dir='ltr'><strong>scien-&#39;</strong></span> 
     </span>
     <span class='ocr_line' id='line_1_56' title="bbox 815 3737 2317 3808; baseline -0.003 -8"><span class='ocrx_word' id='word_1_345' title='bbox 815 3738 998 3800; x_wconf 90' lang='lat' dir='ltr'><strong>tiales</strong></span> <span class='ocrx_word' id='word_1_346' title='bbox 1038 3738 1114 3799; x_wconf 91' lang='lat' dir='ltr'><strong>ad</strong></span> <span class='ocrx_word' id='word_1_347' title='bbox 1157 3737 1490 3800; x_wconf 82' lang='lat' dir='ltr'><strong>inferiores</strong></span> <span class='ocrx_word' id='word_1_348' title='bbox 1532 3745 1594 3799; x_wconf 85' lang='lat' dir='ltr'><strong>et</strong></span> <span class='ocrx_word' id='word_1_349' title='bbox 1636 3738 1713 3799; x_wconf 90' lang='lat' dir='ltr'><strong>ad</strong></span> <span class='ocrx_word' id='word_1_350' title='bbox 1758 3737 2003 3799; x_wconf 90' lang='lat' dir='ltr'><strong>animas</strong></span> <span class='ocrx_word' id='word_1_351' title='bbox 2050 3743 2317 3808; x_wconf 82' lang='lat' dir='ltr'><strong>nostraS,</strong></span> 
     </span>
     <span class='ocr_line' id='line_1_57' title="bbox 817 3833 2319 3920; baseline -0.003 -22"><span class='ocrx_word' id='word_1_352' title='bbox 817 3837 1169 3920; x_wconf 80' lang='lat' dir='ltr'><strong>praesertim</strong></span> <span class='ocrx_word' id='word_1_353' title='bbox 1219 3837 1297 3898; x_wconf 88' lang='lat' dir='ltr'><strong>ad</strong></span> <span class='ocrx_word' id='word_1_354' title='bbox 1348 3837 1592 3898; x_wconf 89' lang='lat' dir='ltr'><strong>animas</strong></span> <span class='ocrx_word' id='word_1_355' title='bbox 1642 3836 2120 3917; x_wconf 88' lang='lat' dir='ltr'><strong>Prophetarum,</strong></span> <span class='ocrx_word' id='word_1_356' title='bbox 2168 3833 2319 3894; x_wconf 90' lang='lat' dir='ltr'><strong>alio-</strong></span> 
     </span>
     <span class='ocr_line' id='line_1_58' title="bbox 817 3931 2320 4015; baseline -0.003 -19"><span class='ocrx_word' id='word_1_357' title='bbox 817 3953 1090 4015; x_wconf 90' lang='lat' dir='ltr'><strong>rumque</strong></span> <span class='ocrx_word' id='word_1_358' title='bbox 1135 3943 1500 3997; x_wconf 90' lang='lat' dir='ltr'><strong>sanctorum</strong></span> <span class='ocrx_word' id='word_1_359' title='bbox 1540 3935 1824 3997; x_wconf 87' lang='lat' dir='ltr'><strong>virorum</strong></span> <span class='ocrx_word' id='word_1_360' title='bbox 1870 3931 2105 4014; x_wconf 89' lang='lat' dir='ltr'><strong>quibus</strong></span> <span class='ocrx_word' id='word_1_361' title='bbox 2147 3950 2320 3992; x_wconf 84' lang='lat' dir='ltr'><strong>reve-</strong></span> 
     </span>
     <span class='ocr_line' id='line_1_59' title="bbox 816 4030 2320 4115; baseline -0.003 -21"><span class='ocrx_word' id='word_1_362' title='bbox 816 4033 1085 4096; x_wconf 89' lang='lat' dir='ltr'><strong>lationes</strong></span> <span class='ocrx_word' id='word_1_363' title='bbox 1115 4032 1284 4094; x_wconf 85' lang='lat' dir='ltr'><strong>fiunt</strong></span> <span class='ocrx_word' id='word_1_364' title='bbox 1315 4053 1428 4114; x_wconf 90' lang='lat' dir='ltr'><strong>per</strong></span> <span class='ocrx_word' id='word_1_365' title='bbox 1458 4041 1709 4115; x_wconf 88' lang='lat' dir='ltr'><strong>raptum</strong></span> <span class='ocrx_word' id='word_1_366' title='bbox 1740 4039 1849 4094; x_wconf 89' lang='lat' dir='ltr'><strong>aut</strong></span> <span class='ocrx_word' id='word_1_367' title='bbox 1881 4050 1994 4113; x_wconf 90' lang='lat' dir='ltr'><strong>per</strong></span> <span class='ocrx_word' id='word_1_368' title='bbox 2025 4030 2320 4092; x_wconf 86' lang='lat' dir='ltr'><strong>ecstasim</strong></span> 
     </span>
     <span class='ocr_line' id='line_1_60' title="bbox 817 4127 2321 4213; baseline -0.004 -20"><span class='ocrx_word' id='word_1_369' title='bbox 817 4131 951 4194; x_wconf 88' lang='lat' dir='ltr'><strong>sive</strong></span> <span class='ocrx_word' id='word_1_370' title='bbox 1001 4150 1116 4213; x_wconf 88' lang='lat' dir='ltr'><strong>per</strong></span> <span class='ocrx_word' id='word_1_371' title='bbox 1161 4131 1505 4203; x_wconf 90' lang='lat' dir='ltr'><strong>somnium,</strong></span> <span class='ocrx_word' id='word_1_372' title='bbox 1554 4147 1679 4192; x_wconf 91' lang='lat' dir='ltr'><strong>non</strong></span> <span class='ocrx_word' id='word_1_373' title='bbox 1729 4127 2000 4191; x_wconf 89' lang='lat' dir='ltr'><strong>naturali</strong></span> <span class='ocrx_word' id='word_1_374' title='bbox 2046 4127 2321 4189; x_wconf 90' lang='lat' dir='ltr'><strong>necessi-</strong></span> 
     </span>
    </p>
   </div>
   <div class='ocr_carea' id='block_1_13' title="bbox 2430 3145 3949 3915">
    <p class='ocr_par' dir='ltr' id='par_1_14' title="bbox 2430 3145 3949 3915">
     <span class='ocr_line' id='line_1_61' title="bbox 2435 3145 3944 3219; baseline 0 -11"><span class='ocrx_word' id='word_1_375' title='bbox 2435 3147 2668 3209; x_wconf 91' lang='lat' dir='ltr'><strong>diatius</strong></span> <span class='ocrx_word' id='word_1_376' title='bbox 2718 3147 2847 3208; x_wconf 87' lang='lat' dir='ltr'><strong>Deo</strong></span> <span class='ocrx_word' id='word_1_377' title='bbox 2893 3147 3087 3219; x_wconf 87' lang='lat' dir='ltr'><strong>uniri,</strong></span> <span class='ocrx_word' id='word_1_378' title='bbox 3130 3153 3194 3208; x_wconf 87' lang='lat' dir='ltr'><strong>et</strong></span> <span class='ocrx_word' id='word_1_379' title='bbox 3240 3145 3659 3209; x_wconf 81' lang='lat' dir='ltr'><strong>ineffabiliter</strong></span> <span class='ocrx_word' id='word_1_380' title='bbox 3706 3145 3944 3208; x_wconf 84' lang='lat' dir='ltr'><strong>exube-</strong></span> 
     </span>
     <span class='ocr_line' id='line_1_62' title="bbox 2435 3243 3943 3325; baseline 0 -19"><span class='ocrx_word' id='word_1_381' title='bbox 2435 3246 2677 3306; x_wconf 91' lang='lat' dir='ltr'><strong>rantius</strong></span> <span class='ocrx_word' id='word_1_382' title='bbox 2710 3244 3061 3306; x_wconf 88' lang='lat' dir='ltr'><strong>illuminari</strong></span> <span class='ocrx_word' id='word_1_383' title='bbox 3102 3243 3183 3305; x_wconf 89' lang='lat' dir='ltr'><strong>ab</strong></span> <span class='ocrx_word' id='word_1_384' title='bbox 3215 3244 3376 3325; x_wconf 91' lang='lat' dir='ltr'><strong>ipso,</strong></span> <span class='ocrx_word' id='word_1_385' title='bbox 3410 3263 3601 3325; x_wconf 90' lang='lat' dir='ltr'><strong>quam</strong></span> <span class='ocrx_word' id='word_1_386' title='bbox 3633 3243 3826 3306; x_wconf 88' lang='lat' dir='ltr'><strong>alicui</strong></span> <span class='ocrx_word' id='word_1_387' title='bbox 3858 3263 3943 3306; x_wconf 85' lang='lat' dir='ltr'><strong>ex</strong></span> 
     </span>
     <span class='ocr_line' id='line_1_63' title="bbox 2433 3341 3945 3424; baseline -0.001 -20"><span class='ocrx_word' id='word_1_388' title='bbox 2433 3343 2791 3405; x_wconf 87' lang='lat' dir='ltr'><strong>hierarchia</strong></span> <span class='ocrx_word' id='word_1_389' title='bbox 2822 3341 3143 3424; x_wconf 75' lang='lat' dir='ltr'><strong>suprema,</strong></span> <span class='ocrx_word' id='word_1_390' title='bbox 3180 3341 3245 3403; x_wconf 92' lang='lat' dir='ltr'><strong>in</strong></span> <span class='ocrx_word' id='word_1_391' title='bbox 3276 3348 3522 3403; x_wconf 89' lang='lat' dir='ltr'><strong>tantum</strong></span> <span class='ocrx_word' id='word_1_392' title='bbox 3557 3343 3726 3423; x_wconf 90' lang='lat' dir='ltr'><strong>quod</strong></span> <span class='ocrx_word' id='word_1_393' title='bbox 3760 3342 3945 3405; x_wconf 88' lang='lat' dir='ltr'><strong>Chri-</strong></span> 
     </span>
     <span class='ocr_line' id='line_1_64' title="bbox 2433 3441 3945 3522; baseline 0 -20"><span class='ocrx_word' id='word_1_394' title='bbox 2433 3449 2568 3503; x_wconf 87' lang='lat' dir='ltr'><strong>stus</strong></span> <span class='ocrx_word' id='word_1_395' title='bbox 2598 3442 2791 3503; x_wconf 90' lang='lat' dir='ltr'><strong>etiam</strong></span> <span class='ocrx_word' id='word_1_396' title='bbox 2824 3441 3177 3503; x_wconf 88' lang='lat' dir='ltr'><strong>secundum</strong></span> <span class='ocrx_word' id='word_1_397' title='bbox 3209 3447 3499 3502; x_wconf 86' lang='lat' dir='ltr'><strong>naturam</strong></span> <span class='ocrx_word' id='word_1_398' title='bbox 3540 3449 3945 3522; x_wconf 88' lang='lat' dir='ltr'><strong>assumptam</strong></span> 
     </span>
     <span class='ocr_line' id='line_1_65' title="bbox 2432 3538 3949 3621; baseline -0.001 -20"><span class='ocrx_word' id='word_1_399' title='bbox 2432 3541 2643 3602; x_wconf 87' lang='lat' dir='ltr'><strong>taliter</strong></span> <span class='ocrx_word' id='word_1_400' title='bbox 2680 3539 3128 3621; x_wconf 78' lang='lat' dir='ltr'><strong>glorificatam,</strong></span> <span class='ocrx_word' id='word_1_401' title='bbox 3163 3547 3222 3600; x_wconf 90' lang='lat' dir='ltr'><strong>et</strong></span> <span class='ocrx_word' id='word_1_402' title='bbox 3264 3538 3783 3620; x_wconf 63' lang='lat' dir='ltr'><strong>praee-lectissima</strong></span> <span class='ocrx_word' id='word_1_403' title='bbox 3814 3538 3949 3601; x_wconf 81' lang='lat' dir='ltr'><strong>vir-</strong></span> 
     </span>
     <span class='ocr_line' id='line_1_66' title="bbox 2430 3627 3947 3720; baseline -0.001 -20"><span class='ocrx_word' id='word_1_404' title='bbox 2430 3656 2509 3720; x_wconf 88' lang='lat' dir='ltr'><strong>go</strong></span> <span class='ocrx_word' id='word_1_405' title='bbox 2540 3637 2751 3710; x_wconf 89' lang='lat' dir='ltr'><strong>Maria,</strong></span> <span class='ocrx_word' id='word_1_406' title='bbox 2785 3656 2862 3699; x_wconf 86' lang='lat' dir='ltr'><strong>ex</strong></span> <span class='ocrx_word' id='word_1_407' title='bbox 2894 3643 3023 3697; x_wconf 84' lang='lat' dir='ltr'><strong>tam</strong></span> <span class='ocrx_word' id='word_1_408' title='bbox 3069 3627 3501 3698; x_wconf 63' lang='lat' dir='ltr'><strong>inaestimabili</strong></span> <span class='ocrx_word' id='word_1_409' title='bbox 3536 3636 3947 3719; x_wconf 85' lang='lat' dir='ltr'><strong>plenitudine</strong></span> 
     </span>
     <span class='ocr_line' id='line_1_67' title="bbox 2432 3733 3949 3817; baseline -0.001 -19"><span class='ocrx_word' id='word_1_410' title='bbox 2432 3756 2546 3798; x_wconf 88' lang='lat' dir='ltr'><strong>sua</strong></span> <span class='ocrx_word' id='word_1_411' title='bbox 2592 3743 2887 3817; x_wconf 89' lang='lat' dir='ltr'><strong>purgent,</strong></span> <span class='ocrx_word' id='word_1_412' title='bbox 2942 3735 3308 3796; x_wconf 89' lang='lat' dir='ltr'><strong>illuminent</strong></span> <span class='ocrx_word' id='word_1_413' title='bbox 3359 3742 3551 3816; x_wconf 90' lang='lat' dir='ltr'><strong>atque</strong></span> <span class='ocrx_word' id='word_1_414' title='bbox 3599 3733 3949 3816; x_wconf 81' lang='lat' dir='ltr'><strong>perficiant</strong></span> 
     </span>
     <span class='ocr_line' id='line_1_68' title="bbox 2432 3833 3893 3915; baseline 0 -19"><span class='ocrx_word' id='word_1_415' title='bbox 2432 3834 2624 3896; x_wconf 89' lang='lat' dir='ltr'><strong>etiam</strong></span> <span class='ocrx_word' id='word_1_416' title='bbox 2664 3851 3105 3915; x_wconf 88' lang='lat' dir='ltr'><strong>quoscumque</strong></span> <span class='ocrx_word' id='word_1_417' title='bbox 3146 3833 3519 3895; x_wconf 81' lang='lat' dir='ltr'><strong>hierarchiae</strong></span> <span class='ocrx_word' id='word_1_418' title='bbox 3557 3851 3893 3913; x_wconf 69' lang='lat' dir='ltr'><strong>supremae.</strong></span> 
     </span>
    </p>
   </div>
   <div class='ocr_carea' id='block_1_14' title="bbox 2433 4009 3941 4208">
    <p class='ocr_par' dir='ltr' id='par_1_15' title="bbox 2433 4009 3941 4208">
     <span class='ocr_line' id='line_1_69' title="bbox 2511 4009 3939 4110; baseline 0 -19"><span class='ocrx_word' id='word_1_419' title='bbox 2511 4029 2861 4110; x_wconf 88' lang='lat' dir='ltr'><strong>Responsio</strong></span> <span class='ocrx_word' id='word_1_420' title='bbox 2918 4029 2997 4090; x_wconf 89' lang='lat' dir='ltr'><strong>ad</strong></span> <span class='ocrx_word' id='word_1_421' title='bbox 3047 4027 3297 4109; x_wconf 85' lang='lat' dir='ltr'><strong>objecta</strong></span> <span class='ocrx_word' id='word_1_422' title='bbox 3344 4009 3541 4090; x_wconf 78' lang='lat' dir='ltr'><strong>claret</strong></span> <span class='ocrx_word' id='word_1_423' title='bbox 3588 4048 3664 4090; x_wconf 86' lang='lat' dir='ltr'><strong>ex</strong></span> <span class='ocrx_word' id='word_1_424' title='bbox 3722 4029 3939 4092; x_wconf 79' lang='lat' dir='ltr'><strong>dictis,</strong></span> 
     </span>
     <span class='ocr_line' id='line_1_70' title="bbox 2433 4125 3941 4208; baseline 0.001 -20"><span class='ocrx_word' id='word_1_425' title='bbox 2433 4126 2684 4188; x_wconf 84' lang='lat' dir='ltr'><strong>Etenim</strong></span> <span class='ocrx_word' id='word_1_426' title='bbox 2716 4146 2937 4190; x_wconf 83' lang='lat' dir='ltr'><strong>verum</strong></span> <span class='ocrx_word' id='word_1_427' title='bbox 2970 4134 3087 4201; x_wconf 90' lang='lat' dir='ltr'><strong>est,</strong></span> <span class='ocrx_word' id='word_1_428' title='bbox 3121 4127 3292 4208; x_wconf 89' lang='lat' dir='ltr'><strong>quod</strong></span> <span class='ocrx_word' id='word_1_429' title='bbox 3326 4126 3389 4188; x_wconf 90' lang='lat' dir='ltr'><strong>in</strong></span> <span class='ocrx_word' id='word_1_430' title='bbox 3424 4125 3591 4188; x_wconf 88' lang='lat' dir='ltr'><strong>clara</strong></span> <span class='ocrx_word' id='word_1_431' title='bbox 3619 4145 3691 4188; x_wconf 89' lang='lat' dir='ltr'><strong>ac</strong></span> <span class='ocrx_word' id='word_1_432' title='bbox 3726 4125 3941 4189; x_wconf 79' lang='lat' dir='ltr'><strong>faciali</strong></span> 
     </span>
    </p>
   </div>
   <div class='ocr_carea' id='block_1_15' title="bbox 818 4223 3942 4309">
    <p class='ocr_par' dir='ltr' id='par_1_16' title="bbox 818 4223 3942 4309">
     <span class='ocr_line' id='line_1_71' title="bbox 818 4223 3942 4309; baseline -0.001 -19"><span class='ocrx_word' id='word_1_433' title='bbox 818 4230 1088 4303; x_wconf 89' lang='lat' dir='ltr'><strong>tate,sed</strong></span> <span class='ocrx_word' id='word_1_434' title='bbox 1123 4229 1323 4290; x_wconf 89' lang='lat' dir='ltr'><strong>libera</strong></span> <span class='ocrx_word' id='word_1_435' title='bbox 1352 4228 1695 4291; x_wconf 86' lang='lat' dir='ltr'><strong>voluntate.</strong></span> <span class='ocrx_word' id='word_1_436' title='bbox 1713 4229 2116 4309; x_wconf 70' lang='lat' dir='ltr'><strong>Unaquaeque</strong></span> <span class='ocrx_word' id='word_1_437' title='bbox 2147 4225 2318 4286; x_wconf 91' lang='lat' dir='ltr'><strong>enim</strong></span> <span class='ocrx_word' id='word_1_438' title='bbox 2353 4225 2401 4287; x_wconf 93' lang='lat' dir='ltr'>D</span> <span class='ocrx_word' id='word_1_439' title='bbox 2434 4224 2694 4286; x_wconf 86' lang='lat' dir='ltr'><strong>Deitatis</strong></span> <span class='ocrx_word' id='word_1_440' title='bbox 2749 4224 3144 4305; x_wconf 87' lang='lat' dir='ltr'><strong>inspectione</strong></span> <span class='ocrx_word' id='word_1_441' title='bbox 3202 4223 3539 4285; x_wconf 86' lang='lat' dir='ltr'><strong>essentiale</strong></span> <span class='ocrx_word' id='word_1_442' title='bbox 3598 4224 3942 4305; x_wconf 82' lang='lat' dir='ltr'><strong>praemium</strong></span> 
     </span>
    </p>
   </div>
   <div class='ocr_carea' id='block_1_16' title="bbox 815 4323 2327 5292">
    <p class='ocr_par' dir='ltr' id='par_1_17' title="bbox 815 4323 2327 5292">
     <span class='ocr_line' id='line_1_72' title="bbox 817 4323 2320 4409; baseline -0.005 -18"><span class='ocrx_word' id='word_1_443' title='bbox 817 4328 1187 4409; x_wconf 90' lang='lat' dir='ltr'><strong>hujusmodi</strong></span> <span class='ocrx_word' id='word_1_444' title='bbox 1235 4327 1730 4390; x_wconf 89' lang='lat' dir='ltr'><strong>substantiarum</strong></span> <span class='ocrx_word' id='word_1_445' title='bbox 1775 4345 1922 4388; x_wconf 88' lang='lat' dir='ltr'><strong>vere</strong></span> <span class='ocrx_word' id='word_1_446' title='bbox 1969 4323 2320 4406; x_wconf 88' lang='lat' dir='ltr'><strong>spiritualis</strong></span> 
     </span>
     <span class='ocr_line' id='line_1_73' title="bbox 817 4423 2321 4506; baseline -0.005 -16"><span class='ocrx_word' id='word_1_447' title='bbox 817 4435 914 4490; x_wconf 91' lang='lat' dir='ltr'><strong>est</strong></span> <span class='ocrx_word' id='word_1_448' title='bbox 956 4426 1118 4489; x_wconf 83' lang='lat' dir='ltr'><strong>liber</strong></span> <span class='ocrx_word' id='word_1_449' title='bbox 1150 4426 1562 4487; x_wconf 66' lang='lat' dir='ltr'><strong>lucidissimae.</strong></span> <span class='ocrx_word' id='word_1_450' title='bbox 1594 4423 2029 4506; x_wconf 88' lang='lat' dir='ltr'><strong>inscriptionis</strong></span> <span class='ocrx_word' id='word_1_451' title='bbox 2069 4430 2321 4483; x_wconf 84' lang='lat' dir='ltr'><strong>natura—</strong></span> 
     </span>
     <span class='ocr_line' id='line_1_74' title="bbox 818 4521 2321 4602; baseline -0.004 -15"><span class='ocrx_word' id='word_1_452' title='bbox 818 4526 976 4587; x_wconf 91' lang='lat' dir='ltr'><strong>lium</strong></span> <span class='ocrx_word' id='word_1_453' title='bbox 1017 4543 1092 4586; x_wconf 88' lang='lat' dir='ltr'><strong>ac</strong></span> <span class='ocrx_word' id='word_1_454' title='bbox 1127 4524 1506 4586; x_wconf 84' lang='lat' dir='ltr'><strong>divinalium</strong></span> <span class='ocrx_word' id='word_1_455' title='bbox 1548 4523 1981 4596; x_wconf 86' lang='lat' dir='ltr'><strong>scientiarum,</strong></span> <span class='ocrx_word' id='word_1_456' title='bbox 2015 4530 2077 4583; x_wconf 91' lang='lat' dir='ltr'><strong>et</strong></span> <span class='ocrx_word' id='word_1_457' title='bbox 2117 4521 2321 4602; x_wconf 87' lang='lat' dir='ltr'><strong>appli-</strong></span> 
     </span>
     <span class='ocr_line' id='line_1_75' title="bbox 817 4620 2318 4703; baseline -0.005 -17"><span class='ocrx_word' id='word_1_458' title='bbox 817 4632 916 4686; x_wconf 93' lang='lat' dir='ltr'><strong>cat</strong></span> <span class='ocrx_word' id='word_1_459' title='bbox 966 4643 1034 4686; x_wconf 89' lang='lat' dir='ltr'><strong>se</strong></span> <span class='ocrx_word' id='word_1_460' title='bbox 1083 4621 1395 4696; x_wconf 80' lang='lat' dir='ltr'><strong>inferiori,</strong></span> <span class='ocrx_word' id='word_1_461' title='bbox 1448 4640 1574 4684; x_wconf 90' lang='lat' dir='ltr'><strong>non</strong></span> <span class='ocrx_word' id='word_1_462' title='bbox 1636 4620 1946 4703; x_wconf 89' lang='lat' dir='ltr'><strong>corporali</strong></span> <span class='ocrx_word' id='word_1_463' title='bbox 1999 4627 2318 4693; x_wconf 86' lang='lat' dir='ltr'><strong>contactu,</strong></span> 
     </span>
     <span class='ocr_line' id='line_1_76' title="bbox 815 4716 2323 4803; baseline -0.005 -19"><span class='ocrx_word' id='word_1_464' title='bbox 815 4723 925 4784; x_wconf 86' lang='lat' dir='ltr'><strong>sed</strong></span> <span class='ocrx_word' id='word_1_465' title='bbox 987 4720 1304 4803; x_wconf 89' lang='lat' dir='ltr'><strong>spirituali</strong></span> <span class='ocrx_word' id='word_1_466' title='bbox 1365 4720 1734 4799; x_wconf 90' lang='lat' dir='ltr'><strong>conjunctu,</strong></span> <span class='ocrx_word' id='word_1_467' title='bbox 1787 4738 1984 4800; x_wconf 90' lang='lat' dir='ltr'><strong>quum</strong></span> <span class='ocrx_word' id='word_1_468' title='bbox 2047 4717 2185 4799; x_wconf 89' lang='lat' dir='ltr'><strong>ipsa</strong></span> <span class='ocrx_word' id='word_1_469' title='bbox 2239 4716 2323 4778; x_wconf 87' lang='lat' dir='ltr'><strong>sit</strong></span> 
     </span>
     <span class='ocr_line' id='line_1_77' title="bbox 818 4816 2323 4902; baseline -0.004 -19"><span class='ocrx_word' id='word_1_470' title='bbox 818 4820 982 4883; x_wconf 89' lang='lat' dir='ltr'><strong>liber</strong></span> <span class='ocrx_word' id='word_1_471' title='bbox 1021 4818 1372 4902; x_wconf 89' lang='lat' dir='ltr'><strong>spiritualis</strong></span> <span class='ocrx_word' id='word_1_472' title='bbox 1413 4826 1476 4880; x_wconf 92' lang='lat' dir='ltr'><strong>et</strong></span> <span class='ocrx_word' id='word_1_473' title='bbox 1511 4817 1843 4897; x_wconf 89' lang='lat' dir='ltr'><strong>speculum</strong></span> <span class='ocrx_word' id='word_1_474' title='bbox 1887 4835 2142 4900; x_wconf 90' lang='lat' dir='ltr'><strong>purum.</strong></span> <span class='ocrx_word' id='word_1_475' title='bbox 2179 4816 2323 4877; x_wconf 91' lang='lat' dir='ltr'><strong>Pro-</strong></span> 
     </span>
     <span class='ocr_line' id='line_1_78' title="bbox 819 4912 2321 5000; baseline -0.004 -20"><span class='ocrx_word' id='word_1_476' title='bbox 819 4927 959 5000; x_wconf 89' lang='lat' dir='ltr'><strong>pter</strong></span> <span class='ocrx_word' id='word_1_477' title='bbox 998 4918 1169 5000; x_wconf 91' lang='lat' dir='ltr'><strong>quod</strong></span> <span class='ocrx_word' id='word_1_478' title='bbox 1213 4915 1555 4998; x_wconf 89' lang='lat' dir='ltr'><strong>applicatio</strong></span> <span class='ocrx_word' id='word_1_479' title='bbox 1597 4913 1940 4995; x_wconf 89' lang='lat' dir='ltr'><strong>cujuslibet</strong></span> <span class='ocrx_word' id='word_1_480' title='bbox 1981 4913 2126 4975; x_wconf 90' lang='lat' dir='ltr'><strong>talis</strong></span> <span class='ocrx_word' id='word_1_481' title='bbox 2172 4912 2321 4975; x_wconf 91' lang='lat' dir='ltr'><strong>sub-</strong></span> 
     </span>
     <span class='ocr_line' id='line_1_79' title="bbox 819 5011 2321 5078; baseline -0.004 0"><span class='ocrx_word' id='word_1_482' title='bbox 819 5015 1064 5078; x_wconf 78' lang='lat' dir='ltr'><strong>stantiae</strong></span> <span class='ocrx_word' id='word_1_483' title='bbox 1127 5021 1224 5076; x_wconf 88' lang='lat' dir='ltr'><strong>est</strong></span> <span class='ocrx_word' id='word_1_484' title='bbox 1284 5012 1639 5076; x_wconf 89' lang='lat' dir='ltr'><strong>essentialis</strong></span> <span class='ocrx_word' id='word_1_485' title='bbox 1698 5021 1761 5074; x_wconf 89' lang='lat' dir='ltr'><strong>et</strong></span> <span class='ocrx_word' id='word_1_486' title='bbox 1819 5012 2189 5074; x_wconf 88' lang='lat' dir='ltr'><strong>immediata</strong></span> <span class='ocrx_word' id='word_1_487' title='bbox 2244 5011 2321 5072; x_wconf 91' lang='lat' dir='ltr'><strong>ad</strong></span> 
     </span>
     <span class='ocr_line' id='line_1_80' title="bbox 821 5109 2323 5190; baseline -0.004 -15"><span class='ocrx_word' id='word_1_488' title='bbox 821 5113 1189 5175; x_wconf 76' lang='lat' dir='ltr'><strong>inferiorem</strong></span> <span class='ocrx_word' id='word_1_489' title='bbox 1233 5112 1334 5174; x_wconf 89' lang='lat' dir='ltr'><strong>cui</strong></span> <span class='ocrx_word' id='word_1_490' title='bbox 1368 5131 1436 5174; x_wconf 92' lang='lat' dir='ltr'><strong>se</strong></span> <span class='ocrx_word' id='word_1_491' title='bbox 1476 5110 1667 5173; x_wconf 78' lang='lat' dir='ltr'><strong>offert</strong></span> <span class='ocrx_word' id='word_1_492' title='bbox 1705 5129 1778 5172; x_wconf 97' lang='lat' dir='ltr'><strong>ac</strong></span> <span class='ocrx_word' id='word_1_493' title='bbox 1811 5109 2031 5190; x_wconf 88' lang='lat' dir='ltr'><strong>objicit</strong></span> <span class='ocrx_word' id='word_1_494' title='bbox 2075 5109 2323 5170; x_wconf 86' lang='lat' dir='ltr'><strong>intuen-</strong></span> 
     </span>
     <span class='ocr_line' id='line_1_81' title="bbox 822 5207 2327 5292; baseline -0.004 -19"><span class='ocrx_word' id='word_1_495' title='bbox 822 5212 988 5273; x_wconf 89' lang='lat' dir='ltr'><strong>dam.</strong></span> <span class='ocrx_word' id='word_1_496' title='bbox 1025 5210 1382 5292; x_wconf 89' lang='lat' dir='ltr'><strong>Ingreditur</strong></span> <span class='ocrx_word' id='word_1_497' title='bbox 1420 5227 1674 5291; x_wconf 89' lang='lat' dir='ltr'><strong>quoque</strong></span> <span class='ocrx_word' id='word_1_498' title='bbox 1718 5208 1781 5270; x_wconf 92' lang='lat' dir='ltr'><strong>in</strong></span> <span class='ocrx_word' id='word_1_499' title='bbox 1821 5209 2124 5280; x_wconf 90' lang='lat' dir='ltr'><strong>animam,</strong></span> <span class='ocrx_word' id='word_1_500' title='bbox 2161 5207 2327 5270; x_wconf 81' lang='lat' dir='ltr'><strong>sicut-</strong></span> 
     </span>
    </p>
   </div>
   <div class='ocr_carea' id='block_1_17' title="bbox 531 5305 2325 5400">
    <p class='ocr_par' dir='ltr' id='par_1_18' title="bbox 531 5305 2325 5400">
     <span class='ocr_line' id='line_1_82' title="bbox 531 5305 2325 5400; baseline -0.008 -19"><span class='ocrx_word' id='word_1_501' title='bbox 531 5332 794 5385; x_wconf 68' lang='lat' dir='ltr'><strong>Zaeh.11‚³.</strong></span> <span class='ocrx_word' id='word_1_502' title='bbox 829 5330 991 5373; x_wconf 90' lang='lat' dir='ltr'><strong>unus</strong></span> <span class='ocrx_word' id='word_1_503' title='bbox 1043 5311 1308 5400; x_wconf 88' lang='lat' dir='ltr'><strong>protulit</strong></span> <span class='ocrx_word' id='word_1_504' title='bbox 1349 5310 1802 5396; x_wconf 89' lang='lat' dir='ltr'><strong>Prophetarum</strong></span> <span class='ocrx_word' id='word_1_505' title='bbox 1841 5326 1855 5372; x_wconf 91' lang='lat'>:</span> <span class='ocrx_word' id='word_1_506' title='bbox 1889 5308 2166 5392; x_wconf 87' lang='lat' dir='ltr'><strong>Angelus</strong></span> <span class='ocrx_word' id='word_1_507' title='bbox 2214 5305 2325 5390; x_wconf 93' lang='lat' dir='ltr'><strong>qui</strong></span> 
     </span>
    </p>
   </div>
   <div class='ocr_carea' id='block_1_18' title="bbox 2430 4321 3945 5386">
    <p class='ocr_par' dir='ltr' id='par_1_19' title="bbox 2430 4321 3945 5386">
     <span class='ocr_line' id='line_1_83' title="bbox 2432 4321 3945 4403; baseline 0 -20"><span class='ocrx_word' id='word_1_508' title='bbox 2432 4322 2625 4383; x_wconf 90' lang='lat' dir='ltr'><strong>situm</strong></span> <span class='ocrx_word' id='word_1_509' title='bbox 2659 4329 2775 4394; x_wconf 83' lang='lat' dir='ltr'><strong>est,</strong></span> <span class='ocrx_word' id='word_1_510' title='bbox 2811 4322 2979 4403; x_wconf 87' lang='lat' dir='ltr'><strong>quod</strong></span> <span class='ocrx_word' id='word_1_511' title='bbox 3006 4321 3199 4383; x_wconf 90' lang='lat' dir='ltr'><strong>etiam</strong></span> <span class='ocrx_word' id='word_1_512' title='bbox 3232 4340 3347 4402; x_wconf 88' lang='lat' dir='ltr'><strong>per</strong></span> <span class='ocrx_word' id='word_1_513' title='bbox 3376 4341 3443 4383; x_wconf 90' lang='lat' dir='ltr'><strong>se</strong></span> <span class='ocrx_word' id='word_1_514' title='bbox 3482 4321 3669 4403; x_wconf 89' lang='lat' dir='ltr'><strong>plene</strong></span> <span class='ocrx_word' id='word_1_515' title='bbox 3700 4323 3945 4384; x_wconf 88' lang='lat' dir='ltr'><strong>satiati-</strong></span> 
     </span>
     <span class='ocr_line' id='line_1_84' title="bbox 2430 4405 3937 4494; baseline 0 -10"><span class='ocrx_word' id='word_1_516' title='bbox 2430 4441 2583 4484; x_wconf 90' lang='lat' dir='ltr'><strong>vum</strong></span> <span class='ocrx_word' id='word_1_517' title='bbox 2624 4428 2688 4481; x_wconf 92' lang='lat' dir='ltr'><strong>et</strong></span> <span class='ocrx_word' id='word_1_518' title='bbox 2728 4420 3229 4482; x_wconf 90' lang='lat' dir='ltr'><strong>contentativum</strong></span> <span class='ocrx_word' id='word_1_519' title='bbox 3269 4428 3365 4482; x_wconf 86' lang='lat' dir='ltr'><strong>est</strong></span> <span class='ocrx_word' id='word_1_520' title='bbox 3406 4421 3639 4482; x_wconf 91' lang='lat' dir='ltr'><strong>mentis</strong></span> <span class='ocrx_word' id='word_1_521' title='bbox 3684 4405 3937 4494; x_wconf 72' lang='lat' dir='ltr'><strong>creatae,</strong></span> 
     </span>
     <span class='ocr_line' id='line_1_85' title="bbox 2431 4518 3938 4600; baseline -0.001 -19"><span class='ocrx_word' id='word_1_522' title='bbox 2431 4519 2555 4581; x_wconf 89' lang='lat' dir='ltr'><strong>nisi</strong></span> <span class='ocrx_word' id='word_1_523' title='bbox 2589 4519 2757 4600; x_wconf 90' lang='lat' dir='ltr'><strong>quod</strong></span> <span class='ocrx_word' id='word_1_524' title='bbox 2791 4520 2954 4580; x_wconf 88' lang='lat' dir='ltr'><strong>Deus</strong></span> <span class='ocrx_word' id='word_1_525' title='bbox 2995 4518 3521 4600; x_wconf 86' lang='lat' dir='ltr'><strong>superpiissimus</strong></span> <span class='ocrx_word' id='word_1_526' title='bbox 3550 4537 3621 4580; x_wconf 89' lang='lat' dir='ltr'><strong>ac</strong></span> <span class='ocrx_word' id='word_1_527' title='bbox 3664 4518 3938 4580; x_wconf 85' lang='lat' dir='ltr'><strong>immen-</strong></span> 
     </span>
     <span class='ocr_line' id='line_1_86' title="bbox 2432 4615 3939 4698; baseline 0.001 -19"><span class='ocrx_word' id='word_1_528' title='bbox 2432 4637 2539 4679; x_wconf 91' lang='lat' dir='ltr'><strong>sus</strong></span> <span class='ocrx_word' id='word_1_529' title='bbox 2579 4637 2656 4678; x_wconf 84' lang='lat' dir='ltr'><strong>ex</strong></span> <span class='ocrx_word' id='word_1_530' title='bbox 2697 4635 2812 4678; x_wconf 89' lang='lat' dir='ltr'><strong>sua</strong></span> <span class='ocrx_word' id='word_1_531' title='bbox 2850 4615 3227 4678; x_wconf 89' lang='lat' dir='ltr'><strong>liberalitate</strong></span> <span class='ocrx_word' id='word_1_532' title='bbox 3269 4634 3528 4698; x_wconf 90' lang='lat' dir='ltr'><strong>prorsus</strong></span> <span class='ocrx_word' id='word_1_533' title='bbox 3568 4616 3939 4680; x_wconf 86' lang='lat' dir='ltr'><strong>intermina-</strong></span> 
     </span>
     <span class='ocr_line' id='line_1_87' title="bbox 2433 4713 3937 4794; baseline 0 -18"><span class='ocrx_word' id='word_1_534' title='bbox 2433 4722 2516 4788; x_wconf 88' lang='lat' dir='ltr'><strong>ta,</strong></span> <span class='ocrx_word' id='word_1_535' title='bbox 2550 4715 2716 4776; x_wconf 89' lang='lat' dir='ltr'><strong>ultra</strong></span> <span class='ocrx_word' id='word_1_536' title='bbox 2765 4713 2922 4775; x_wconf 91' lang='lat' dir='ltr'><strong>illud</strong></span> <span class='ocrx_word' id='word_1_537' title='bbox 2968 4713 3167 4775; x_wconf 90' lang='lat' dir='ltr'><strong>voluit</strong></span> <span class='ocrx_word' id='word_1_538' title='bbox 3211 4713 3343 4774; x_wconf 91' lang='lat' dir='ltr'><strong>suis</strong></span> <span class='ocrx_word' id='word_1_539' title='bbox 3387 4713 3607 4776; x_wconf 87' lang='lat' dir='ltr'><strong>electis</strong></span> <span class='ocrx_word' id='word_1_540' title='bbox 3654 4713 3937 4794; x_wconf 84' lang='lat' dir='ltr'><strong>adjicere</strong></span> 
     </span>
     <span class='ocr_line' id='line_1_88' title="bbox 2432 4799 3937 4893; baseline 0 -19"><span class='ocrx_word' id='word_1_541' title='bbox 2432 4811 2766 4892; x_wconf 87' lang='lat' dir='ltr'><strong>multiplex</strong></span> <span class='ocrx_word' id='word_1_542' title='bbox 2810 4803 3115 4890; x_wconf 83' lang='lat' dir='ltr'><strong>gaudium</strong></span> <span class='ocrx_word' id='word_1_543' title='bbox 3159 4819 3223 4873; x_wconf 91' lang='lat' dir='ltr'><strong>et</strong></span> <span class='ocrx_word' id='word_1_544' title='bbox 3265 4799 3602 4893; x_wconf 77' lang='lat' dir='ltr'><strong>praemium</strong></span> <span class='ocrx_word' id='word_1_545' title='bbox 3643 4811 3937 4874; x_wconf 88' lang='lat' dir='ltr'><strong>acciden-</strong></span> 
     </span>
     <span class='ocr_line' id='line_1_89' title="bbox 2436 4909 3945 4992; baseline 0 -20"><span class='ocrx_word' id='word_1_546' title='bbox 2436 4911 2576 4972; x_wconf 89' lang='lat' dir='ltr'><strong>tale.</strong></span> <span class='ocrx_word' id='word_1_547' title='bbox 2613 4910 2788 4973; x_wconf 90' lang='lat' dir='ltr'><strong>Unde</strong></span> <span class='ocrx_word' id='word_1_548' title='bbox 2829 4916 2892 4970; x_wconf 91' lang='lat' dir='ltr'><strong>et</strong></span> <span class='ocrx_word' id='word_1_549' title='bbox 2932 4909 3140 4971; x_wconf 89' lang='lat' dir='ltr'><strong>Sancti</strong></span> <span class='ocrx_word' id='word_1_550' title='bbox 3182 4918 3245 4971; x_wconf 92' lang='lat' dir='ltr'><strong>et</strong></span> <span class='ocrx_word' id='word_1_551' title='bbox 3281 4910 3453 4972; x_wconf 92' lang='lat' dir='ltr'><strong>Beati</strong></span> <span class='ocrx_word' id='word_1_552' title='bbox 3495 4911 3765 4992; x_wconf 89' lang='lat' dir='ltr'><strong>cupiunt</strong></span> <span class='ocrx_word' id='word_1_553' title='bbox 3804 4909 3945 4985; x_wconf 80' lang='lat' dir='ltr'><strong>illa,</strong></span> 
     </span>
     <span class='ocr_line' id='line_1_90' title="bbox 2434 5008 3941 5089; baseline -0.001 -18"><span class='ocrx_word' id='word_1_554' title='bbox 2434 5017 2497 5071; x_wconf 90' lang='lat' dir='ltr'><strong>et</strong></span> <span class='ocrx_word' id='word_1_555' title='bbox 2526 5008 2602 5070; x_wconf 91' lang='lat' dir='ltr'><strong>ad</strong></span> <span class='ocrx_word' id='word_1_556' title='bbox 2636 5008 3085 5089; x_wconf 87' lang='lat' dir='ltr'><strong>superplenam</strong></span> <span class='ocrx_word' id='word_1_557' title='bbox 3126 5009 3665 5071; x_wconf 86' lang='lat' dir='ltr'><strong>contentationem</strong></span> <span class='ocrx_word' id='word_1_558' title='bbox 3703 5009 3941 5071; x_wconf 72' lang='lat' dir='ltr'><strong>haben-</strong></span> 
     </span>
     <span class='ocr_line' id='line_1_91' title="bbox 2436 5106 3935 5189; baseline 0.001 -21"><span class='ocrx_word' id='word_1_559' title='bbox 2436 5108 2577 5169; x_wconf 88' lang='lat' dir='ltr'><strong>dam</strong></span> <span class='ocrx_word' id='word_1_560' title='bbox 2609 5107 2825 5187; x_wconf 88' lang='lat' dir='ltr'><strong>aliquo</strong></span> <span class='ocrx_word' id='word_1_561' title='bbox 2856 5106 3045 5169; x_wconf 92' lang='lat' dir='ltr'><strong>modo</strong></span> <span class='ocrx_word' id='word_1_562' title='bbox 3075 5107 3355 5188; x_wconf 87' lang='lat' dir='ltr'><strong>indigent</strong></span> <span class='ocrx_word' id='word_1_563' title='bbox 3392 5107 3540 5180; x_wconf 78' lang='lat' dir='ltr'><strong>illis,</strong></span> <span class='ocrx_word' id='word_1_564' title='bbox 3568 5127 3935 5189; x_wconf 88' lang='lat' dir='ltr'><strong>quanquam</strong></span> 
     </span>
     <span class='ocr_line' id='line_1_92' title="bbox 2438 5204 3941 5286; baseline 0 -18"><span class='ocrx_word' id='word_1_565' title='bbox 2438 5205 2652 5268; x_wconf 89' lang='lat' dir='ltr'><strong>omnia</strong></span> <span class='ocrx_word' id='word_1_566' title='bbox 2683 5204 2791 5266; x_wconf 91' lang='lat' dir='ltr'><strong>illa</strong></span> <span class='ocrx_word' id='word_1_567' title='bbox 2821 5205 2907 5266; x_wconf 89' lang='lat' dir='ltr'><strong>ita</strong></span> <span class='ocrx_word' id='word_1_568' title='bbox 2936 5225 3003 5268; x_wconf 91' lang='lat' dir='ltr'><strong>se</strong></span> <span class='ocrx_word' id='word_1_569' title='bbox 3044 5205 3317 5267; x_wconf 89' lang='lat' dir='ltr'><strong>habeant</strong></span> <span class='ocrx_word' id='word_1_570' title='bbox 3354 5206 3431 5267; x_wconf 89' lang='lat' dir='ltr'><strong>ad</strong></span> <span class='ocrx_word' id='word_1_571' title='bbox 3471 5205 3809 5286; x_wconf 81' lang='lat' dir='ltr'><strong>praemium</strong></span> <span class='ocrx_word' id='word_1_572' title='bbox 3844 5224 3941 5268; x_wconf 89' lang='lat' dir='ltr'><strong>es—</strong></span> 
     </span>
     <span class='ocr_line' id='line_1_93' title="bbox 2440 5303 3686 5386; baseline -0.001 -20"><span class='ocrx_word' id='word_1_573' title='bbox 2440 5303 2705 5368; x_wconf 87' lang='lat' dir='ltr'><strong>sentiale</strong></span> <span class='ocrx_word' id='word_1_574' title='bbox 2748 5304 2915 5366; x_wconf 90' lang='lat' dir='ltr'><strong>sicut</strong></span> <span class='ocrx_word' id='word_1_575' title='bbox 2958 5311 3268 5386; x_wconf 90' lang='lat' dir='ltr'><strong>punctum</strong></span> <span class='ocrx_word' id='word_1_576' title='bbox 3311 5303 3389 5366; x_wconf 92' lang='lat' dir='ltr'><strong>ad</strong></span> <span class='ocrx_word' id='word_1_577' title='bbox 3434 5303 3686 5367; x_wconf 90' lang='lat' dir='ltr'><strong>lineam.</strong></span> 
     </span>
    </p>
   </div>
   <div class='ocr_carea' id='block_1_19' title="bbox 4310 5059 4315 6214">
    <p class='ocr_par' dir='ltr' id='par_1_20' title="bbox 4310 5059 4315 6214">
     <span class='ocr_line' id='line_1_94' title="bbox 4310 5059 4315 6214; baseline 0 0"><span class='ocrx_word' id='word_1_578' title='bbox 4310 5059 4315 6214; x_wconf 95' lang='lat' dir='ltr'><strong> </strong></span> 
     </span>
    </p>
   </div>
  </div>
 </body>
</html>
