4334 6242
854 490 973 561 100

1526 511 1588 561 m
1628 513 1849 562 Llssmm
1892 517 1935 561 11
1976 508 2459 561 SENTENUARUM.
2505 533 2586 541 -
2625 510 2778 559 DIST.
2827 516 2888 577 13
2931 511 3155 571 QUAEST.
3201 512 3286 562 VH

855 685 1081 766 posito.
1124 686 1459 768 Postquam
1512 704 1662 749 vero
1711 686 2193 768 dispositionem
2242 690 2352 746 aut
2381 682 2432 746 A
2465 704 2634 746 nunc
2674 686 2884 766 primo
2922 686 3144 748 referri
3183 687 3261 749 ad
3293 695 3676 763 creatorem3
3709 703 3962 747 conser-

854 783 1125 846 formam
1186 785 1433 847 induxit
1492 785 1777 859 effectui,
1833 785 2022 846 talem
2082 784 2351 865 disposi-

855 883 1091 944 tionem
1138 902 1251 945 seu
1302 884 1563 945 sormam
1612 884 1751 947 sine
1793 902 1957 945 nova
2002 883 2350 945 mutatione

853 991 1185 1044 conservat
1219 1000 1233 1044 ε
1266 982 1431 1044 sicut
1473 982 1536 1044 in
1577 1000 1721 1045 aere
1760 990 1857 1043 est
1889 982 2178 1064 quaedam
2221 999 2352 1042 mu-

852 1079 1027 1153 tatio,
1043 1081 1297 1164 quando
1326 1080 1725 1142 illuminatur
1753 1080 1831 1142 de
1862 1080 2174 1153 nov0,sed
2206 1096 2352 1141 con-

852 1178 1125 1240 servatio
1172 1178 1435 1241 luminis
1477 1187 1574 1240 est
1616 1178 1857 1259 absque
1898 1196 2062 1240 nova
2096 1177 2348 1239 mutati-

852 1292 972 1337 one
1020 1295 1097 1338 ex
1149 1276 1282 1339 sola
1330 1276 1752 1339 illuminantis
1804 1276 2157 1357 praesentia.
2207 1275 2349 1338 Haec

853 1375 1141 1437 Thomas.

934 1473 1021 1535 De
1062 1474 1179 1535 hac
1218 1492 1472 1555 quoque
1513 1474 1779 1536 materia
1823 1474 2087 1556 pulchre
2126 1479 2351 1535 tractat

853 1571 920 1633 in
952 1572 1214 1634 Summa
1245 1581 1463 1635 contra
1491 1572 1785 1653 gentiles,
1821 1571 1985 1634 libro
2013 1572 2220 1645 tertie,
2257 1572 2348 1633 in·

746 1682 783 1721 ”-
848 1678 949 1732 ter
978 1677 1185 1733 cetera
1226 1670 1491 1752 loquens
1526 1691 1540 1734 :
1575 1670 1833 1754 Oportet
1862 1671 2031 1752 quod
2068 1670 2236 1732 idem
2268 1670 2351 1732 sit

854 1787 1044 1831 causa
1082 1770 1174 1831 rei
1205 1777 1268 1831 et
1298 1769 1793 1831 conservationis
1835 1769 2057 1851 ipsiuS.
2094 1769 2352 1831 Conser-

2464 783 2596 844 vari
2645 792 2881 857 autem,
2933 792 3030 846 est
3075 786 3275 846 teneri
3329 786 3396 846 in
3444 803 3583 847 esse
3631 783 3958 865 praedicto,

2463 881 2630 961 quod
2672 881 2840 943 idem
2879 889 2975 944 est
3005 883 3172 963 quod
3212 883 3458 945 duratio
3489 890 3553 944 et
3582 900 3964 963 permanen*

2464 980 2551 1041 tia
2599 980 2690 1042 rei
2739 980 2806 1043 in
2853 999 2990 1043 esse
3036 982 3165 1044 illo.
3209 982 3514 1064 Accipere
3561 988 3776 1043 autem
3819 996 3963 1042 esse

2461 1077 2543 1140 ab
2580 1078 2705 1141 alio
2740 1089 2803 1141 et
2828 1080 3080 1143 duratio
3119 1081 3322 1162 ipsius
3357 1099 3519 1153 esse,
3554 1080 3808 1141 realiter
3835 1078 3964 1140 dis-

2461 1166 2840 1257 tinguuntur
2882 1196 2896 1239 :
2939 1196 3089 1258 ergo
3129 1178 3321 1241 etiam
3361 1177 3582 1240 relatio
3613 1196 3754 1239 esse
3787 1194 3964 1238 crea-

2463 1276 2512 1337 ti
2547 1276 2626 1337 ad
2669 1276 2891 1349 Deum,
2924 1284 2989 1339 et
3033 1277 3255 1340 relatio
3296 1276 3649 1339 durationis
3693 1275 3833 1355 ejus
3875 1276 3960 1337 ad

2462 1374 2686 1447 Deum,
2731 1375 3066 1438 relationes
3108 1384 3260 1438 sunt
3299 1376 3691 1438 differentes.
3725 1374 3960 1456 Sicque

2459 1471 2594 1533 sive
2652 1473 2887 1535 creatio
2937 1473 3185 1535 dicatur
3242 1492 3414 1536 nunc
3470 1473 3760 1555 accipere
3815 1490 3961 1535 esse

2458 1588 2586 1633 non
2618 1572 2696 1633 de
2723 1572 2961 1653 aliquo,
2995 1572 3130 1635 sive
3160 1592 3332 1635 nunc
3366 1573 3576 1654 primo
3616 1571 3836 1633 referri
3875 1571 3960 1633 ad

2460 1676 2828 1743 creatorem,
2857 1670 3112 1733 realiter
3140 1670 3360 1733 differt
3386 1690 3424 1732 a
3453 1670 3956 1733 conservatione.

2457 1803 2539 1812 —
2576 1768 2700 1829 Alii
2744 1768 2984 1843 dicunt,
3032 1770 3202 1853 quod
3246 1768 3445 1831 creari
3489 1778 3553 1831 et
3593 1768 3960 1831 conservari

851 1868 1022 1929 vatio
1060 1868 1296 1929 etenim
1344 1867 1432 1929 rei
1476 1885 1602 1929 non
1644 1876 1741 1929 est
1782 1868 1907 1929 nisi
1951 1867 2347 1929 continuatio
2383 1870 2430 1931 B
2461 1884 2586 1928 non
2616 1866 2927 1929 differunt
2955 1868 3306 1929 secundum
3337 1867 3578 1949 aliquid
3611 1866 3960 1949 positivum

848 1967 947 2027 sui
990 1984 1148 2028 esse.
1192 1966 1525 2047 Quumque
1574 1966 1739 2027 Deus
1789 1984 1901 2047 per
1950 1965 2344 2027 intellectum

847 2072 909 2125 et
954 2064 1343 2126 voluntatem
1391 2063 1475 2125 sit
1516 2081 1706 2125 causa
1752 2063 2004 2125 essendi
2046 2063 2345 2125 omnibus

848 2161 1061 2233 rebus,
1097 2170 1343 2225 constat
1372 2162 1541 2243 quod
1576 2180 1689 2242 per
1720 2161 2115 2224 intellectum
2154 2180 2343 2223 suum

846 2266 910 2322 et
957 2260 1349 2322 voluntatem
1399 2278 1505 2321 eas
1560 2259 1627 2320 in
1674 2277 1815 2321 esse
1864 2266 2213 2321 conservet.
2265 2294 2348 2304 —-

846 2358 1161 2440 Amplius,
1229 2358 1396 2419 sicut
1463 2376 1623 2439 opus
1688 2358 1840 2420 artis
1908 2358 2345 2440 praesupponit

846 2474 1009 2540 opus
1055 2464 1315 2529 naturae,
1358 2456 1450 2518 sic
1493 2474 1654 2538 opus
1700 2464 1939 2519 naturae
1984 2474 2346 2537 praesuppo-

847 2556 943 2616 nit
971 2573 1133 2636 opus
1173 2555 1285 2617 Dei
1326 2555 1598 2617 creantis
1634 2572 1648 2617 :
1683 2554 1945 2615 materia
1983 2554 2224 2636 quippe
2253 2572 2348 2615 ar-

844 2653 1211 2715 tificialium
1259 2661 1356 2715 est
1396 2672 1433 2715 a
1475 2659 1721 2725 natura,
1763 2652 2149 2713 naturalium
2195 2670 2346 2714 vero

845 2770 960 2832 per
1018 2752 1404 2813 creationem
1466 2769 1504 2811 a
1562 2750 1707 2811 De0.
1762 2749 2137 2811 Artificialia
2193 2768 2346 2812 vero

844 2856 1299 2911 conservantur
1348 2848 1416 2909 in
1462 2866 1601 2910 esse
1649 2848 1885 2910 virtute
1934 2848 2340 2923 naturalium,

846 2948 1385 3029 quemadmodum
1450 2946 1679 3010 domus
1742 2945 2117 3009 fortitudine
2183 2947 2343 3029 lapi-

2457 1974 2517 2027 et
2549 1964 2912 2027 absolutum
2943 1982 2956 2027 :
2989 1966 3142 2047 quia
3171 1966 3393 2040 creari,
3415 1974 3512 2027 est
3542 1984 3714 2026 nunc
3745 1965 3960 2047 primo

2456 2082 2594 2125 esse
2634 2063 2715 2125 ab
2753 2064 2988 2145 aliquo,
3023 2082 3148 2126 non
3188 2065 3266 2126 de
3306 2064 3556 2146 aliquo;
3593 2064 3959 2126 conservari

2455 2180 2629 2235 vem,
2663 2169 2758 2223 est
2787 2181 2926 2225 esse
2965 2162 3046 2225 ab
3075 2163 3312 2245 aliquo,
3346 2181 3472 2226 non
3508 2182 3682 2225 nunc
3721 2162 3954 2244 primo,

2457 2260 2634 2323 nulla
2664 2261 3057 2342 praecedente
3088 2261 3552 2343 interruptione
3580 2261 3852 2323 essendi.
3878 2260 3960 2323 Et

2457 2358 2523 2420 hi
2566 2358 2808 2430 dicunt,
2841 2359 3130 2421 eamdem
3175 2368 3530 2421 creaturam
3573 2378 3714 2422 esse
3751 2378 3789 2421 a
3825 2359 3958 2421 Deo

2456 2457 2594 2519 sine
2640 2457 3100 2538 interruptione
3144 2458 3452 2538 quamdiu
3498 2466 3615 2533 est,
3657 2458 3958 2540 quamvis

2458 2573 2582 2618 non
2633 2574 2886 2637 semper
2933 2563 3184 2618 creetur
3229 2556 3538 2638 quamdiu
3585 2564 3682 2618 est
3725 2574 3738 2618 :
3782 2556 3956 2637 quod

2456 2653 2671 2727 etiam,
2707 2661 2775 2714 ut
2812 2652 3160 2729 affirmant,
3195 2662 3509 2735 coguntur
3545 2653 3729 2716 fateri
3764 2661 3826 2715 et
3856 2652 3954 2714 illi

2455 2752 2567 2832 qui
2607 2759 2757 2813 sunt
2799 2752 3128 2814 contrariae
3167 2752 3510 2834 opinionis,
3545 2752 3697 2834 quia
3733 2770 3959 2833 quam-

2455 2849 2565 2911 diu
2613 2850 2847 2935 aliqu-is
2905 2869 3039 2913 rem
3091 2859 3444 2925 conservat,
3494 2850 3740 2912 tamdiu
3797 2848 3956 2912 facit

2454 2966 2595 3009 eam
2644 2949 2892 3009 durare.
2937 2948 3169 3030 Sicque
3217 2948 3460 3023 dicunt,
3506 2949 3676 3029 quod
3727 2948 3951 3011 eadem

842 3046 995 3107 dum
1031 3064 1046 3108 ε
1079 3063 1228 3127 ergo
1266 3054 1327 3107 et
1368 3044 1681 3107 naturalia
1720 3045 1953 3107 virtute
1996 3045 2232 3107 divina.
2269 3046 2344 3107 Et
2379 3047 2421 3109 C
2453 3045 2700 3107 actione
2751 3046 2914 3107 Deus
2962 3065 3096 3107 rem
3147 3054 3317 3109 creat
3357 3054 3547 3129 atque
3595 3054 3950 3109 conservat.

846 3144 1147 3225 quoniam
1192 3144 1374 3225 juxta
1422 3142 1577 3205 fidei
1626 3143 1981 3217 veritatem,
2034 3145 2200 3205 Deus
2247 3152 2344 3206 est

842 3262 1033 3305 causa
1080 3261 1295 3305 rerum
1340 3242 1419 3304 de
1464 3259 1629 3305 novo
1678 3260 1794 3323 per
1840 3242 2225 3305 creationem
2275 3251 2344 3305 ut

844 3342 1069 3415 voluit,
1104 3341 1189 3403 ita
1218 3348 1282 3403 et
1312 3340 1636 3402 voluntate
1676 3358 1781 3401 eas
1815 3348 2163 3403 conservat.
2201 3341 2342 3403 Haec

841 3440 954 3502 ibi.

922 3538 1156 3600 Verum
1208 3537 1272 3599 id
1322 3537 1491 3618 quod
1545 3536 1632 3598 ait
1678 3537 1971 3609 ThomaS,
2022 3536 2340 3599 artificem

842 3653 971 3698 non
1013 3654 1151 3698 esse
1196 3653 1450 3697 causam
1498 3633 1933 3696 artificialium
1986 3637 2336 3697 secundum

842 3753 1003 3808 esse,
1055 3734 1164 3796 sed
1214 3732 1421 3796 solum
1469 3734 1822 3795 secundum
1869 3732 2036 3806 fieri,
2091 3734 2343 3796 videtur

843 3834 909 3895 in
942 3831 1161 3894 multis
1192 3832 1323 3913 pati
1354 3830 1965 3893 instantiai·n.Multae
1996 3838 2145 3892 sunt
2175 3832 2343 3893 enim

839 3930 1279 3994 artificialium
1329 3929 1551 3992 formae
1600 3949 1739 4011 quae
1785 3930 2025 3992 directe
2074 3940 2137 3991 et
2185 3930 2341 3993 effe-

841 4030 1006 4092 ctive
1037 4030 1335 4092 videntur
1362 4028 1443 4089 ab
1473 4028 1722 4090 artifice
1764 4029 2007 4091 causari
2046 4048 2119 4090 ac
2151 4030 2343 4093 intro-

840 4129 1011 4203 duci,
1045 4136 1116 4189 ut
1145 4127 1354 4191 forma
1391 4126 1658 4202 scamni,
1692 4126 2027 4209 figuraque
2058 4128 2336 4209 apicum.

2455 3144 2762 3206 Similiter
2800 3144 3044 3219 dicunt,
3077 3145 3247 3225 quod
3287 3146 3508 3207 eadem
3545 3144 3794 3206 actione
3823 3163 3955 3226 qua

2453 3242 2547 3305 sol
2578 3242 2871 3324 producit
2901 3242 3118 3305 lumen
3154 3244 3220 3306 in
3257 3244 3488 3316 medi0‚
3522 3242 3679 3305 illud
3713 3243 3955 3324 jugiter

2453 3349 2875 3414 conservaret,
2914 3340 2967 3401 si
3018 3347 3210 3402 staret
3258 3340 3563 3403 immotus
3613 3359 3809 3422 super
3853 3360 3954 3403 ae-

2453 3457 2587 3500 rem
2619 3438 3258 3520 semper.—Insuper
3286 3439 3766 3513 advertendum,
3779 3440 3952 3520 quod

2451 3534 2531 3597 ab
2581 3535 2803 3596 eodem
2853 3542 2950 3597 est
2994 3536 3084 3597 rei
3135 3535 3368 3597 creatio
3419 3542 3482 3597 et
3528 3537 3949 3609 conservatiO,

2455 3640 2607 3715 puta
2644 3652 2680 3695 a
2717 3634 2864 3695 Deo,
2901 3634 2976 3695 Et
3015 3633 3181 3695 sicut
3227 3635 3515 3715 quaedam
3561 3643 3712 3696 sunt
3747 3654 3784 3697 a
3823 3635 3954 3697 Deo

2455 3732 2821 3794 immediate
2857 3739 3123 3807 tantum,
3159 3733 3452 3814 quaedam
3487 3751 3636 3795 vero
3677 3734 3952 3795 mediate

2453 3838 2516 3892 et
2548 3830 2934 3903 immediate,
2971 3838 3039 3893 ut
3078 3850 3220 3912 quae
3259 3839 3473 3893 sunta
3504 3832 3631 3895 Deo
3672 3832 3958 3894 median-

2455 3928 2624 3991 tibus
2673 3929 2881 3991 causis
2935 3929 3270 4007 secundis;
3323 3930 3415 3991 sic
3464 3931 3754 4010 quaedam
3805 3948 3958 3994 con-

2451 4035 2783 4090 servantur
2823 4026 2903 4089 ab
2947 4045 3022 4090 eo
3064 4034 3309 4089 tantum
3359 4029 3746 4103 immediate,
3779 4048 3956 4109 quae-

2450 4127 2598 4188 dam
2638 4133 2906 4207 utroque
2948 4127 3153 4188 modo.
3188 4127 3405 4207 Itaque
3446 4126 3683 4190 idcirco
3721 4136 3958 4190 cuncta

922 4227 1272 4289 Richardus
1330 4227 1588 4289 demum
1649 4225 1715 4286 in
1776 4226 1893 4287 hac
1943 4226 2208 4287 materia
2253 4228 2342 4289 vi·
2373 4230 2422 4291 D
2453 4223 2738 4304 indigent
2782 4224 3143 4286 conservari
3187 4243 3224 4285 a
3267 4224 3415 4299 Deo,
3458 4224 3762 4306 quoniam
3811 4224 3956 4307 ipse

841 4327 1027 4389 detur
1073 4344 1111 4387 a
1157 4325 1396 4387 Thoma
1448 4324 1510 4385 in
1559 4323 1881 4405 aliquibus
1930 4323 2268 4386 dissentire
2321 4345 2335 4389 t

844 4426 1109 4499 Creatio,
1143 4424 1463 4507 inquienS,
1491 4432 1555 4485 et
1592 4422 1988 4485 conservatio
2028 4431 2338 4503 quantum

841 4525 918 4587 ad
971 4524 1034 4585 id
1078 4524 1245 4604 quod
1294 4522 1516 4583 dicunt
1558 4541 1635 4583 ex
1684 4528 1862 4602 parte
1910 4520 2044 4593 Dei,
2089 4520 2342 4582 realiter

844 4622 1013 4685 idem
1058 4627 1225 4695 sunt,
1260 4639 1461 4702 quum
1506 4619 1635 4681 sint
1678 4618 1844 4681 actio
1888 4618 2021 4692 Dei,
2061 4638 2204 4701 quae
2245 4627 2341 4680 est

844 4721 1115 4804 ipsemet
1157 4720 1323 4782 Deus
1372 4736 1600 4799 agens3
1640 4719 1749 4781 sed
1794 4716 2106 4780 differunt
2154 4717 2341 4780 ratio-

844 4838 924 4881 ne
957 4837 973 4881 :
1007 4837 1156 4881 nam
1184 4818 1309 4880 alia
1338 4817 1689 4879 secundum
1722 4817 2029 4880 rationem
2062 4824 2157 4878 est
2189 4816 2342 4879 rela-

844 4918 935 4980 tio
964 4916 1075 4979 Dei
1114 4917 1192 4977 ad
1224 4923 1577 4977 creaturam
1621 4916 1685 4975 in
1722 4922 2029 4995 quantum
2073 4922 2337 4986 creator,

844 5016 968 5079 alia
1008 5016 1072 5076 in
1110 5021 1421 5095 quantum
1461 5020 1881 5074 conservator.
1918 5012 1986 5073 ln
2029 5018 2340 5092 quantum

844 5133 996 5178 vero
1034 5113 1111 5174 ad
1153 5113 1214 5174 id
1256 5112 1425 5193 quod
1455 5110 1677 5174 dicunt
1704 5130 1781 5173 ex
1824 5118 1999 5191 parte
2039 5117 2342 5172 creaturae

844 5231 955 5277 seu
1014 5216 1379 5283 connotant,
1442 5208 1693 5270 realiter
1748 5206 2059 5271 differunt
2115 5226 2129 5270 ε
2193 5206 2345 5287 quia

845 5312 1067 5387 creari,
1100 5318 1195 5373 est
1224 5306 1515 5391 accipere
1545 5325 1682 5369 esse
1714 5324 1841 5369 non
1871 5307 1947 5368 de
1979 5304 2217 5387 aliquo,
2239 5303 2342 5366 vel

2451 4321 2624 4385 solus
2672 4329 2768 4383 est
2815 4321 3024 4403 prima
3065 4330 3128 4383 et
3177 4322 3550 4404 principalis
3597 4330 3786 4405 atque
3835 4342 3959 4405 per

2452 4440 2519 4482 se
2564 4439 2754 4481 causa
2797 4420 3260 4482 universorum.

2533 4519 2765 4581 Dicunt
2807 4526 3020 4581 autem
3071 4519 3384 4593 nonnulli,
3426 4521 3594 4602 quod
3641 4538 3956 4601 generans

2454 4635 2580 4680 non
2621 4636 2875 4698 semper
2912 4624 3008 4678 est
3047 4635 3236 4678 causa
3278 4618 3475 4698 geniti
3515 4625 3824 4699 quantum
3867 4621 3956 4682 ad

2453 4734 2590 4777 esse
2641 4715 2863 4796 ipsius,
2906 4715 3015 4776 sed
3063 4723 3373 4796 quantum
3421 4716 3499 4778 ad
3549 4715 3693 4777 fieri
3739 4736 3754 4780 ε
3806 4716 3958 4779 ideo

2450 4814 2595 4876 fieri
2637 4813 2837 4896 ipsius
2877 4830 3004 4875 non
3035 4814 3258 4875 'manet
3297 4814 3417 4875 nisi
3460 4814 3766 4896 quamdiu
3805 4832 3958 4877 con-

2451 4920 2740 4974 servatur
2767 4931 2803 4973 a
2831 4919 3208 4992 generante;
3250 4912 3358 4974 sed
3389 4913 3593 4994 quoad
3627 4931 3786 4986 esse,
3820 4930 3956 4975 non

2451 5018 2548 5071 est
2589 5030 2626 5072 a
2667 5016 3008 5091 generante
3057 5011 3441 5091 dependens,
3476 5012 3736 5092 Propter
3776 5012 3956 5093 quod

2453 5114 2629 5169 sexto
2675 5106 3116 5189 Metaphysicae
3167 5126 3296 5169 suae
3337 5107 3560 5171 asserit
3600 5107 3951 5183 Avicenna,

2453 5205 2623 5287 quod
2655 5204 3017 5279 fabricator,
3037 5212 3101 5267 et
3131 5213 3311 5286 pater
3339 5214 3402 5267 et
3434 5204 3620 5286 igniS,
3642 5222 3768 5267 non
3799 5216 3956 5269 sunt

2453 5321 2619 5367 verae
2657 5322 2863 5367 causae
2909 5302 3296 5367 exsistentiae
3336 5321 3552 5365 rerum
3592 5323 3736 5386 quae
3777 5303 3954 5369 fiunt
