4334 6242
871 453 992 522 454

1531 479 1595 526 IN
1635 481 1857 527 LIBRUM
1899 483 1942 526 11
1985 481 2468 528 SENTENUARUM.
2514 500 2595 510 —
2634 483 2789 530 Dls'r.
2826 485 2975 546 vl113
3018 484 3244 540 QUAEST.
3286 485 3330 530 11

878 647 1187 710 ctoritatis
1232 649 1450 712 retulit
1491 669 1558 712 se
1603 671 1638 714 a
1681 653 1955 734 quodam
1999 670 2147 714 vere
2193 652 2374 714 intel·
2404 652 2456 716 A
2580 653 2662 715 At
2715 673 2867 718 vero
2925 655 3148 717 Scotus
3211 661 3514 718 consonat
3568 652 3987 736 praeinductis

879 745 1130 820 lexisse,
1184 748 1351 829 quod
1411 767 1610 830 quum
1671 749 1807 832 ipse
1864 749 2022 812 vitio
2081 750 2377 813 mollitiei

879 843 1259 924 subjaceret,
1295 846 1491 908 semel
1535 846 2032 910 innumerabiles
2073 848 2223 910 catti
2260 849 2378 911 cir-

878 961 952 1004 ca
982 961 1130 1004 eum
1173 943 1489 1024 pollutum
1527 955 1960 1028 apparuerunt
1990 965 2137 1008 cum
2181 948 2375 1009 maxi-

878 1059 984 1103 mo
1032 1042 1324 1124 strepitu,
1365 1045 1476 1125 qui
1527 1063 1744 1107 semen
1797 1045 2107 1126 lingentes
2151 1047 2375 1129 depor-

789 1190 792 1193 ,
877 1147 1189 1203 taverunt.

958 1240 1077 1302 Sed
1137 1240 1468 1322 supposito
1527 1242 1696 1324 quod
1755 1243 1847 1304 sic
1907 1261 2055 1305 cum
2115 1243 2377 1306 feminis

878 1344 1122 1411 coeant,
1179 1338 1386 1400 adhuc
1445 1347 1540 1400 est
1597 1339 1865 1402 dubium
1926 1340 2184 1422 duplex.
2246 1342 2377 1404 Pri-

876 1454 1078 1510 mum,
1123 1436 1394 1517 qualiter
1441 1455 1658 1498 semen
1709 1437 1801 1499 sic
1845 1438 2134 1514 dilatum,
2178 1439 2379 1521 possit

877 1552 1015 1595 esse
1065 1533 1492 1614 generationis
1541 1535 1954 1617 principium,
1998 1557 2197 1618 quum
2248 1545 2379 1599 tota

875 1631 1140 1693 seminis
1197 1631 1399 1694 virtus
1459 1651 1573 1713 per
1629 1653 1820 1715 quam
1878 1643 1974 1696 est
2029 1635 2373 1715 generatiO,

876 1729 1181 1792 consistat
1237 1729 1304 1791 in
1363 1729 1598 1792 virtute
1655 1729 2012 1805 formativa,
2065 1732 2378 1815 impressa

2484 751 2676 814 etiam
2728 753 2805 815 de
2854 753 3281 834 generatione,
3326 753 3601 836 qualiter
3647 751 3987 814 conveniat

2486 850 2782 924 daemoni,
2840 851 3097 934 dempto
3153 852 3321 934 quod
3381 851 3470 913 ait
3528 849 3989 913 comestionem

2486 969 2633 1012 vere
2680 959 3040 1032 competere
3082 951 3325 1032 angelis
3367 951 3431 1012 in
3470 949 3817 1032 assumptis
3856 966 3993 1010 cor-

2486 1048 2753 1130 poribus
2788 1067 2802 1111 :
2839 1049 2989 1131 quia
3016 1051 3115 1130 (ut
3158 1049 3341 1130 dicit)
3371 1048 3678 1112 comestio
3722 1065 3850 1110 non
3894 1056 3993 1108 est

2486 1146 2612 1208 nisi
2657 1147 2786 1208 cibi
2832 1147 3085 1222 divisio,
3127 1156 3190 1210 et
3232 1147 3422 1210 divisi
3466 1147 3543 1209 ad
3594 1147 3760 1210 intra
3802 1145 3991 1226 traje-

2487 1245 2649 1324 ctio;
2691 1253 2971 1327 tuncque
3011 1246 3157 1308 fieri
3195 1255 3405 1329 potest
3438 1245 3757 1308 exhalatio
3796 1252 3861 1308 et
3900 1263 3993 1306 re-

2487 1342 2720 1404 solutio
2781 1343 2846 1404 in
2903 1344 3203 1406 humores
3260 1353 3371 1406 aut
3427 1344 3762 1416 elementa,
3810 1350 3875 1405 et
3923 1342 3989 1403 hi

2488 1447 2699 1502 motus
2758 1441 2988 1504 locales
3044 1442 3189 1504 fieri
3239 1450 3483 1524 queunt
3539 1441 3707 1503 circa
3755 1458 3991 1522 corpus

2486 1539 2722 1600 virtute
2766 1539 2971 1602 activa
3014 1541 3241 1620 angeli.
3487 1533 3496 1547 '

2570 1638 2805 1698 Verum
2855 1639 2989 1700 haec
3038 1638 3229 1716 verba
3280 1639 3448 1700 Scoti
3498 1637 3705 1700 aliena
3752 1645 3905 1699 sunt
3951 1656 3991 1699 a

2488 1735 2816 1797 communi
2857 1736 3187 1799 doctorum
3235 1737 3592 1799 traditione.
3627 1737 3863 1798 Tamen
3909 1735 3989 1797 de

875 1827 956 1890 ab
1001 1828 1214 1889 anima
1252 1829 1635 1909 generantiS,
1679 1849 1819 1912 quae
1863 1839 1932 1892 ut
1973 1831 2038 1893 in
2084 1831 2376 1912 subjecto
2411 1833 2458 1896 B
2490 1833 2609 1896 isto
2652 1835 2927 1896 multum
2974 1837 3356 1898 contendero
3400 1854 3542 1898 reor
3585 1836 3794 1907 inane,
3836 1853 3990 1916 quo-

875 1934 971 1988 est
1004 1927 1069 1988 in
1111 1925 1340 2008 spiritu
1383 1926 1630 1990 incluso
1669 1935 1730 1990 et
1761 1938 2133 1993 conservato
2173 1931 2238 1992 in
2279 1951 2374 1994 se-

876 2025 1068 2088 minis
1100 2026 1464 2087 viscositate
1499 2043 1512 2088 :
1549 2026 1691 2088 ideo
1722 2027 1860 2109 ipso
1892 2029 2245 2104 exhalante,
2270 2051 2375 2092 va-

875 2144 1030 2188 num
1063 2123 1349 2187 efficitur
1388 2144 1604 2187 semen
1645 2126 1723 2187 ad
1757 2129 2209 2207 generandum.
2246 2130 2373 2192 Hoc

873 2230 1085 2286 autem
1145 2241 1272 2285 non
1332 2223 1540 2286 solum
1598 2225 1676 2286 fit
1723 2245 1837 2306 per
1894 2227 2374 2291 translationem

874 2322 1303 2403 seminisper
1352 2330 1601 2384 tantum
1660 2323 1960 2404 spatium,
2013 2333 2084 2386 ut
2132 2327 2237 2388 isti
2288 2328 2377 2390 di-

873 2429 1023 2482 cunt
1059 2437 1072 2482 :
1110 2421 1240 2484 imo
1283 2421 1644 2503 philosophi
1699 2423 1972 2496 tradunt,
2015 2426 2186 2507 quod
2236 2445 2377 2507 pro-

873 2524 1015 2598 pter
1058 2518 1341 2600 ineptam
1387 2519 1849 2600 longitudinem
1888 2531 2110 2584 venter
2151 2542 2377 2604 evapo-

872 2625 968 2678 rat
1008 2634 1227 2678 semen
1269 2617 1333 2678 in
1373 2636 1653 2698 egressu,
1687 2626 1749 2680 et
1787 2619 2051 2700 spiritus
2095 2621 2377 2702 exspirat

871 2715 952 2776 ab
996 2733 1092 2790 ec,
1139 2715 1225 2777 ita
1271 2716 1442 2798 quod
1493 2714 1570 2777 fit
1616 2717 2008 2796 generationi
2057 2719 2370 2801 ineptum.

871 2815 1103 2876 Verum
1154 2815 1232 2876 ad
1277 2815 1397 2877 hoc
1447 2817 1852 2896 respondent,
1903 2818 2074 2900 quod
2125 2819 2373 2881 daemon

874 2919 1078 2993 potest
1111 2931 1304 2994 super
1334 2913 1633 2995 spiritum
1669 2914 1851 2976 illum
1893 2915 2059 2977 sicut
2087 2924 2149 2978 et
2182 2936 2375 2999 super

2485 1933 2658 1994 niam
2691 1932 3037 1996 difficultas
3067 1935 3202 1998 haec
3233 1933 3298 1996 in
3330 1934 3478 2016 quid
3510 1933 3791 1996 nominis
3822 1941 3991 1994 stare

2485 2031 2755 2093 videtur.
2794 2031 3037 2112 Nempe
3078 2030 3131 2093 si
3168 2031 3277 2093 illa
3310 2031 3542 2094 divisio
3579 2039 3767 2113 atque
3803 2031 3989 2110 traje-

2486 2129 2612 2191 ctio
2661 2129 2739 2191 ad
2798 2129 3207 2191 comestionis
3264 2129 3603 2192 sufficiunt
3653 2128 3987 2200 rationem,

2486 2236 2650 2289 stare
2682 2234 2889 2309 potest
2920 2228 3029 2290 illa
3059 2229 3296 2310 opini0.
3326 2228 3389 2290 Si
3422 2245 3573 2290 vero
3603 2227 3768 2289 ultra
3798 2227 3995 2308 exigi-

2485 2331 2591 2386 tur
2626 2325 2833 2405 (juxta
2875 2325 3201 2406 praetacta)
3241 2326 3573 2387 conversio
3616 2323 3992 2386 nutrimenti

2486 2422 2553 2484 in
2592 2423 3055 2496 comedentem,
3088 2431 3153 2485 et
3192 2422 3345 2486 unio
3384 2442 3496 2486 seu
3543 2422 3989 2504 incorporatio,

2488 2528 2557 2581 ut
2594 2521 2820 2583 asserit
2857 2522 3317 2596 Bonaventura,
3354 2522 3634 2603 itemque
3675 2521 3847 2603 quod
3889 2539 3991 2581 ac-

2486 2625 2587 2680 tus
2634 2618 2740 2681 ille
2782 2619 3081 2700 procedat
3119 2639 3156 2682 a
3194 2619 3257 2681 vi
3302 2618 3631 2693 nutritiva,
3676 2626 3744 2679 ut
3784 2618 3991 2699 expri-

2487 2716 2605 2777 mit·
2662 2716 2957 2789 ThomaS,
3018 2725 3262 2779 certum
3322 2717 3493 2798 quod
3552 2715 3770 2797 opinio
3828 2714 3989 2777 falsa

2485 2813 2585 2876 sit.
2638 2815 2871 2876 Verum
2932 2814 3285 2876 secundum
3343 2813 3759 2876 Guillelmum
3822 2813 3986 2875 libro

2485 2911 2562 2973 de
2605 2911 2933 2984 UniverSO,
2977 2912 3207 2974 divisio
3255 2920 3315 2974 et
3362 2911 3652 2992 traJectio
3697 2911 3827 2973 cibi
3858 2928 3984 2973 non

872 3029 1106 3085 aerem,
1138 3020 1328 3094 atque
1369 3030 1484 3092 per
1524 3012 1643 3074 hoc
1677 3019 1848 3075 tenet
1877 3033 2026 3076 eum
2067 3034 2147 3076 ne
2186 3015 2374 3076 exha-
2410 3010 2453 3073 C
2492 3018 2588 3071 est
2632 3009 2885 3071 realiter
2927 3010 3034 3071 sed
3084 3017 3462 3092 apparenter
3505 3009 3831 3071 comestio.
3876 3009 3989 3072 Re-

874 3108 979 3170 let.
1032 3109 1299 3191 insuper
1357 3110 1787 3192 circumponit
1845 3111 1902 3174 ei
1965 3112 2373 3176 seminalium

874 3224 1092 3268 causas
1118 3205 1444 3283 virtutum,
1459 3227 1573 3289 per
1597 3228 1756 3290 quas
1788 3217 1912 3272 tam
1941 3229 2154 3272 semen
2187 3231 2375 3293 quam

873 3303 1137 3385 spiritus
1182 3314 1594 3368 conservatur
1638 3307 1703 3368 in
1749 3308 2165 3389 qualitatibus
2208 3312 2373 3392 aptis

873 3402 951 3465 ad
999 3404 1430 3484 generandum
1479 3421 1492 3466 :
1541 3405 1707 3466 sicut
1753 3405 2044 3468 videmus
2092 3409 2373 3489 quando-

875 3520 1000 3583 que
1033 3521 1144 3582 per
1183 3501 1462 3584 aliquam
1498 3503 2042 3566 constellationem
2074 3505 2265 3567 etiam
2308 3507 2373 3567 in

875 3600 1122 3662 semine
1165 3600 1458 3661 animalis
1498 3600 1760 3662 alterius
1805 3602 2042 3683 speciei
2086 3602 2374 3684 imprimi

875 3697 1117 3779 aliquid
1165 3696 1390 3776 figurae
1438 3698 1753 3771 humanae,
1801 3697 1889 3760 ita
1929 3700 2098 3781 quod
2148 3701 2376 3784 Empe-

875 3796 1089 3860 docles
1119 3795 1276 3857 dixit
1309 3814 1529 3858 vaccas
1570 3797 1814 3878 aliquas
1857 3817 1994 3860 esse
2035 3798 2376 3880 bovigenas

876 3901 1067 3974 atque
1098 3892 1530 3972 virigenas.—
1549 3893 1914 3955 Secundum
1945 3895 2239 3972 dubium,
2264 3917 2378 3960 cur

876 3991 1146 4065 daemon,
1181 3990 1291 4072 qui
1331 4007 1457 4052 non
1489 3990 1626 4051 vult
1655 3991 1896 4073 aliquid
1938 3991 2112 4068 boni,
2147 3994 2234 4056 ita
2264 4014 2379 4076 per

877 4089 1117 4152 coitum
1160 4087 1534 4170 interposita
1565 4106 1742 4150 mora
1771 4090 2032 4171 projicit
2059 4111 2277 4154 semen
2310 4092 2375 4154 in

2483 3108 2666 3170 aliter
2726 3115 2939 3170 autem
3004 3117 3067 3170 et
3123 3126 3272 3170 vere
3336 3109 3643 3171 comestio
3702 3116 3799 3169 est
3856 3107 3986 3169 cibi

2484 3206 2551 3268 in
2595 3205 2877 3267 cibatum
2929 3206 3215 3268 mutatio.
3262 3206 3338 3268 Et
3379 3207 3609 3268 horum
3653 3205 3986 3268 doctorum

2484 3304 2694 3366 verior
2736 3322 2809 3365 ac
2850 3303 3146 3366 subtilior
3185 3313 3281 3366 est
3324 3303 3630 3366 doctrina.
3664 3303 3983 3385 AmpliuS,

2486 3403 2539 3464 si
2579 3403 2886 3465 comest-io
2926 3410 3133 3484 potest
3170 3421 3320 3465 vere
3356 3409 3719 3484 competere
3760 3401 3986 3482 angelo

2486 3501 2551 3562 in
2584 3518 2846 3582 corpore
2886 3509 3213 3582 assumpto
3251 3518 3379 3562 non
3410 3501 3558 3563 vivo
3597 3518 3715 3562 nec
3749 3499 3987 3561 anima-

2485 3606 2571 3672 t0,
2605 3598 2892 3661 Christus
2930 3598 3175 3661 edendo
3214 3617 3341 3660 non
3388 3598 3716 3679 probasset
3758 3597 3984 3659 idonee

2486 3715 2553 3759 se
2608 3715 2757 3758 vere
2819 3696 3258 3758 resurrexisse.
3311 3731 3391 3741 —
3442 3697 3711 3776 Insuper
3760 3696 3983 3758 Scotus

2488 3795 2856 3876 pronuntiat
2890 3812 2903 3856 ε
2939 3794 3169 3857 Christi
3204 3795 3509 3857 comestio
3541 3794 3831 3856 ordinata
3862 3793 3985 3855 fuit

2484 3893 2564 3954 ad
2596 3892 3035 3955 nutritionem.
3071 3893 3144 3954 Et
3178 3891 3460 3975 loquitur
3488 3892 3565 3953 de
3596 3892 3983 3954 comestione

2488 3990 2719 4054 Christi
2757 3999 2901 4073 post·
2930 3991 3482 4053 resurrectionem.
3516 3989 3673 4052 Nam
3712 3989 3931 4052 subdit
3964 4006 3978 4051 :

2486 4090 2622 4152 Non
2666 4090 2839 4151 enim
2884 4097 2981 4150 est
3025 4088 3481 4151 inconveniens
3530 4090 3702 4171 quod
3750 4106 3981 4171 corpus

876 4188 1206 4263 feminam,
1241 4207 1437 4270 quum
1481 4207 1700 4250 semen
1732 4188 1958 4251 fortius
2000 4190 2063 4250 in
2103 4208 2221 4253 suo
2254 4211 2379 4252 ma·
2408 4191 2456 4252 D
2486 4187 2834 4268 gloriosum
2878 4189 3079 4268 possit
3123 4187 3188 4249 in
3225 4206 3293 4250 se
3339 4195 3707 4250 convertere
3750 4205 3979 4269 corpus

877 4295 1058 4350 neret
1099 4286 1336 4367 vigore,
1379 4287 1432 4348 si
1484 4286 1696 4348 subito
1745 4286 1810 4349 in
1857 4289 2188 4351 mat-ricem
2238 4308 2378 4371 pro-

872 4388 1197 4467 jiceretur.
1231 4385 1462 4447 Dicunt
1500 4386 1670 4467 quod
1715 4386 1876 4458 ideo,
1912 4397 2224 4468 quatenus
2266 4409 2378 4470 per

879 4485 1118 4548 coitum
1185 4483 1443 4546 inducat
1504 4483 1812 4547 feminam
1876 4486 1953 4548 ad
2020 4485 2376 4568 iniquitatis

880 4601 1260 4646 consensum
1311 4600 1324 4644 :
1373 4603 1519 4645 nam
1572 4591 1634 4646 et
1679 4584 1901 4646 horror
1951 4585 2299 4648 retraheret
2341 4605 2378 4647 a

879 4701 1213 4755 consensu,
1265 4681 1319 4744 si
1371 4682 1640 4743 sciretur
1696 4682 1816 4744 hoc
1874 4701 2012 4745 esse
2071 4683 2377 4747 daemonis

877 4801 1057 4864 opuS.
1092 4818 1172 4828 —
1210 4771 1353 4844 [laic
1397 4781 1743 4843 Udalricus.
1783 4781 1900 4854 Qui
1943 4781 2117 4843 addit
2155 4799 2168 4844 :
2216 4782 2376 4844 Ecce

878 4883 1012 4946 haec
1055 4881 1269 4944 omnia
1317 4879 1487 4941 dicta
1533 4886 1681 4941 sunt
1721 4878 1859 4942 sine
1902 4880 2276 4943 auctoritate
2316 4889 2378 4942 et

878 4981 1142 5052 ratione,
1183 4979 1536 5040 secundum
1587 4977 1783 5040 solam
1832 4977 2069 5040 famam
2117 4980 2379 5061 popula-

877 5099 1038 5152 rem,
1069 5078 1170 5140 vel
1210 5077 1420 5159 potius
1458 5075 1647 5154 ficta3
1680 5076 1981 5159 quoniam
2023 5075 2248 5139 fictum
2282 5086 2378 5140 est

878 5178 1050 5263 quod
1093 5184 1382 5238 coactum
1425 5182 1521 5237 est
1558 5174 1636 5235 ad
1679 5175 2081 5254 positionem,
2116 5183 2187 5237 ut
2226 5177 2376 5239 duo-

879 5278 1129 5344 decimo
1170 5273 1611 5360 Metaphysicae
1651 5273 1740 5338 ait
1782 5273 2220 5359 Philosophus.

2488 4304 2615 4349 non
2673 4287 3041 4367 gloriosum,
3102 4288 3267 4350 sicut
3325 4295 3533 4369 potest
3588 4287 3783 4350 simul
3844 4307 3981 4350 esse

2489 4405 2636 4448 cum
2672 4385 2801 4447 illo.
2838 4386 3050 4448 Posset
3087 4387 3259 4448 enim
3295 4387 3461 4448 Deus
3504 4385 3709 4448 facere
3750 4405 3979 4468 corpus

2487 4485 2835 4566 gloriosum
2869 4486 2936 4546 in
2966 4505 3161 4567 parva
3188 4485 3561 4568 quantitate,
3584 4495 3645 4548 et
3676 4486 3836 4548 illud
3870 4505 3981 4568 per

2490 4583 2945 4646 comestionem
2988 4603 3133 4646 vere
3176 4602 3429 4664 augere,
3464 4603 3580 4646 nec
3619 4594 3831 4647 tamen
3870 4585 3977 4646 ali-

2488 4683 2641 4765 quid
2702 4683 2777 4744 de
2838 4682 3078 4745 nutrito
3136 4683 3237 4746 vel
3297 4691 3482 4745 aucto
3543 4702 3977 4765 corrumpere·

2488 4790 2608 4843 tur.
2672 4781 2814 4845 Haec
2878 4783 3121 4844 ScotuS.
3183 4782 3331 4855 Quae
3393 4783 3847 4846 communibus
3906 4802 3977 4845 ac

2488 4880 2707 4943 solidis
2752 4881 3267 4944 authenticorum
3320 4882 3721 4944 documentis
3772 4884 3979 4946 docto-

2488 4998 2630 5041 rum
2674 4997 2801 5042 non
2842 4989 3209 5054 consonant,
3254 4988 3323 5042 ut
3372 5001 3565 5063 super
3608 4982 3867 5044 tertium
3916 4991 3975 5044 et

2487 5086 2783 5159 quartum
2827 5078 3077 5159 plenius
3108 5080 3475 5142 ostendetur
3508 5100 3523 5144 ε
3559 5079 3702 5142 ideo
3738 5081 3974 5143 levitati

2485 5185 2548 5239 et
2590 5177 3011 5258 singularitati
3054 5178 3472 5241 adscribenda
3514 5189 3875 5242 censentur.

2566 5276 2741 5340 Unde
2779 5283 2841 5340 et
2871 5277 3203 5342 Durandus
3244 5277 3349 5343 hie
3390 5287 3781 5344 contestatur
3814 5298 3829 5343 z
3863 5281 3973 5344 Ac-
