4334 6242
848 461 965 530 196

1530 486 1594 532 IN
1634 487 1855 533 unium
1897 487 1939 533 11
1982 486 2464 532 SENTENTIARUM.
2507 505 2590 515 —
2627 487 2781 533 msr.
2829 487 2937 549 1113
2981 486 3204 543 QUAEST.
3252 487 3273 531 1

851 651 937 714 mi
982 652 1129 717 libri
1172 656 1691 736 distinctionem).
1737 658 1877 721 Alio
1921 657 2114 739 igitur
2158 658 2347 719 modo
2374 658 2424 720 A
2455 657 2696 739 quippe
2743 656 3290 720 absolutissimum
3341 663 3458 730 est,
3503 664 3567 718 et
3609 673 3800 718 omne
3845 654 3956 715 de-

848 751 1227 834 intelligitur
1280 754 1399 818 ista
1457 757 1878 838 participatiO,
1932 757 2344 837 intelligendo

845 852 1186 915 essentiam
1219 862 1521 917 creaturae
1552 862 1623 916 ut
1651 855 1969 936 quoddam
2002 855 2344 936 potentiale

844 947 1169 1028 objectum
1218 959 1279 1012 et
1330 952 1495 1013 sicut
1543 953 1890 1014 terminum
1947 953 2216 1016 actionis
2266 954 2342 1016 de

844 1047 1047 1110 nihilo
1086 1050 1503 1130 productum3
1547 1051 1757 1132 ipsum
1793 1068 1943 1113 vero
1982 1071 2120 1113 esse
2161 1051 2343 1113 intel-

844 1145 1096 1226 ligendo
1133 1149 1424 1210 eamdem
1464 1150 1805 1211 essentiam
1852 1158 1921 1211 ut
1959 1157 2054 1211 est
2093 1151 2341 1212 actuale

843 1243 1167 1324 objectum
1216 1255 1279 1308 et
1322 1247 1633 1310 terminus
1682 1248 1951 1310 actionis
2000 1248 2213 1330 ipsum
2261 1249 2340 1310 de

842 1342 1045 1405 nihilo
1088 1344 1519 1426 producentis,
1556 1346 1631 1407 Et
1674 1354 1770 1408 est
1817 1346 1935 1408 iste
1978 1365 2167 1408 verus
2213 1365 2341 1408 mo-

840 1441 959 1503 dus
990 1443 1494 1525 participationis
1526 1444 1726 1526 ipsius
1757 1463 1933 1523 esse;
1976 1445 2338 1526 praece-dens

838 1547 1075 1616 autem,
1110 1542 1504 1623 phantastica
1536 1543 1902 1624 imaginatio
1931 1544 2340 1626 quodammo-

838 1637 919 1700 do
965 1638 1220 1721 fingens
1281 1642 1537 1703 modum
1600 1642 1937 1705 creationis
1995 1643 2337 1724 procedere

836 1738 1189 1800 secundum
1235 1741 1494 1802 modum
1538 1742 1841 1804 naturalis
1882 1742 2331 1822 generationiS,

2456 757 2758 837 pelidem,
2795 773 2870 818 co
2909 757 3047 838 ipso
3091 773 3218 837 quo
3257 755 3644 837 dependenS,
3677 753 3848 815 cadit
3886 752 3952 813 in

2451 853 2730 935 aliquam
2776 854 3325 936 compositionem,
3367 853 3519 934 quia
3561 852 3785 914 differt
3824 867 3956 933 quo

2450 958 2547 1012 est
2583 952 2830 1033 etquid
2872 959 2986 1013 est.
3022 951 3467 1015 Consideratur
3505 968 3760 1032 quoque
3799 967 3956 1031 quo-

2449 1049 2527 1111 ad
2589 1069 2778 1112 suum
2837 1049 3142 1112 effectum
3197 1067 3211 1112 τ
3264 1050 3484 1132 sicque
3545 1047 3736 1111 habet
3783 1065 3956 1109 com-

2452 1149 2831 1230 positionem
2875 1169 2953 1210 ex
3003 1149 3356 1212 substantia
3403 1155 3593 1229 atque
3642 1146 3946 1228 potentia.

2451 1246 2896 1309 Consideratur
2944 1247 3148 1310 nihilo
3197 1247 3409 1309 minus
3455 1253 3524 1308 ut
3569 1265 3684 1308 ens
3733 1245 3800 1306 in
3848 1263 3952 1326 ge-

2451 1363 2601 1406 nere
2664 1362 2679 1406 :
2743 1345 2962 1427 sicque
3021 1345 3372 1408 secundum
3437 1343 3948 1426 metaphysicum

2449 1443 2856 1525 componitur
2903 1462 2980 1505 ex
3038 1451 3182 1505 actu
3242 1451 3306 1505 et
3355 1442 3673 1525 potentia3
3725 1459 3949 1503 secun-

2448 1540 2601 1602 dum
2643 1541 2920 1621 logicum
2961 1559 3132 1615 vero,
3165 1560 3242 1602 ex
3282 1559 3512 1622 genere
3545 1549 3610 1602 et
3647 1538 3949 1602 differen-

2447 1639 2551 1700 tia.
2587 1640 2825 1702 Rursus
2873 1640 3309 1702 consideratur
3353 1646 3423 1701 ut
3465 1657 3578 1701 ens
3623 1638 3690 1706 in
3733 1656 3802 1699 se
3835 1657 3850 1700 :
3883 1645 3947 1699 et

2446 1736 2534 1798 ita
2577 1746 2886 1819 quantum
2933 1738 3011 1800 ad
3061 1757 3199 1800 esse
3245 1737 3514 1811 actuale,
3555 1744 3652 1798 est
3693 1737 3758 1798 in
3804 1737 3947 1818 ipso

837 1836 956 1898 hoc
1004 1836 1262 1919 dempto
1305 1840 1473 1920 quod
1522 1841 1845 1920 generatio
1895 1841 2003 1903 illa
2053 1860 2334 1923 praesup-
2369 1837 2416 1899 B
2447 1836 2826 1918 compositio
2855 1857 2932 1898 ex
2969 1845 3113 1898 ente
3143 1844 3204 1899 et
3236 1854 3412 1914 esse;
3453 1842 3760 1917 quantum
3793 1853 3946 1897 vero

835 1933 1013 2014 ponit
1056 1934 1438 2015 subjectum.
1482 1972 1563 1981 —
1600 1938 1887 2000 Secunda
1931 1938 2161 2020 positio
2203 1955 2329 2000 non

832 2038 1041 2112 potest
1098 2040 1225 2094 tarn
1286 2033 1566 2115 perfecte
1627 2035 1934 2098 rationem
1992 2036 2332 2098 creationis

831 2127 1073 2192 salvare
1125 2137 1195 2192 ut
1243 2131 1467 2212 prima.
1519 2133 1777 2214 Proprie
1824 2152 2099 2215 namque
2159 2153 2328 2196 crea-

830 2225 921 2288 tio
968 2243 1094 2289 non
1148 2235 1245 2290 est
1291 2229 1369 2290 de
1416 2230 1651 2311 aliquo.
1700 2231 1873 2293 Unde
1922 2232 1976 2294 si
2024 2233 2168 2313 quis
2220 2251 2328 2314 po-

828 2331 936 2385 nat
965 2343 1104 2387 esse
1137 2326 1519 2407 productum
1560 2345 1688 2390 non
1729 2329 1805 2389 de
1847 2328 2070 2403 nihilo,
2104 2329 2214 2392 sed
2251 2331 2327 2392 de

824 2421 1061 2504 aliquo,
1096 2432 1166 2485 ut
1207 2425 1284 2486 de
1319 2426 1615 2500 essentia,
1649 2434 1951 2508 tanquam
1987 2428 2065 2489 de
2106 2436 2326 2510 poten-

825 2520 959 2582 tiali
1000 2539 1117 2584 suo
1156 2531 1387 2596 creat0,
1422 2526 1775 2587 secundum
1809 2526 1949 2598 hoc,
1987 2526 2200 2608 ipsum
2235 2547 2327 2590 es-

824 2637 892 2680 se
937 2637 1063 2683 non
1106 2629 1273 2684 esset
1316 2623 1573 2704 proprie
1616 2631 1921 2696 creatum,
1960 2625 2068 2686 scd
2112 2645 2324 2688 essen-

823 2717 931 2778 tia.
964 2719 1124 2780 Hinc
1155 2719 1374 2782 volens
1413 2721 1646 2794 dicere,
1681 2722 1849 2802 quod
1884 2743 2021 2785 esse
2056 2723 2139 2784 sit
2168 2725 2323 2805 quid

823 2816 1205 2896 productum
1257 2818 1321 2880 in
1371 2819 1667 2892 essentia,
1710 2821 1965 2883 realiter
2013 2821 2321 2885 differens

820 2912 903 2975 ab
946 2933 1041 2989 ea,
1079 2915 1309 2978 melius
1352 2916 1621 2979 salvaret
1667 2918 2074 2994 creationem,
2108 2921 2322 2983 dicen-

2443 1934 2522 1994 ad
2561 1953 2699 1996 esse
2743 1935 3099 2009 essentiale,
3134 1934 3538 2016 componitur
3567 1953 3643 1996 ex
3687 1954 3814 2012 quo
3851 1943 3944 1993 est

2441 2039 2504 2093 et
2547 2036 2720 2112 quod
2766 2043 2896 2102 esc,-
2932 2041 2996 2095 et
3045 2041 3353 2114 quantum
3401 2032 3480 2095 ad
3528 2051 3668 2094 esse
3717 2032 3946 2094 indivi-

2441 2130 2626 2192 duale
2673 2150 2787 2192 seu
2835 2131 3186 2212 personale,
3219 2149 3296 2192 ex
3341 2133 3514 2210 quod
3553 2141 3646 2190 est
3685 2137 3751 2191 et
3794 2132 3944 2208 quis

2439 2237 2550 2288 est.
2602 2228 2848 2310 Aliquae
2895 2236 3109 2291 tamen
3165 2229 3658 2310 compositiones
3704 2247 3743 2290 a
3792 2228 3942 2290 sub-

2440 2327 2672 2389 stantia
2719 2327 2927 2408 angeli
2979 2335 3407 2402 removentur,
3463 2334 3721 2410 propter
3767 2327 3937 2409 quod

2439 2423 2712 2506 simplex
2758 2433 3040 2500 vocatur,
3096 2433 3314 2507 utpote
3367 2443 3381 2486 :
3435 2425 3815 2507 compositio
3859 2443 3939 2487 ex

2436 2522 2725 2603 partibus
2769 2523 3227 2606 quantitativiS,
3262 2523 3640 2606 compositio
3677 2542 3754 2586 ex
3801 2542 3941 2606 par-

2436 2621 2610 2682 tibus
2658 2622 3117 2702 heterogeneis,
3159 2622 3537 2703 compositio
3584 2641 3663 2683 ex
3714 2630 3937 2684 natura

2437 2721 2746 2800 corporali
2789 2729 2852 2782 et
2881 2721 3220 2802 spirituali.
3256 2720 3377 2782 Sed
3417 2721 3494 2792 de
3529 2719 3935 2802 compositio-

2435 2837 2514 2879 ne
2557 2819 2836 2880 materiae
2875 2826 2938 2880 et
2968 2818 3189 2881 formae
3228 2817 3334 2879 hic
3375 2818 3736 2900 specialiter
3766 2837 3934 2900 quae-

2433 2916 2557 2978 stio
2616 2924 2729 2978 est.
2793 2917 3227 2998 Dixeruntque
3289 2916 3511 2998 aliqui,
3571 2917 3741 2999 quod
3807 2934 3934 2979 non

822 3011 901 3074 do
942 3030 1068 3074 non
1109 3015 1277 3095 quod
1318 3033 1455 3076 csse
1498 3016 1883 3097 producatur
1925 3018 2001 3079 de
2047 3018 2322 3080 essent-ia
2358 3021 2401 3084 C
2433 3021 2530 3074 est
2585 3014 2649 3075 in
2697 3015 2958 3094 angelis·
3011 3014 3133 3077 Sed
3187 3034 3386 3096 quum
3441 3015 3504 3076 in
3551 3014 3798 3095 'angelis
3851 3015 3934 3077 sit

820 3118 892 3171 ut
930 3110 1009 3172 de
1051 3129 1167 3174 suo
1212 3113 1539 3194 potentiali
1584 3113 1962 3193 subjective,
1996 3117 2105 3178 sed
2149 3117 2321 3198 quod

818 3227 957 3270 esse
1016 3210 1403 3291 producatur
1459 3211 1524 3272 in
1588 3213 1865 3274 essentia
1920 3214 2111 3276 simul
2170 3234 2319 3277 cum

817 3325 912 3380 ea,
946 3314 1010 3368 et
1038 3309 1207 3391 quod
1240 3316 1583 3390 utrumque
1622 3327 1839 3373 eorum
1878 3311 1961 3373 sit
1999 3314 2318 3394 quoddam

817 3404 1181 3486 potentiale,
1218 3414 1287 3468 ut
1327 3408 1712 3488 producatur
1748 3408 2065 3489 objective
2105 3412 2184 3474 de
2227 3412 2321 3473 ni-

816 3503 950 3564 hilo
982 3503 1118 3585 ipsa
1148 3504 1409 3586 quidem
1448 3507 1724 3569 essentia
1766 3507 1831 3569 in
1872 3527 1961 3582 se,
1996 3528 2134 3572 esse
2168 3529 2318 3573 vero

815 3601 885 3662 in
934 3603 1229 3677 essentia,
1281 3620 1408 3665 non
1461 3604 1539 3666 de
1590 3623 1665 3666 ea
1710 3625 1724 3668 ε
1777 3607 2316 3687 quemadmodum

797 3699 868 3761 'si
930 3699 1097 3762 Deus
1156 3709 1397 3764 crearet
1454 3702 1689 3782 ignem,
1743 3713 1985 3767 crearet
2044 3705 2317 3770 formam

814 3797 955 3878 ejus
1002 3805 1192 3880 atque
1238 3799 1569 3862 materiam
1620 3801 1835 3876 simul,
1881 3822 2000 3865 nec
2042 3803 2316 3867 formam

813 3915 891 3958 ex
936 3897 1199 3959 materia
1240 3897 1404 3978 ignis
1447 3897 1640 3960 illius.
1676 3935 1757 3944 —
1796 3901 1938 3964 Haec
1981 3901 2310 3966 HenricuS.

811 3995 928 4069 Qui
980 3995 1043 4058 in
1095 3996 1345 4059 decimo
1396 3996 1771 4069 Quodlibeto
1821 4001 1899 4061 de
1950 4000 2068 4061 hac
2124 4009 2316 4063 mate-

811 4093 904 4155 ria
946 4093 1373 4176 prolixissime
1412 4095 1637 4157 scribit
1671 4114 1685 4158 :
1720 4097 1905 4178 cujus
1938 4097 2133 4160 verba
2174 4117 2315 4181 pos-

2432 3113 2591 3174 ratio
2632 3112 3096 3186 mutabilitatis,
3129 3121 3194 3174 et
3224 3113 3383 3175 ratio
3414 3113 3748 3193 cujusdam
3793 3133 3934 3195 pas-

2431 3211 2776 3284 sibilitatiS,
2811 3211 2970 3273 ratio
3010 3210 3163 3273 item
3203 3210 3729 3273 individuationis
3763 3220 3828 3274 et
3861 3213 3932 3274 li-

2431 3309 2802 3383 mitationiS,
2838 3317 3158 3391 postremo
3189 3309 3347 3371 ratio
3375 3310 3732 3372 essentialis
3763 3327 3933 3374 com-

2429 3407 2765 3487 positionis
2812 3408 3165 3469 secundum
3223 3407 3546 3489 propriam
3596 3416 3928 3488 naturam;

2429 3522 2554 3566 non
2599 3505 2784 3567 video
2828 3506 3147 3586 quomodo
3197 3506 3396 3587 possit
3437 3505 3715 3580 defendi,
3756 3509 3929 3589 quod

2432 3602 2497 3664 in
2530 3603 2885 3665 substantia
2920 3603 3127 3684 angeli
3160 3620 3284 3665 non
3327 3603 3410 3665 sit
3440 3604 3820 3686 compositio
3851 3623 3929 3668 ex

2427 3700 2696 3763 diversis
2737 3703 3002 3776 naturis,
3037 3701 3337 3764 similiter
3376 3702 3440 3764 in
3479 3702 3754 3765 essentia
3791 3722 3928 3766 om-

2426 3798 2527 3859 nis
2570 3806 2874 3862 creaturae
2905 3817 3019 3880 per
3052 3818 3120 3861 se
3150 3799 3334 3861 entiS.
3370 3800 3704 3882 Quumque
3743 3808 3926 3862 natu-

2427 3915 2510 3960 rae
2551 3897 2676 3960 illae
2709 3915 2776 3958 se
2811 3898 3085 3959 habeant
3114 3916 3228 3979 per
3267 3898 3526 3960 modum
3566 3899 3834 3961 actualis
3863 3907 3926 3960 et

2425 3995 2811 4077 potentialis,
2853 4003 2914 4057 et
2963 3995 3050 4057 ita
3099 4015 3213 4077 per
3261 3995 3522 4059 modum
3571 3995 3792 4059 formae
3836 4004 3927 4059 at-

2426 4112 2549 4175 que
2591 4093 2890 4167 materiae,
2926 4094 3133 4156 verior
3175 4102 3436 4175 apparet
3483 4093 3714 4175 positio
3751 4096 3925 4176 quod

810 4201 951 4254 sent
999 4193 1276 4255 multum
1325 4193 1707 4270 abbreviari,
1750 4195 1911 4258 nihil
1960 4197 2314 4260 omittendo
2343 4203 2392 4264 D
2425 4191 2802 4273 compositio
2844 4211 2921 4253 ex
2963 4191 3224 4253 materia
3261 4199 3325 4252 et
3367 4191 3572 4253 forma
3618 4193 3927 4255 consistat

808 4290 887 4353 de
930 4309 1141 4353 sensu.
1186 4345 1191 4348 .

888 4487 1070 4549 Nunc
1102 4485 1425 4548 redeundo
1454 4487 1533 4548 ad
1564 4487 1919 4570 principale
1949 4490 2306 4570 quaesitum,

806 4604 887 4648 an
919 4584 1217 4648 videlicet
1255 4583 1517 4664 angelus
1557 4585 1639 4647 sit
1670 4605 1748 4647 ex
1791 4588 2053 4649 materia
2092 4596 2155 4650 et
2189 4589 2314 4651 for-

809 4703 913 4746 ma
945 4683 1358 4765 composituS,
1395 4683 1686 4764 ponenda
1715 4693 1807 4747 est
1840 4687 2167 4766 responsio
2197 4687 2311 4750 Bo-

804 4789 1173 4844 naventurae
1218 4780 1489 4843 dicentis
1525 4801 1538 4844 :
1574 4781 1830 4844 Certum
1875 4791 1969 4844 est
2011 4785 2310 4865 angelum

805 4898 931 4943 non
974 4880 1208 4942 habere
1238 4879 1580 4942 essentiam
1622 4880 1983 4963 simplicem
2025 4902 2138 4965 per
2168 4884 2310 4946 toti-

806 4999 881 5041 us
916 4978 1399 5060 compositionis
1431 4979 1873 5061 privationem.
1901 4980 2107 5044 Potest
2136 4983 2310 5044 enim

808 5077 1196 5139 considerari
1248 5094 1363 5157 per
1412 5078 1950 5157 comparationem
1999 5079 2076 5140 ad
2122 5100 2312 5142 suum

808 5175 1203 5256 principium
1246 5173 1695 5256 productivum
1730 5194 1744 5238 ε
1780 5185 1843 5238 et
1883 5177 1969 5238 ita
2008 5180 2318 5261 composi-

806 5282 911 5338 tus
958 5281 1075 5349 est,
1118 5273 1269 5355 quia
1318 5273 1703 5354 dependens
1748 5273 2314 5357 simplicissimum

2425 4290 2491 4352 in
2545 4289 2792 4370 angelo,
2843 4325 2923 4335 —
2970 4289 3114 4352 Haec
3162 4290 3622 4364 Bonaventura,
3670 4290 3785 4372 qui
3841 4291 3924 4354 ad

2424 4389 2593 4452 ist-ud
2645 4388 2877 4451 multas
2924 4388 3330 4450 auctoritates
3377 4395 3440 4450 et
3484 4389 3722 4451 motiva
3767 4390 3922 4454 satis

2423 4487 2770 4570 praehabita
2813 4486 3177 4550 introducit.

2502 4586 2691 4649 Porro
2730 4586 2893 4648 hanc
2933 4585 3350 4667 quaestionem
3391 4603 3519 4648 non
3559 4586 3819 4649 invenio
3853 4587 3921 4650 in

2421 4683 2670 4765 Scripto
2699 4682 3057 4745 Alexandri.
3094 4682 3213 4745 Sed
3254 4683 3502 4764 quaerit,
3533 4702 3616 4744 an
3655 4684 3920 4765 angelus

2422 4781 2503 4843 sit
2561 4780 2932 4863 incorporea
2992 4779 3398 4860 substantia3
3457 4787 3520 4841 et
3579 4782 3921 4863 respondet

2421 4880 2589 4961 quod
2633 4880 2780 4943 imo.
2816 4879 2910 4942 An
2943 4896 3094 4941 vero
3127 4879 3191 4940 in
3232 4878 3473 4960 angelis
3509 4879 3592 4940 sit
3621 4879 3918 4960 spiritua-

2423 4979 2502 5041 lis
2543 4979 2826 5054 materia,
2861 4979 2924 5041 in
2959 4977 3208 5060 Scripto
3245 4977 3386 5057 ejus
3425 4977 3918 5040 determinatum

2425 5096 2549 5140 non
2596 5096 2803 5140 cerno.

2505 5176 2798 5238 Albertus
2856 5193 3006 5238 vcro
3057 5195 3073 5238 :
3134 5174 3434 5256 AngeluS,
3498 5174 3727 5257 inquit,
3789 5192 3920 5237 non

2425 5283 2670 5340 constat
2709 5293 2786 5336 ex
2831 5273 3034 5337 forma
3081 5283 3270 5356 atque
3321 5275 3622 5354 materia;
3663 5292 3780 5338 nec
3823 5282 3922 5337 est
