4334 6242
115 879 258 922 unuln.
271 893 344 928 vn,

835 499 920 549 AN
962 501 1262 550 DAEMONES
1303 499 1612 550 NATURALI
1655 498 1908 548 vmw'rlt
1951 497 2199 550 Possim·
2240 497 2403 550 vitm
2446 501 2755 551 miracuta
2798 500 3031 552 FACERE

3364 483 3481 552 431

381 675 772 754 pernaturali
803 674 1063 750 virtute,
1095 674 1226 738 Deo
1256 693 1371 756 per
1410 675 1583 756 ipsos
1617 692 1879 756 operan-
1908 675 1958 738 A
1989 681 2355 756 serpentes3
2395 675 2565 757 quod
2610 675 2763 738 item
2816 676 2881 738 in
2925 684 3092 738 terra
3138 696 3253 738 sua
3293 695 3489 759 quan-

379 778 462 846 te,
513 774 1054 854 quemadmodum
1115 793 1230 856 per
1276 773 1570 837 homines
1627 791 1876 855 pravoS‚

379 871 490 952 qui
529 870 748 934 dicent
788 873 852 935 in
891 873 996 936 die
1033 873 1262 955 judicii
1296 890 1311 934 ε
1345 873 1634 945 Domine,
1668 890 1879 934 nonne

378 969 446 1030 in
493 970 758 1033 nomine
803 979 911 1034 tuo
953 971 1222 1034 virtutes
1270 971 1502 1033 multas
1553 971 1879 1033 fecimus?

457 1069 524 1130 In
565 1069 774 1150 prima
810 1071 1178 1153 operatione
1208 1069 1344 1133 veri
1383 1077 1533 1132 sunt
1565 1068 1749 1131 multi
1788 1067 1879 1131 ef-

376 1165 584 1229 fectus
615 1186 837 1231 eorum
865 1186 879 1230 :
911 1177 980 1230 ut
1013 1169 1077 1231 in
1110 1168 1524 1231 conversione
1554 1168 1877 1249 virgarum

375 1283 707 1347 magorum
749 1268 814 1329 in
853 1275 1180 1350 serpentes
1215 1275 1278 1329 et
1307 1285 1488 1349 aquae
1529 1265 1593 1329 in
1635 1265 1881 1347 sangui-

368 1383 544 1441 nem,
579 1365 876 1448 quamvis
919 1365 1180 1428 Strabus
1222 1374 1284 1428 et
1329 1365 1621 1428 Rabanus
1664 1364 1879 1426 dicant

365 1480 476 1524 eos
524 1481 654 1526 non
685 1482 833 1526 vere
874 1464 984 1526 illa
1021 1463 1269 1526 fecisse-
1303 1463 1696 1544 Augustinus
1725 1479 1876 1525 vero

365 1560 558 1624 tertio
605 1562 686 1623 de
733 1562 1038 1625 Trinitate
1086 1577 1383 1644 expresse
1431 1561 1588 1623 dicit
1635 1568 1878 1623 contra-

365 1657 559 1721 rium.
603 1659 858 1722 Etenim
908 1661 1394 1742 perspicacitate
1439 1658 1875 1739 intelligentias

364 1777 498 1820 suae
547 1759 817 1832 semina,
863 1759 926 1820 id
975 1765 1072 1822 est
1120 1758 1507 1821 necessarias
1557 1758 1875 1840 dispositi·

1989 773 2199 855 doque
2241 773 2307 835 in
2354 792 2479 835 una
2526 781 2711 837 nocte
2758 776 3047 837 inventus
3088 783 3181 837 est
3225 794 3489 857 campus

1989 870 2219 952 plenus
2249 870 2673 954 bombycibus
2707 873 2771 934 in
2804 881 3148 949 momentO,
3176 881 3239 936 et
3266 891 3491 936 omnes

1991 969 2281 1031 fecerunt
2324 969 2619 1032 sericum.
2665 972 2734 1033 In
2779 971 2879 1034 his
2921 990 3069 1054 ergo
3118 971 3491 1034 ministeriis

1991 1086 2154 1130 verse
2186 1068 2431 1150 species
2473 1069 2931 1150 producuntur,
2965 1072 3259 1153 quamvis
3298 1069 3493 1132 alchi·

1992 1167 2195 1230 mistae
2238 1167 2484 1249 species
2532 1175 2776 1230 mutare
2821 1186 2946 1232 non
2993 1170 3263 1244 valeant,
3308 1176 3378 1231 ut
3422 1170 3489 1232 in

1985 1264 2306 1327 Alchimia
2349 1285 2464 1328 sua
2505 1266 2807 1328 disseruit
2847 1267 3171 1330 Avicenna
3209 1285 3223 1329 :
3257 1269 3409 1350 quia
3451 1287 3489 1330 a

1989 1362 2251 1445 praefata
2289 1365 2650 1428 daemonum
2692 1367 3051 1448 sagacitate,
3085 1374 3395 1449 potestate
3425 1375 3488 1430 et

1987 1461 2268 1540 agilitate
2299 1461 2642 1542 deficiunt3
2676 1483 2793 1526 nec
2823 1473 3169 1546 operantur
3197 1483 3309 1547 per
3338 1484 3489 1548 qua-

1988 1558 2196 1622 litates
2234 1569 2519 1624 causatas
2560 1581 2638 1624 ex
2679 1558 2970 1645 respectu
3001 1571 3065 1625 et
3093 1563 3327 1626 virtute
3368 1583 3489 1628 coe·

1987 1657 2054 1732 li,
2087 1678 2214 1741 qua
2242 1660 2453 1722 omnis
2483 1660 2731 1742 species
2759 1669 2999 1726 naturae
3029 1670 3345 1737 causatur,
3378 1662 3487 1726 sed

1986 1776 2100 1839 per
2142 1758 2477 1839 qualitates
2525 1759 2943 1823 elementares
2986 1781 3001 1824 :
3046 1761 3284 1824 idcirco
3332 1760 3490 1824 effe-

363 1873 521 1918 ones
571 1856 649 1918 ad
700 1858 984 1939 singulas
1034 1856 1292 1931 formam,
1339 1856 1732 1939 ubicumque
1781 1857 1871 1919 di·
1909 1853 1954 1916 B
1986 1863 2124 1919 ctus
2155 1874 2377 1918 eorum
2408 1874 2536 1919 non
2576 1857 2912 1940 perficitur
2940 1858 3007 1922 in
3039 1859 3488 1922 consecutione

363 1974 604 2036 spersae
647 1956 776 2018 sint
818 1963 928 2019 aut
971 1957 1258 2031 latenteS,
1301 1955 1611 2038 colligunt
1653 1955 1719 2016 in
1767 1975 1874 2018 na-

365 2061 526 2115 tura.
583 2054 808 2117 Sciunt
855 2072 1110 2138 quoque
1159 2054 1226 2116 in
1275 2053 1511 2136 quibus
1573 2053 1728 2117 locis
1777 2061 1874 2116 est

361 2152 572 2214 virtus
617 2151 860 2228 fortior,
905 2153 1200 2216 eductiva
1247 2151 1470 2216 formae
1513 2153 1589 2214 ad
1632 2161 1868 2226 actum,

360 2251 500 2312 sive
541 2250 654 2313 illa
693 2251 997 2314 consistat
1036 2251 1101 2313 in
1142 2251 1683 2333 contemperantia
1723 2270 1874 2333 qua-

363 2348 618 2411 litatum
662 2350 1012 2412 activarum
1056 2357 1118 2412 et
1162 2350 1582 2432 passivarum,
1626 2351 1759 2412 sive
1805 2350 1870 2412 in

361 2455 661 2530 respectu
722 2447 905 2528 coeli3
958 2448 1242 2530 illucque
1299 2447 1625 2531 applicant
1682 2456 1873 2511 mate-

361 2546 526 2608 riam
567 2545 732 2608 bene
762 2546 1138 2629 dispositam
1173 2563 1186 2607 :
1221 2545 1458 2629 quibus
1498 2545 1874 2609 convenien-

362 2643 538 2706 tibus
583 2643 650 2706 in
691 2651 937 2717 natura,
971 2643 1049 2706 fit
1092 2643 1327 2717 suhit0,
1362 2644 1426 2705 id
1469 2652 1566 2706 est
1609 2644 1676 2705 in
1713 2653 1870 2707 tem-

361 2759 518 2822 pore
551 2741 1074 2825 imperceptibili,
1093 2742 1374 2804 intentus
1403 2740 1693 2804 effectus.
1709 2742 1870 2804 Hinc

359 2840 690 2904 daemones
749 2838 1004 2902 facilius
1053 2847 1362 2903 vocantur
1418 2839 1538 2902 sub
1587 2859 1718 2903 uno
1764 2841 1871 2902 ad·

357 2945 586 3019 spectu
633 2956 828 3020 quam
871 2938 1018 3012 ali0,
1051 2945 1116 3000 et
1156 2938 1277 2999 sub
1321 2955 1449 3000 uno
1489 2939 1870 3000 ascendente

1983 1953 2207 2018 formae
2236 1962 2299 2016 et
2329 1956 2567 2037 speciei
2598 1956 2791 2020 illius.
2820 1993 2901 2003 —
2928 1959 3117 2021 Porro
3146 1978 3219 2021 ea
3252 1959 3314 2020 in
3345 1978 3487 2041 quae

1986 2069 2113 2115 non
2162 2060 2371 2135 potest
2418 2061 2663 2128 natura,
2717 2062 2789 2117 ut
2835 2063 2931 2118 est
2978 2057 3247 2120 mutatio
3294 2057 3486 2120 unius

1985 2150 2253 2233 perfecti
2311 2153 2626 2228 animalis,
2681 2155 3001 2237 praecipue
3062 2155 3363 2231 hominiS,
3419 2156 3484 2218 in

1984 2249 2260 2331 figuram
2288 2257 2399 2312 aut
2425 2258 2715 2315 naturam
2746 2253 3008 2316 alterius
3036 2255 3485 2331 animaliS‚nec

1985 2348 2305 2412 daemones
2362 2368 2480 2412 nec
2528 2351 2820 2414 homines
2879 2352 3088 2416 facere
3137 2371 3285 2416 vere
3335 2373 3485 2436 que-

1985 2455 2122 2523 unt,
2155 2448 2445 2531 quamvis
2484 2448 2807 2511 interdum
2837 2469 2915 2512 ex
2946 2451 3309 2514 daemonum
3350 2451 3487 2514 illu-

1984 2547 2160 2608 sione
2208 2555 2511 2629 appareat
2549 2547 2755 2622 aliter,
2796 2550 3337 2631 quemadmodum
3385 2568 3487 2614 oc-

1985 2643 2380 2706 tavodecimo
2436 2643 2515 2705 de
2564 2643 2831 2708 Civitate
2879 2644 2990 2708 Dei
3030 2646 3422 2727 Augustinus
3466 2665 3481 2710 τ

1981 2740 2189 2814 Quum
2219 2740 2857 2822 essemuS,inquit,in
2889 2742 3177 2816 Italia,de
3209 2744 3483 2825 quadam

1980 2837 2345 2900 audivimus
2389 2837 2667 2918 regione,
2701 2837 2811 2900 uhi
2855 2839 3217 2904 stabulariae
3256 2841 3483 2903 mulie-

1980 2953 2082 2997 res
2130 2935 2393 2999 imhutae
2436 2935 2681 2999 artibus
2732 2936 2939 3013 malis,
2982 2938 3314 3001 unctiones
3356 2940 3485 3002 via-

357 3056 555 3119 quam
587 3037 735 3111 alio,
767 3045 830 3099 et
861 3037 982 3100 sub
1013 3057 1139 3100 una
1168 3037 1646 3100 constellatione
1677 3056 1868 3119 quam
1904 3038 1947 3102 C
1982 3033 2227 3096 toribus
2269 3035 2417 3097 dare
2462 3034 2770 3111 solebant,
2805 3035 3041 3118 quibus
3086 3037 3153 3100 in
3192 3037 3483 3119 jumenta

355 3135 506 3211 alia,
551 3143 622 3198 ut
662 3134 899 3198 dicitur
951 3136 1014 3198 in
1065 3135 1231 3198 libro
1271 3135 1649 3216 imaginum.
1693 3134 1868 3198 Unde

354 3241 420 3296 et
453 3233 522 3296 in
566 3233 730 3296 libro
761 3233 838 3296 de
868 3233 1302 3296 Mansionibus
1342 3232 1508 3296 lunae
1545 3232 1816 3295 habetur
1850 3252 1864 3298 z

355 3331 624 3404 Quando
654 3330 983 3394 descendit
1022 3331 1172 3394 luna
1211 3331 1289 3394 ad
1321 3330 1866 3394 constellationem

355 3429 776 3492 exsistentem
809 3431 876 3492 in
907 3429 1188 3492 secunda
1217 3429 1546 3492 mansione
1578 3429 1864 3505 orienti8‚

355 3527 606 3590 habens
665 3529 744 3590 de
791 3528 984 3610 signo
1041 3528 1306 3591 orientis
1367 3528 1502 3590 fere
1561 3529 1866 3592 tredecim

352 3625 618 3706 graduS‚
661 3625 760 3688 fac
808 3626 976 3689 idola
1031 3627 1110 3688 ad
1160 3644 1402 3688 morem
1452 3626 1868 3690 dominatoris

352 3732 566 3798 terrae,
606 3724 864 3806 angelos
905 3725 982 3786 ad
1026 3731 1088 3786 te
1132 3723 1352 3786 clama.
1390 3761 1464 3770 —
1495 3725 1631 3798 Quo
1671 3733 1864 3806 patet,

353 3822 534 3905 quod
563 3824 814 3885 daemon
846 3840 972 3886 non
1005 3830 1212 3904 potest
1243 3823 1367 3884 nisi
1402 3822 1466 3884 in
1501 3823 1684 3885 illum
1715 3823 1868 3885 effe-

353 3931 537 3984 ctum
585 3921 653 3984 in
703 3941 896 4004 quem
944 3929 1154 4003 potest
1199 3928 1442 3983 natura.
1484 3923 1611 3985 Nec
1658 3930 1868 4006 potest

353 4021 422 4083 in
471 4039 732 4084 omnem
777 4020 967 4083 talem
1015 4020 1344 4094 effectum,
1387 4021 1497 4082 sed
1547 4020 1753 4084 solum
1799 4021 1864 4084 in

354 4139 430 4182 ea
461 4139 610 4201 quae
639 4118 726 4182 ita
756 4127 904 4180 sunt
937 4117 1326 4201 imperfecta,
1343 4119 1508 4200 quod
1539 4120 1616 4181 ad
1647 4138 1866 4183 eorum

1980 3130 2154 3194 illico
2185 3132 2615 3208 vertebantur,
2647 3152 2721 3196 ac
2760 3133 3131 3198 deferebant
3163 3155 3482 3218 quaecum·

1980 3249 2104 3312 que
2136 3232 2511 3305 necessaria,
2535 3251 2607 3294 ac
2639 3232 2975 3316 completis
3004 3233 3328 3317 operibuS‚
3352 3253 3483 3296 rur-

1979 3348 2088 3391 sus
2133 3329 2427 3392 redibant
2467 3330 2544 3392 ad
2590 3349 2676 3394 se.
2712 3331 2887 3405 Quod
2930 3339 3143 3394 autem
3193 3332 3303 3394 illa
3351 3351 3480 3396 non

1979 3425 2141 3489 fiant
2175 3427 2242 3489 in
2272 3428 2559 3502 veritate,
2591 3429 2743 3491 hinc
2782 3430 3273 3504 demonstratur,
3306 3431 3479 3514 quod

1978 3525 2045 3587 hi
2086 3543 2247 3608 quos
2284 3527 2534 3589 daemon
2578 3526 2664 3588 ita
2704 3527 3037 3591 ludificare
3077 3546 3205 3591 non
3246 3538 3474 3610 potest,

1979 3623 2199 3686 vident
2258 3624 2373 3685 illa
2422 3623 2542 3686 sub
2602 3624 2800 3705 priori
2856 3625 3069 3707 figura
3120 3646 3134 3690 :
3186 3628 3353 3689 sicut
3409 3628 3477 3691 in

1976 3721 2406 3803 Vitaspatrum
2456 3729 2747 3785 narratur
2794 3723 2873 3785 de
2920 3726 3323 3788 sanctissimo
3370 3726 3478 3788 ab·

1978 3818 2123 3882 bate
2151 3820 2621 3903 Macario,quod
2650 3820 2957 3884 feminam
2988 3823 3111 3886 sibi
3141 3824 3479 3888 adductam

1977 3937 2120 4000 quae
2166 3917 2311 3980 aliis
2361 3919 2698 3981 videbatur
2745 3938 3051 3984 conversa
3102 3921 3169 3984 in
3219 3941 3472 4005 equam,

1975 4017 2138 4079 vidit
2182 4016 2303 4079 sub
2346 4015 2554 4098 figura
2595 4017 2891 4081 humana.
2928 4019 3371 4098 conformiter,
3406 4029 3477 4084 ut

1973 4117 2179 4180 fertur
2235 4116 2302 4178 in
2360 4116 2686 4180 Itinerario
2744 4118 2803 4180 S.
2858 4119 3222 4195 ClementiS‚
3273 4140 3473 4203 quum

355 4217 850 4301 productionem
902 4216 1148 4278 sufficit
1193 4225 1418 4279 natura
1460 4218 1860 4296 universalis,
1895 4224 1945 4285 D
1975 4216 2197 4280 Simon
2241 4234 2461 4296 magus
2501 4215 3011 4280 transformasset
3051 4218 3279 4282 faciem
3320 4221 3476 4283 Fau-

355 4315 666 4398 quoniam
719 4315 828 4376 illa
872 4322 1116 4376 tantum
1162 4323 1371 4397 potest
1413 4317 1505 4377 uti
1550 4317 1798 4380 daemon
1845 4334 1860 4382 ε

353 4413 576 4496 qualia
625 4422 774 4476 sunt
823 4413 1174 4488 minet-alia,
1217 4433 1358 4495 quae
1401 4414 1534 4476 sola
1576 4425 1866 4480 constant

355 4513 821 4595 permixtione;
871 4519 935 4574 et
983 4512 1236 4594 plantae,
1288 4531 1559 4594 quarum
1620 4515 1712 4578 sol
1769 4525 1866 4579 est

353 4619 540 4693 pater
581 4619 646 4672 et
689 4619 856 4673 terra
901 4619 1123 4685 mater,
1167 4618 1238 4672 ut
1280 4611 1678 4693 Anaxagoras
1721 4633 1864 4696 pro·

352 4710 539 4789 tulit3
582 4709 873 4792 quaedam
904 4727 1160 4791 quoque
1189 4710 1489 4772 animalia
1528 4711 1734 4774 facilis
1763 4731 1866 4793 ge-

351 4807 728 4882 nerationiS‚
755 4814 825 4868 ut
854 4827 1023 4871 ranae
1051 4815 1112 4870 et
1144 4808 1505 4870 consimilia
1533 4810 1858 4891 quaedam:

351 4925 503 4968 nam
545 4915 610 4968 et
645 4906 1040 4987 Augustinus
1084 4907 1340 4982 fatetur,
1374 4908 1542 4989 quod
1586 4908 1865 4989 quando-

353 5023 482 5086 que
520 5005 602 5067 ad
646 5005 963 5067 modicam
1012 5005 1296 5088 pluviam
1338 5015 1721 5086 generantur
1771 5007 1863 5068 in·

355 5103 796 5168 numerabiles
856 5122 1024 5166 ranae
1083 5123 1315 5186 parvae,
1366 5112 1431 5165 et
1476 5105 1554 5166 de
1613 5104 1864 5187 capillis

357 5203 708 5265 mulierum
753 5201 874 5264 sub
917 5211 1085 5265 terra
1126 5201 1594 5284 aliquantulum
1639 5203 1864 5285 positis

357 5302 428 5363 in
471 5301 878 5382 convenienti
924 5301 1078 5363 solis
1119 5301 1446 5382 adspectu,
1482 5309 1864 5381 generantur

1975 4314 2235 4377 stiniani
2304 4315 2371 4376 in
2432 4333 2635 4388 suam,
2701 4314 3108 4379 beatissimus
3173 4318 3475 4402 princeps

1973 4413 2423 4497 Apostolorum
2479 4413 2698 4475 Petrus
2747 4413 2907 4476 vidit
2953 4415 3019 4476 in
3070 4416 3476 4482 Faustiniano

1974 4512 2299 4597 propriam
2331 4513 2472 4593 ejus
2500 4511 2768 4574 formam
2800 4532 2911 4576 seu
2940 4514 3470 4598 physionomiam.

1973 4613 2101 4675 Nec
2146 4611 2335 4673 credo
2382 4611 2701 4675 daemones
2745 4631 2930 4694 posse
2973 4615 3323 4697 producere
3373 4635 3473 4680 res

1976 4711 2290 4793 perfectas
2349 4730 2492 4792 quae
2548 4728 2675 4773 non
2734 4721 3075 4775 causantur
3122 4733 3199 4777 ex
3249 4723 3474 4778 natura

1974 4810 2321 4872 universali
2352 4810 2476 4872 nisi
2508 4809 2647 4892 ipsa
2674 4819 2971 4893 operetur
2992 4813 3059 4875 in
3090 4822 3313 4877 natura
3341 4833 3474 4897 par-

1973 4909 2249 4982 ticulari,
2293 4917 2362 4970 ut
2404 4916 2554 4971 sunt
2590 4909 2893 4973 animalia
2934 4930 3079 4993 quae
3117 4931 3244 4976 non
3288 4931 3472 4994 gene-

1975 5012 2196 5067 rantur
2223 5005 2349 5078 nisi
2380 5026 2497 5088 per
2526 5007 2805 5070 coitum:
2831 5009 2955 5070 nisi
2984 5009 3197 5071 forsan
3226 5009 3471 5093 aliquid

1975 5103 2201 5166 habeat
2237 5105 2522 5167 veritatis
2556 5105 2727 5186 quod
2761 5106 2839 5168 de
2873 5106 3127 5169 incubis
3162 5107 3416 5171 dicitur.

2051 5203 2130 5264 At
2154 5219 2306 5265 vero
2338 5202 2401 5264 in
2433 5203 2712 5266 secunda
2739 5205 3333 5287 operatione‚credo
3361 5225 3470 5271 eos

1977 5320 2116 5364 esse
2157 5300 2484 5364 ministros
2515 5303 2627 5364 Dei
2662 5303 2726 5365 in
2759 5304 3059 5386 operibus
3098 5314 3470 5388 supernatu-
