4334 6242
843 473 966 540 556
1523 493 1588 541 m
1627 494 1850 540 unnim
1891 493 1936 540 11
1977 493 2459 541 samam-maun.
2504 511 2587 524 --
2626 496 2779 542 msr.
2820 496 2927 560 2113
2971 496 3195 553 Qnaesr.
3237 497 3299 543 ιν

849 663 1088 726 effectu
1117 664 1993 747 exteriori,quemadmodum
2026 665 2193 728 Deus
2224 663 2345 728 fer·
2377 665 2428 728 A
2460 675 2557 729 est
2595 667 2774 730 dolor
2815 669 3268 752 metaphorice,
3302 671 3469 734 sicut
3509 670 3576 732 in
3610 669 3957 752 Scripturis

577 779 817 830 Genaua.
846 770 952 825 tur
981 771 1185 826 tactus
1226 763 1440 826 dolore
1471 765 1679 827 cordis
1719 764 2122 826 intrinsecus.
2155 769 2237 809 '—
2268 765 2345 826 Et
2456 765 2827 828 attribuitur
2874 768 3001 830 Deo
3060 768 3175 842 ira,
3226 769 3407 832 furor
3452 777 3517 832 et
3562 769 3759 832 dolor.
3812 768 3957 830 Haec

562 4724 627 4768 Is.
641 4737 738 4766 xxxi

563 5021 677 5128 ἔξω.
689 5035 832 5070 xxxvi,

849 861 903 923 si
945 861 1306 942 objiciatur,
1345 863 1515 945 quod
1555 863 1946 925 desiderium
1988 863 2195 943 angeli
2239 881 2346 924 cu-

849 960 1047 1022 stodis
1094 960 1434 1023 frustratur
1483 961 1547 1023 in
1597 969 1903 1043 pereunte
1948 981 1960 1025 :
2005 978 2154 1043 ergo
2199 962 2347 1024 inde

850 1059 1154 1121 tristatur.
1189 1059 1566 1134 Dicendum,
1598 1061 1767 1143 quod
1808 1060 2198 1122 desiderium
2242 1061 2347 1122 de-

850 1157 1186 1220 siderantis
1229 1157 1591 1232 frustratur,
1625 1160 1879 1242 quando
1919 1159 1981 1221 id
2025 1160 2195 1240 quod
2239 1159 2345 1221 ab·

851 1257 1054 1319 solute
1085 1265 1146 1320 et
1176 1257 1243 1318 in
1274 1275 1529 1319 omnem
1561 1265 1862 1320 eventum
1893 1259 2183 1340 appetiit,
2218 1275 2345 1320 non

851 1356 1172 1438 impletur.
1206 1355 1429 1437 Angeli
1473 1363 1687 1418 autem
1738 1356 1825 1418 ita
1867 1375 1993 1418 non
2036 1364 2347 1438 appetunt

853 1453 1314 1517 custoditorum
1362 1455 1655 1528 salutem,
1702 1455 1810 1517 sed
1861 1473 2010 1516 cum
2060 1455 2345 1516 modera-

851 1552 1024 1614 mine
1057 1552 1267 1627 ist0,si
1299 1552 1512 1614 debite
1541 1552 1898 1615 obedierint
1926 1562 2116 1634 atque
2147 1554 2349 1615 adhae-

849 1650 1050 1714 serint
1089 1651 1237 1724 De0‚
1269 1659 1333 1714 et
1375 1651 1430 1712 si
1473 1651 1602 1712 sint
1645 1651 2072 1733 praedestinati
2125 1651 2204 1713 ab
2246 1669 2340 1714 eo.

851 1749 985 1812 Imo
1044 1768 1202 1832 quos
1261 1750 1472 1812 sciunt
1527 1768 1666 1813 esse
1723 1750 2069 1832 praescitos,
2121 1750 2347 1813 volunt

2458 865 2727 927 Thomas
2772 865 2837 927 in
2880 866 3146 948 Scripto.

2536 963 2606 1024 ln
2656 962 2825 1025 idem
2872 964 3036 1026 redit
3078 965 3246 1046 quod
3295 965 3520 1027 scribit
3563 966 3629 1028 in
3668 965 3953 1038 Summa,

2458 1070 2637 1144 parte
2686 1062 2913 1144 prima,
2958 1065 3305 1145 quaestione
3354 1065 3702 1128 centesima
3741 1064 3953 1127 tertia-

2458 1160 2705 1222 decima
2742 1179 2755 1223 :
2790 1162 2979 1225 Dolor
3006 1161 3363 1244 (inquiens)
3392 1171 3455 1226 et
3498 1163 3758 1225 tristitia
3805 1170 3955 1224 sunt

2457 1259 2535 1321 de
2575 1259 2676 1321 his
2716 1279 2858 1342 quae
2888 1261 3197 1323 voluntati
3241 1263 3725 1336 contrariantur,
3760 1268 3833 1322 ut
3870 1261 3959 1324 lo-

2457 1357 2676 1440 quitur
2718 1358 3129 1440 Augustinus.
3172 1360 3344 1423 Nihil
3387 1368 3601 1423 autem
3645 1360 3956 1441 contingit

2458 1455 2522 1517 in
2556 1456 2795 1519 mundo
2823 1458 2993 1539 quod
3025 1458 3445 1520 contrarietur
3471 1458 3781 1521 voluntati
3814 1459 3959 1521 Bea-

2456 1561 2664 1616 torum
2688 1555 2868 1636 :quia
2900 1573 3118 1618 eorum
3147 1557 3439 1619 voluntas
3469 1557 3734 1620 omnino
3754 1557 3959 1620 adhae-

2457 1659 2549 1714 ret
2583 1652 2787 1716 ordini
2830 1653 3063 1716 divinae
3096 1654 3398 1735 justitiae3
3430 1655 3593 1716 nihil
3632 1661 3845 1717 autem
3888 1654 3956 1716 in

2458 1751 2691 1814 saeculo
2723 1750 2956 1813 accidit
2986 1752 3108 1815 nisi
3148 1753 3259 1814 Dei
3296 1753 3547 1834 justitia
3584 1760 3809 1834 agente
3845 1760 3957 1815 aut

850 1847 1138 1911 absoluta
1175 1847 1502 1910 voluntate
1540 1849 1846 1911 damnari.
1879 1849 2092 1912 Nihilo
2131 1849 2343 1911 minus
2381 1850 2430 1913 B
2459 1850 2885 1930 permittente.
2911 1850 3071 1912 Hinc
3100 1850 3387 1913 absolute
3419 1851 3758 1933 loquendo,
3791 1850 3955 1913 nihil

853 1954 1161 2028 quantum
1205 1946 1269 2008 in
1311 1965 1377 2009 se
1408 1955 1525 2020 est,
1559 1947 1796 2010 vellent
1824 1965 1931 2010 eos
1971 1947 2224 2023 salvari,
2258 1947 2345 2009 l'a-

853 2044 1158 2126 ciuntque
1191 2063 1304 2127 pro
1339 2045 1595 2108 illorum
1637 2045 1839 2108 salute
1871 2047 2039 2128 quod
2081 2046 2144 2107 in
2189 2046 2345 2128 ipsis

851 2151 994 2206 est:
1029 2144 1195 2206 sicut
1237 2151 1300 2206 et
1340 2144 1505 2206 Deus
1544 2144 1682 2206 vult
1724 2144 1867 2207 illos
1916 2145 2199 2207 damnari
2239 2161 2346 2207 vo-

852 2241 1093 2304 luntate
1123 2242 1409 2304 absoluta
1439 2249 1502 2304 et
1531 2250 1979 2325 consequente,
2015 2243 2164 2305 licet
2192 2243 2348 2305 velit

851 2358 960 2403 eos
1000 2341 1228 2403 salvari
1259 2347 1568 2422 quantum
1612 2341 1676 2402 in
1713 2341 1852 2423 ipso
1883 2348 2000 2415 est,
2033 2349 2098 2403 et
2125 2341 2347 2404 volun-

852 2445 978 2501 tate
1019 2439 1450 2502 antecedente.
1484 2476 1565 2485 —
1602 2439 1744 2502 Haec
1786 2439 2241 2503 Bonaventura.

934 2537 1282 2600 Concordat
1311 2537 1685 2610 Alexander,
1719 2545 1781 2599 et
1811 2537 1984 2600 addit
2008 2555 2022 2598 ε
2046 2537 2347 2610 Quamvis

853 2635 1079 2716 angelo
1137 2634 1454 2697 reveletur
1511 2635 1832 2697 damnatio
1886 2635 2162 2698 hominis
2222 2635 2347 2697 sibi

855 2733 1205 2808 commissi,
1249 2751 1375 2796 non
1417 2743 1626 2796 tamen
1674 2734 1994 2816 quantitas
2038 2733 2349 2795 damnati-

853 2833 994 2896 onis
1027 2833 1222 2907 illius,
1255 2832 1558 2914 quoniam
1599 2832 1733 2895 haec
1772 2841 1866 2894 est
1897 2832 1974 2894 de
2005 2831 2351 2894 secretissi-

857 2931 978 2994 mis
1008 2931 1140 2992 Dei.
1164 2932 1310 2993 Ideo
1339 2930 1602 3012 angelus
1633 2929 1837 2992 nescit
1863 2937 2173 3012 quantum
2206 2947 2349 3011 pro-

2458 1948 2534 2010 fit
2593 1947 2659 2010 in
2720 1949 2961 2011 mundo
3020 1957 3239 2012 contra
3285 1950 3677 2012 voluntatem
3736 1951 3957 2012 Beato-

2457 2065 2620 2108 rum.
2658 2047 2732 2109 Ut
2765 2047 2938 2108 enim
2971 2047 3158 2109 tertio
3193 2047 3426 2110 dicitur
3460 2047 3855 2122 Ethicorum‚
3892 2049 3954 2110 id

2456 2144 2835 2226 simpliciter
2867 2145 3295 2208 voluntarium
3328 2145 3584 2219 dicitur,
3609 2146 3778 2228 quod
3811 2147 3955 2228 quis

2455 2242 2595 2305 vult
2641 2243 2709 2304 in
2756 2243 3149 2325 particulari,
3192 2244 3604 2307 consideratis
3653 2244 3954 2308 omnibus

2456 2361 2599 2422 quae
2658 2341 3094 2416 circumstant,
3146 2343 3440 2425 quamvis
3498 2343 3564 2405 in
3624 2343 3953 2406 universa-

2458 2439 2500 2500 li
2552 2441 3019 2502 consideratum
3068 2459 3195 2504 non
3244 2449 3411 2503 esset
3459 2441 3893 2504 voluntarium
3938 2459 3951 2502 ε

2456 2539 2995 2621 quemadmodum
3052 2547 3243 2601 nauta
3293 2538 3582 2602 absolute
3640 2557 3767 2601 non
3818 2539 3958 2601 vult

2458 2637 2770 2699 mercium
2820 2637 3283 2719 projectionem
3334 2637 3397 2699 in
3451 2656 3644 2712 mare,
3687 2639 3797 2700 sed
3838 2638 3955 2700 im-

2460 2735 2762 2798 minentis
2803 2735 3265 2798 submersionis
3311 2734 3597 2818 periculo
3640 2755 3654 2799 :
3696 2743 3957 2817 propter

2460 2835 2652 2916 quod,
2704 2834 2823 2897 hoc
2873 2841 2970 2896 est
3019 2834 3219 2915 magis
3268 2834 3699 2896 voluntarium
3761 2852 3953 2915 quam

2461 2932 2986 3005 involuntarium,
3021 2938 3092 2994 ut
3120 2931 3357 2993 dicitur
3386 2931 3495 2993 ibi.
3532 2931 3957 2995 conformiter

854 3028 1033 3091 ficiet
1072 3029 1240 3091 circa
1287 3029 1493 3102 illum,
1536 3035 1845 3110 quantum
1887 3029 1964 3090 ad
2009 3029 2130 3091 hoc
2178 3028 2347 3110 quod
2385 3029 2429 3092 C
2459 3030 2666 3112 angeli
2710 3029 2929 3111 culpas
2964 3037 3027 3091 et
3058 3049 3275 3112 poenas
3318 3030 3651 3092 hominum
3692 3049 3820 3094 non
3852 3048 3957 3093 vo-

856 3127 1066 3190 minor
1106 3127 1189 3189 sit
1229 3127 1370 3208 ejus
1413 3126 1751 3190 damnatio.

936 3225 1222 3307 Denique
1251 3226 1521 3288 Thomas
1554 3244 1569 3288 ε
1603 3225 1846 3306 Angeli,
1881 3227 2110 3308 inquit,
2144 3227 2345 3306 quum

855 3326 984 3388 sint
1033 3325 1098 3387 in
1146 3324 1380 3388 divinae
1419 3324 1764 3387 voluntatis
1813 3323 2347 3405 contemplatione

855 3423 1177 3496 continua,
1212 3422 1315 3485 cui
1350 3422 1814 3505 perfectissime
1846 3421 2345 3496 conformantur,

853 3522 1016 3585 nihil
1075 3528 1280 3603 potest
1335 3539 1474 3583 esse
1531 3529 1750 3583 contra
1798 3520 2190 3584 voluntatem
2247 3537 2349 3582 eo-

854 3639 1020 3694 rum,
1054 3619 1218 3681 sicut
1249 3637 1366 3681 nec
1397 3626 1615 3681 contra
1653 3618 1765 3681 Dei
1794 3618 2208 3681 voluntatem.
2244 3618 2350 3680 Po-

853 3726 977 3780 test
1006 3725 1218 3779 tamen
1254 3716 1496 3798 aliquid
1527 3735 1666 3778 esse
1696 3724 1925 3799 praeter
1954 3716 2345 3778 voluntatem

855 3817 1176 3899 ipsorum3
1210 3815 1317 3877 sed
1363 3815 1485 3876 hoc
1529 3815 1762 3896 ipsum,
1799 3814 1864 3876 in
1904 3821 2215 3896 quantum
2255 3822 2351 3877 est

855 3914 1242 3998 permissum
1292 3932 1329 3975 a
1379 3913 1528 3987 Dec,
1580 3912 1846 3975 volitum
1908 3920 2004 3974 est
2051 3912 2130 3975 ab
2193 3913 2349 3994 ipsis

857 4014 1023 4076 sicut
1051 4032 1088 4074 a
1118 4012 1263 4074 Deo.
1298 4011 1445 4073 Ideo
1483 4011 1646 4073 nihil
1687 4018 1894 4091 potest
1937 4011 2227 4073 accidere
2270 4011 2348 4074 de

856 4129 983 4193 quo
1012 4110 1285 4182 doleant,
1311 4109 1476 4171 sicut
1507 4127 1624 4171 nec
1654 4109 1732 4170 de
1762 4127 1889 4189 quo
1920 4108 2128 4172 doleat
2159 4110 2343 4171 Deus.

2459 3129 2620 3202 lunt,
2682 3127 2969 3190 absolute
3026 3127 3342 3211 loquendo
3405 3145 3420 3189 ε
3480 3127 3684 3190 nihilo
3743 3129 3957 3192 minus

2459 3217 2682 3290 volunt
2726 3227 2895 3288 circa
2943 3227 3063 3289 hoc
3113 3226 3349 3288 servari
3389 3226 3677 3289 ordinem
3722 3227 3959 3291 divinae

2456 3325 2743 3406 justitiae,
2775 3343 2902 3406 qua
2944 3324 3110 3387 Deus
3146 3324 3321 3405 justo
3359 3324 3605 3406 judicio
3645 3325 3959 3408 permittit

2462 3424 2769 3505 quosdam
2830 3441 3094 3505 peccare
3153 3441 3227 3484 ac
3284 3422 3495 3485 debite
3555 3424 3759 3505 punit.
3813 3423 3958 3488 Haec

2460 3521 2731 3584 Thomas
2773 3521 2838 3583 in
2883 3521 3162 3583 Summa.

2540 3621 2809 3702 Insuper
2846 3619 2924 3682 de
2964 3620 3106 3694 hoc,
3138 3639 3216 3681 an
3256 3619 3558 3699 gaudium
3601 3619 3959 3682 custodien-

2461 3719 2624 3780 tium
2656 3717 3026 3798 angelorum
3062 3717 3387 3778 minuatur
3414 3725 3517 3778 aut
3542 3725 3802 3793 crescat,
3816 3725 3955 3792 etc„

2461 3816 2550 3878 ait
2598 3816 2663 3877 in
2704 3816 2953 3898 Scripto
2997 3832 3011 3876 ε
3056 3815 3371 3878 Gaudium
3414 3814 3785 3896 angelorum
3829 3834 3957 3879 non

2462 3913 2777 3975 minuitur
2835 3932 2911 3975 ex
2971 3912 3375 3975 damnatione
3438 3912 3561 3974 sibi
3623 3913 3957 3996 deputato·

2462 4031 2628 4084 rum,
2661 4011 2962 4093 quoniam
3009 4029 3315 4072 numerus
3358 4011 3709 4074 electorum
3760 4010 3961 4074 mino·
4009 3992 4027 4012 ⁹

2462 4110 2587 4171 rari
2627 4128 2755 4173 non
2796 4109 2980 4171 valet.
3029 4109 3317 4172 Gaudent
3356 4125 3612 4190 quoque
3649 4109 3728 4171 de
3772 4109 3959 4172 bonis

854 4209 1013 4271 Hinc
1058 4207 1438 4290 simpliciter
1480 4214 1576 4270 est
1618 4207 1984 4280 dicendum,
2028 4207 2197 4288 quod
2245 4225 2351 4269 ne-
2381 4207 2430 4270 D
2464 4209 2595 4271 suis
2652 4208 2954 4291 operibus
3007 4227 3149 4290 quae
3198 4207 3612 4270 custodiendo
3669 4216 3957 4288 egerunt,

855 4327 982 4390 que
1024 4307 1102 4370 de
1143 4306 1478 4369 hominum
1529 4305 1737 4387 culpis
1784 4323 1903 4366 nec
1944 4304 2349 4368 damnatione

854 4408 1222 4484 tristantur3
1263 4405 1373 4468 sed
1422 4404 1762 4486 utrobique
1813 4403 2104 4466 laetantur
2141 4404 2221 4466 de
2263 4404 2354 4465 di-

852 4505 1005 4569 vina
1032 4504 1301 4587 justitia,
1333 4511 1395 4566 et
1421 4503 1593 4584 justa
1622 4502 1764 4583 ejus
1803 4502 2246 4584 permissione,
2279 4522 2352 4564 ac

856 4605 1070 4668 debita
1100 4621 1443 4686 pravorum
1472 4601 2108 4685 punitione—Quod
2138 4608 2352 4663 autem

741 4737 782 4774 ιι,
817 4755 826 4766 .
859 4706 924 4769 in
973 4703 1133 4766 lsaia
1179 4701 1471 4775 habetur,
1504 4699 1725 4782 Angeli
1772 4699 1967 4782 pacis,
1991 4719 2203 4761 amare
2243 4699 2356 4762 fle·

859 4803 1042 4876 bunt,
1092 4803 1171 4864 ad
1222 4801 1498 4863 litteram
1546 4799 1789 4861 dictum
1838 4799 2062 4860 est·de
2111 4798 2355 4862 nuntiis

861 4902 1166 4976 Ezechiae,
1228 4917 1386 4982 quos
1449 4897 1623 4960 misit
1677 4898 1753 4960 ad
1815 4897 2219 4979 quaerendam
2275 4897 2356 4959 ab

863 4999 1137 5083 Assyriis
1168 5015 1390 5080 pacem
1417 5013 1430 5057 :
1456 4995 1567 5078 qui
1599 4995 1808 5057 nuntii
1841 4993 2157 5056 fleverunt
2191 5013 2358 5057 ama-

861 5119 952 5173 re,
985 5096 1220 5160 auditis
1251 5092 1669 5176 blasphemiis
1700 5092 2016 5154 Rabsaeis.
2055 5092 2357 5173 Allegori·

863 5219 936 5262 ce
974 5215 1125 5260 vero
1165 5193 1502 5277 exponitur
1542 5193 1620 5254 de
1649 5192 1966 5273 Apostolis
2010 5191 2071 5253 in
2113 5191 2353 5255 Glossa.

2462 4307 2757 4388 quamvis
2807 4305 3159 4368 custoditus
3208 4305 3561 4368 damnetur.
3607 4306 3750 4369 Haec
3798 4306 3960 4369 Tho-

2466 4424 2598 4467 mas
2642 4405 2900 4467 ibidem.

2544 4505 2704 4566 Hinc
2747 4503 3185 4566 Bonaventura
3230 4502 3531 4564 disseruit
3571 4523 3586 4566 ε
3630 4502 3720 4564 Ex
3758 4502 3960 4566 salva-

2464 4603 2635 4664 tione
2692 4601 3027 4664 hominum
3087 4601 3315 4664 crescit
3370 4600 3756 4663 accidentale
3809 4620 3961 4682 prae-

2468 4699 2683 4760 mium·
2728 4697 3153 4779 angelorum3
3214 4715 3342 4760 non
3401 4706 3611 4760 tamen
3670 4698 3962 4779 sequitur

2465 4816 2543 4859 ex
2602 4796 2743 4870 hoc,
2803 4797 2970 4877 quod
3029 4815 3106 4858 cx
3163 4795 3567 4857 damnatione
3625 4795 3961 4859 hominum

2467 4896 2795 4957 incurrant
2834 4894 3289 4957 detrimentum
3334 4902 3439 4955 aut
3482 4894 3788 4957 damnum
3826 4895 3963 4976 glo-

2468 4993 2577 5056 riae
2636 4993 3018 5076 praehabitae.
3083 4993 3145 5055 Si
3204 5000 3416 5054 autem
3475 4992 3558 5054 sit
3613 4993 3964 5055 detrimen-

2468 5099 2606 5153 tum
2672 5098 2965 5173 respectu
3028 5091 3118 5153 rei
3183 5090 3509 5164 habendae,
3571 5091 3691 5154 hoc
3754 5091 3961 5155 solum

2468 5199 2565 5253 est
2616 5191 2869 5271 quando
2920 5209 2997 5252 ex
3047 5189 3505 5271 impedimento
3549 5197 3835 5252 remanet
3878 5190 3967 5252 in—

864 5298 928 5364 Si
959 5313 1109 5360 vero
1138 5294 1215 5358 ad
1245 5292 1501 5376 angelos
1542 5288 1872 5366 referatur,
1907 5289 2359 5373 intelligendus
2473 5289 2753 5372 digentia
2801 5289 3017 5372 aliqua
3062 5296 3125 5350 et
3169 5286 3570 5370 imperfectio
3616 5287 3683 5350 in
3732 5306 3809 5352 eo
3852 5288 3963 5372 qui

4036 1183 4117 1222 art,
4140 1183 4179 1222 7.
4295 1211 4296 1228 ,
