4334 6242
1163 494 1439 552 nprr'mffl
1480 504 1947 553 msrmcno'xun
1989 506 2146 554 unm
2190 509 2234 554 11
2277 507 2741 558 SENTENTIAnun
3424 489 3503 560 19

383 671 543 728 nihil
599 675 740 730 sunt
772 690 788 738 ;
846 674 1000 731 bona
1054 677 1252 732 tamen
1306 678 1578 748 quoedam
1640 679 1779 733 sunt
1833 675 1892 732 in
1922 675 1975 740 A
2003 681 2219 750 quatur
2246 680 2448 752 gratioe
2477 680 2695 738 auxilio
2723 681 3219 760 succurrentem&
3248 684 3319 739 de
3346 685 3500 739 statu

383 765 682 834 quantum
731 766 869 820 sunt
915 779 950 819 a
995 764 1127 828 Deo,
1169 781 1206 820 a
1241 782 1356 837 quo
1396 764 1542 820 nihil
1583 765 1725 821 mali
1769 783 1894 824 esse

384 854 598 922 potest.
646 854 692 908 A
739 853 855 909 Deo
901 856 1099 910 autem
1142 871 1240 910 eos
1276 871 1401 911 esse
1443 857 1643 927 patet:
1674 855 1894 928 alioqui

380 942 464 998 ad
496 942 683 1013 ipsius
711 959 826 998 non
859 943 1218 1015 pertinerent
1247 943 1690 1016 providentiam.
1715 946 1894 1002 Adul-

380 1030 606 1088 terium
652 1049 809 1105 ergo,
849 1032 1260 1098 homicidium,
1300 1037 1358 1090 et
1395 1033 1752 1106 hujusmodi,
1799 1050 1893 1090 ac-

379 1125 518 1177 tum
561 1122 802 1193 quidem
843 1122 1168 1188 nominant,
1212 1123 1451 1195 insuper
1487 1127 1545 1180 et
1585 1126 1748 1180 actus
1796 1126 1894 1181 de·

379 1209 768 1276 formitatem,
817 1214 875 1267 et
927 1213 1254 1268 secundum
1311 1211 1464 1268 hanc
1518 1228 1553 1268 a
1610 1214 1727 1269 Deo
1775 1229 1891 1269 non

380 1303 544 1356 sunt.
576 1301 644 1356 In
682 1301 932 1373 peccatis
970 1319 1202 1374 quoque
1243 1301 1597 1367 omissionis,
1629 1301 1764 1360 licet
1800 1318 1895 1360 ne-

382 1389 655 1462 gationes
690 1391 1010 1463 importare
1051 1390 1378 1456 videantur,
1420 1394 1619 1448 tamen
1668 1392 1893 1464 aliquid

379 1477 702 1549 positivum
741 1479 801 1535 in
843 1479 926 1536 eis
969 1479 1332 1551 intelligitur,
1372 1479 1591 1536 scilicet
1632 1495 1893 1536 recessus

380 1584 418 1623 a
459 1569 634 1624 bono.
675 1569 871 1641 Neque
913 1573 1114 1626 tamen
1159 1572 1463 1642 peccatum
1501 1569 1616 1626 tale
1663 1569 1890 1625 malum

378 1659 488 1722 est,
523 1659 693 1730 quale
731 1675 920 1730 poena.
962 1675 1095 1732 quae
1133 1659 1356 1716 scilicet
1396 1677 1431 1716 a
1473 1660 1588 1717 Deo
1626 1663 1749 1725 est;
1791 1661 1892 1716 sed

379 1751 471 1804 est
512 1747 810 1821 corruptio
847 1749 1050 1814 activa,
1085 1765 1216 1821 quae
1255 1748 1400 1805 nihil
1446 1752 1532 1805 est
1562 1765 1576 1804 ε
1610 1751 1766 1806 unde
1807 1747 1893 1804 sic

379 1853 418 1892 a
464 1837 584 1894 Deo
627 1853 744 1894 non
780 1841 886 1895 est.
917 1838 1221 1911 Corruptio
1263 1840 1461 1895 tamen
1501 1837 1728 1912 passiva
1766 1839 1894 1894 effe-
1927 1827 1976 1890 B

379 1930 514 1984 ctus
554 1930 643 1985 est
673 1928 894 2000 peccati
925 1943 941 1984 ε
973 1945 1110 1985 nam
1152 1944 1255 2000 per
1291 1927 1477 2001 ipsam
1519 1927 1720 1984 anima
1762 1945 1893 1999 spo·

379 2016 566 2073 liatur
603 2017 891 2089 gratuitis.
932 2021 992 2075 et
1029 2019 1209 2075 homo
1248 2018 1308 2073 in
1349 2017 1713 2075 naturalibus
1751 2033 1894 2088 quo·

379 2108 460 2162 ad
525 2106 788 2163 animam
853 2111 911 2164 et
967 2124 1179 2180 corpus
1242 2107 1600 2164 vulneratur.
1662 2107 1732 2161 Et
1793 2121 1896 2177 per

379 2195 496 2251 hoc
547 2199 781 2252 cessant
834 2198 1229 2269 quorumdam
1287 2195 1660 2270 objectiones,
1721 2197 1787 2252 ut
1834 2194 1890 2248 in

379 2288 566 2343 textu.

382 2411 606 2461 Finitur
631 2411 792 2462 varia
819 2411 1049 2462 sceleris
1081 2410 1402 2462 substantia
1431 2409 1572 2474 lege,
1707 2411 1889 2476 [opus.

444 2483 632 2541 Quam
677 2484 864 2548 magis
906 2483 1012 2537 hoc
1054 2483 1318 2550 complet,
1355 2483 1505 2549 quod
1544 2483 1684 2534 latet
1718 2482 1891 2543 intus,

776 2716 1202 2782 DISTINCTIO
1245 2717 1487 2780 XXXVI
1494 2763 1507 2777 .

509 2859 860 2924 Sciendum
905 2867 1118 2922 tamen
1162 2860 1454 2942 quaedam
1498 2859 1590 2920 sic
1633 2876 1772 2920 esse

925 2966 1206 3041 peccata,
1249 2965 1368 3020 etc.

519 3173 684 3230 NIUS
715 3171 935 3245 peccati
966 3187 1198 3245 poenam
1228 3189 1350 3230 esse
1380 3176 1682 3245 peccatum
1710 3172 1892 3237 aliud,

544 3279 618 3320 ex
655 3262 962 3334 utriusque
987 3261 1340 3320 Testamenti
1378 3261 1669 3334 scriptura
1706 3265 1898 3318 osten·

391 3351 449 3408 di
479 3355 688 3424 potest,
721 3354 788 3407 ut
825 3353 982 3424 quod
1011 3351 1248 3408 Genesis
1275 3350 1418 3408 dicit
1448 3354 1709 3409 nondum
1743 3367 1900 3407 com-

389 3441 546 3514 pleta
580 3457 710 3498 esse
757 3444 993 3512 peccata
1030 3441 1544 3506 Amorrhaeorum;
1589 3443 1646 3498 et
1683 3445 1900 3514 Apoca-

391 3531 588 3604 lypsis,
615 3529 724 3597 Qui
755 3529 816 3585 in
845 3530 1116 3587 sordibus
1141 3533 1246 3593 est,
1265 3532 1561 3587 sordescat
1587 3531 1812 3596 adhuc;
1843 3532 1901 3586 et

388 3621 474 3678 sic
507 3623 580 3677 de
609 3619 741 3676 aliis
767 3623 836 3678 ut
864 3619 925 3675 in
953 3619 1162 3677 littera.
1193 3621 1290 3676 Est
1316 3622 1512 3677 autem
1553 3619 1663 3676 hoc
1693 3619 1902 3675 intelli-

393 3710 654 3782 gendum
703 3710 776 3766 de
824 3711 1077 3781 peccato,
1123 3725 1244 3765 non
1292 3707 1352 3764 in
1400 3711 1689 3781 quantum
1737 3707 1897 3763 tale:

393 3798 534 3870 quia
579 3798 666 3854 sic
711 3803 800 3855 est
846 3798 1093 3863 malum,
1135 3814 1240 3855 nec
1279 3801 1365 3855 est
1409 3815 1444 3854 a
1491 3798 1643 3864 Deo;
1688 3799 1790 3854 sed
1840 3796 1899 3852 in

393 3889 686 3958 quantum
734 3887 1028 3960 corruptio
1075 3889 1346 3960 quoedam
1403 3903 1650 3960 sequens
1707 3903 1903 3958 pecca-

391 3978 544 4032 tum.
577 3977 646 4032 Et
678 3975 811 4033 licet
851 3992 974 4033 esse
1013 3976 1444 4049 corruptionem
1476 3975 1637 4031 omni
1668 3978 1900 4048 peccato

397 4065 726 4130 conveniat,
757 4082 872 4122 non
905 4069 1102 4121 tamen
1132 4081 1307 4120 omne
1335 4069 1422 4120 est
1449 4081 1620 4136 poeua
1658 4065 1897 4137 peccati,

2003 773 2138 826 ante
2168 775 2470 842 peccatum
2500 772 2625 828 vult
2654 771 2916 845 intelligi.
2948 774 3095 829 Sunt
3132 772 3312 845 igitur
3336 776 3501 830 actus

2002 859 2203 932 aliqui,
2244 860 2381 917 boni
2425 860 2660 933 quidem
2706 861 2973 926 essentia,
3016 862 3157 918 mali
3200 864 3397 919 autem
3439 862 3500 918 in

2002 952 2287 1020 quantum
2331 950 2677 1015 deordinati,
2708 954 2776 1007 ut
2814 955 3052 1021 peccata
3090 969 3103 1007 ε
3145 950 3325 1024 aliqui
3365 968 3501 1010 vero

2003 1037 2138 1092 boni
2182 1040 2323 1095 sunt
2360 1055 2430 1094 ex
2471 1053 2697 1110 genere,
2730 1043 2795 1096 ut
2831 1055 3007 1111 opera
3044 1039 3462 1097 misericordiae
3483 1058 3497 1106 ;

2002 1127 2245 1199 quidam
2294 1126 2469 1184 etiam
2518 1128 2778 1187 absolute
2826 1129 2961 1186 boni
3018 1133 3155 1185 sunt
3198 1146 3267 1186 ex
3326 1145 3504 1187 causa

2002 1219 2059 1272 ct
2096 1216 2227 1281 tine,
2272 1220 2329 1274 et
2368 1216 2429 1271 hi
2468 1220 2605 1274 sunt
2644 1217 2895 1290 perfecte
2934 1218 3089 1274 boni.

2003 1341 2162 1404 Saepe
2195 1341 2383 1391 scelus
2415 1341 2610 1392 sceleri
2641 1356 2832 1394 comes
2865 1342 3137 1394 indivisus
3168 1343 3435 1404 adhaeret,

2067 1413 2139 1462 Ut
2167 1412 2265 1463 flat
2294 1413 2490 1464 sceleri
2522 1428 2689 1478 poena
2720 1414 2957 1465 subinde
2989 1416 3194 1467 scelus,

2374 1647 2799 1712 DISTINCTIO
2842 1647 3130 1712 XXXVII.

2284 1799 2444 1861 Sunt
2496 1807 2559 1862 et
2610 1801 2717 1863 alii
2772 1801 3059 1882 plurimi,
3109 1809 3228 1864 etc.

2129 2012 2463 2068 RAEDICTAE
2504 2014 2805 2070 sentcntiae
2842 2032 2959 2087 qua
2998 2015 3220 2073 dictum
3270 2019 3373 2082 est,
3410 2033 3505 2072 vo-

2153 2101 2439 2159 luntatem
2498 2103 2719 2160 malam
2774 2107 2831 2160 et
2883 2108 3081 2162 actum
3137 2105 3382 2172 malum,
3441 2106 3503 2162 in

2002 2194 2290 2263 quantum
2330 2195 2512 2256 actus,
2543 2191 2767 2265 aliquid
2806 2209 2946 2257 esse,
2978 2196 3036 2251 et
3071 2195 3225 2251 bona
3262 2211 3403 2260 esse,
3435 2211 3503 2251 ac

2003 2297 2037 2335 a
2067 2282 2183 2338 Deo
2214 2280 2353 2346 sore,
2387 2282 2521 2338 licet
2550 2298 2666 2340 non
2698 2282 2757 2338 in
2789 2287 3074 2356 quantum
3105 2283 3504 2341 deformitates

2002 2372 2275 2443 quaedam
2332 2375 2471 2428 sunt
2518 2389 2530 2429 :
2580 2371 2825 2444 plurimi
2880 2373 3307 2438 contradicunt,
3355 2390 3508 2430 asse-

2002 2463 2197 2516 rentes
2235 2476 2305 2517 ea
2343 2459 2507 2516 nulla
2542 2461 2766 2522 ratione
2805 2463 2958 2519 bona
2996 2479 3139 2527 esse,
3171 2479 3279 2519 nec
3305 2461 3503 2534 aliquo

2004 2550 2180 2606 modo
2226 2567 2261 2606 a
2310 2549 2425 2606 Deo
2471 2549 2610 2616 fore,
2642 2568 2825 2622 quum
2872 2551 3155 2624 scriptum
3198 2551 3275 2607 sit
3314 2567 3329 2608 ε
3368 2551 3505 2609 Sine

2004 2637 2127 2710 ipso
2168 2638 2387 2696 sactum
2438 2642 2525 2696 est
2570 2639 2735 2705 nihil,
2784 2639 2845 2696 id
2886 2643 2973 2697 est
3017 2643 3341 2712 peccatum.
3387 2641 3507 2697 Sol·

2001 2730 2260 2800 vuntque
2310 2727 2599 2786 rationem
2658 2746 2837 2801 supra
2888 2730 3225 2794 adductam,
3266 2729 3503 2795 scilicet,

2003 2817 2203 2873 omnia
2235 2833 2366 2890 quoe
2394 2821 2550 2883 sunt,
2574 2817 2633 2873 in
2665 2821 2950 2891 quantum
2981 2822 3135 2884 sunt,
3168 2821 3321 2876 bona
3347 2822 3503 2884 sunt,

2005 2909 2111 2962 etc.
2147 2923 2162 2962 ι
2205 2905 2464 2963 dicentes
2515 2906 2624 2963 hoc
2668 2907 2967 2964 veritatem
3017 2907 3231 2964 habere
3276 2909 3337 2964 in
3383 2924 3507 2966 esse

1931 2984 1976 3049 C
2007 2995 2271 3053 naturale
2330 2999 2389 3052 et
2448 2996 2827 3053 substantiale
2886 2997 3253 3061 habentibus,
3312 2997 3511 3070 qualia

2009 3087 2245 3157 peccata
2278 3101 2391 3141 non
2425 3088 2578 3140 sunt.
2611 3083 2822 3141 Dicunt
2850 3084 3008 3141 enim
3040 3085 3186 3141 illud
3217 3102 3321 3158 per
3350 3088 3509 3158 quod

2007 3173 2184 3230 homo
2224 3173 2288 3229 fit
2328 3173 2596 3240 deterior,
2630 3173 2800 3246 quale
2838 3177 2927 3230 est
2964 3177 3287 3246 peccatum,
3319 3191 3355 3230 a
3392 3175 3509 3231 Deo

2006 3278 2129 3319 esse
2179 3278 2296 3318 non
2345 3279 2510 3335 posse
2534 3279 2549 3328 ;
2598 3279 2785 3334 neque
2843 3262 3036 3335 ipsum
3089 3279 3328 3319 causam
3383 3278 3509 3320 esse

2010 3352 2134 3424 ejus
2175 3352 2332 3424 quod
2372 3354 2459 3407 est
2497 3350 2667 3416 nihil,
2700 3355 2765 3408 ut
2790 3354 2877 3408 est
2905 3354 3227 3424 peccatum,
3258 3355 3367 3410 etc.
3399 3354 3512 3409 Ma-

2009 3439 2186 3512 gister
2231 3457 2369 3512 ergo
2428 3440 2643 3496 harum
2701 3439 3045 3512 opinionum
3085 3441 3383 3514 judicium
3431 3442 3509 3499 le-

2008 3529 2146 3585 ctori
2183 3529 2541 3602 relinquens,
2573 3528 2724 3585 nihil
2764 3529 2844 3586 ibi
2884 3546 3152 3603 expresse
3192 3532 3505 3589 concludit.

2009 3619 2282 3675 Doctores
2330 3622 2529 3676 autem
2577 3622 2741 3676 extra
2794 3623 3021 3677 textum
3066 3620 3326 3679 sentiunt
3371 3638 3506 3679 cum

2009 3706 2219 3780 prima,
2261 3707 2435 3782 juxta
2490 3708 2663 3765 dicta.
2712 3709 2829 3766 Nec
2876 3709 3109 3766 difficile
3160 3714 3247 3767 est
3292 3710 3509 3768 solvere

2009 3796 2248 3854 alterius
2294 3798 2529 3861 motiva,
2562 3798 2975 3870 distinguendo
3016 3798 3169 3856 inter
3205 3803 3508 3872 peccatum

2010 3885 2070 3942 in
2103 3890 2389 3959 quantum
2420 3890 2603 3952 actus,
2634 3891 2692 3944 et
2730 3887 2789 3943 in
2830 3891 3116 3960 quantum
3149 3887 3508 3956 deformitas,

2009 3979 2335 4034 secundum
2367 3994 2545 4050 quam
2584 3977 2761 4034 etiam
2805 3977 3237 4035 distinctionem
3270 3979 3513 4036 diversae

2014 4067 2389 4124 auctoritates
2422 4066 2606 4139 accipi
2637 4070 2879 4138 possunt
2906 4070 2962 4124 et
2990 4068 3349 4124 concordari.
3380 4068 3513 4125 Por-

393 4155 499 4211 sed
527 4154 678 4212 illud
704 4157 937 4211 tantum
968 4156 1124 4227 quod
1154 4154 1226 4210 ab
1256 4153 1371 4210 alio
1410 4157 1685 4210 causatur
1722 4157 1780 4210 et
1817 4157 1904 4210 est
1932 4150 1982 4213 D
2012 4172 2077 4212 ro
2132 4171 2317 4228 quum
2377 4154 2607 4220 dicitur,
2660 4155 2843 4212 Deum
2902 4155 3043 4212 mali
3099 4173 3335 4213 causam
3393 4173 3510 4213 non

397 4245 638 4300 effectus
680 4243 880 4316 ipsius,
925 4244 1261 4300 Absurdum
1305 4245 1502 4300 tamen
1543 4259 1660 4299 non
1705 4246 1806 4308 est,
1850 4243 1899 4298 si

399 4333 532 4406 quis
561 4333 720 4390 dicat
754 4333 933 4391 etiam
973 4333 1089 4390 alia
1126 4334 1398 4405 quaedam
1441 4336 1674 4404 peccata
1705 4348 1904 4405 poenas

403 4439 530 4480 esse
575 4439 778 4482 eorum
829 4440 1080 4495 quorum
1135 4423 1372 4479 effectus
1428 4438 1545 4478 non
1597 4424 1751 4487 sunt,
1801 4424 1902 4479 sed

402 4511 791 4570 essentialiter
826 4527 951 4568 esse
987 4511 1236 4568 aliorum
1278 4527 1495 4583 poenas,
1528 4515 1594 4568 ut
1620 4513 1692 4567 de
1721 4510 1908 4568 rebel-

407 4602 560 4659 lione
602 4601 797 4658 carnis
839 4601 1198 4674 Augustinus
1240 4601 1399 4658 dicit.
1441 4603 1554 4658 Sed
1589 4604 1646 4658 et
1683 4600 1787 4666 ira,
1823 4601 1907 4656 in-

405 4691 580 4756 vidia,
611 4690 902 4764 superbia,
934 4694 992 4748 et
1026 4690 1262 4755 similia,
1295 4689 1658 4763 spiritualem
1702 4706 1908 4762 quam·

407 4783 546 4839 dam
598 4796 833 4854 poenam
891 4795 1181 4837 annexam
1239 4779 1470 4844 habent,
1520 4795 1651 4851 quae
1704 4782 1905 4836 tamen

407 4874 714 4944 peccatum
757 4885 876 4926 non
917 4871 1020 4925 est.
1061 4871 1254 4934 Quum
1303 4871 1500 4925 autem
1547 4868 1906 4941 Augustinus

409 4961 566 5017 dicat
619 4962 854 5031 peccata
909 4960 1182 5030 quaedam
1240 4957 1362 5014 fleri
1421 4975 1489 5016 ex
1547 4958 1904 5023 necessitate,

407 5048 799 5122 Hieronymus
850 5065 988 5105 vero
1037 5047 1193 5104 dicat
1247 5063 1480 5120 semper
1535 5046 1596 5103 in
1651 5047 1908 5104 hominis

408 5157 532 5196 esse
564 5141 854 5212 potestate
899 5153 1135 5209 peccare
1176 5136 1265 5193 vel
1313 5153 1429 5193 non
1472 5153 1750 5209 peccare;
1791 5153 1907 5194 non

409 5233 606 5286 tamen
628 5227 996 5300 intelligendi
1015 5229 1153 5284 sunt
1171 5225 1279 5283 sibi
1304 5225 1908 5299 contradicere,quum

409 5315 505 5374 ille
547 5319 618 5374 de
660 5314 1004 5382 venialibuS,
1039 5315 1132 5373 hic
1175 5331 1310 5372 vero
1347 5316 1419 5372 de
1458 5315 1804 5372 mortalibus
1833 5315 1912 5371 lo-

1986 4261 2156 4309 -esse,
2192 4247 2349 4316 quod
2378 4261 2583 4302 omnes
2623 4246 2824 4302 tenent
2836 4264 2850 4310 ;
2884 4245 3123 4302 nomine
3162 4247 3304 4302 mali
3342 4263 3513 4319 poena

2013 4331 2392 4405 intelllgenda
2440 4348 2556 4389 non
2603 4336 2708 4397 est,
2758 4336 2859 4390 sed
2908 4336 3232 4407 peccatum.
3280 4335 3511 4408 Alioqui

2011 4438 2215 4478 verum
2256 4438 2372 4479 non
2416 4425 2567 4479 esset
2603 4424 2762 4494 quod
2809 4423 3042 4489 dicitur,
3088 4423 3213 4480 Non
3262 4428 3349 4481 est
3386 4441 3512 4482 ma-

2013 4509 2138 4566 lum
2178 4508 2237 4565 in
2280 4509 2509 4567 civitate
2548 4511 2705 4582 quod
2745 4511 2895 4567 Deus
2938 4527 3054 4567 non
3091 4509 3258 4578 fecit;
3290 4515 3363 4577 et,
3394 4513 3511 4584 Ego

2013 4617 2145 4656 sum
2191 4599 2343 4656 Deus
2385 4615 2587 4656 creans
2631 4599 2874 4656 malum.
2916 4600 3106 4658 Poenae
3142 4601 3299 4657 enim
3341 4601 3513 4658 malae

2014 4688 2255 4762 quidem
2295 4690 2435 4744 sunt
2460 4687 2659 4754 malis;
2692 4688 2749 4743 in
2793 4691 3078 4761 quantum
3118 4690 3314 4747 autem
3335 4690 3513 4761 Justoe

2015 4781 2168 4844 sunt,
2201 4795 2236 4834 a
2265 4779 2380 4836 Deo
2407 4780 2546 4833 sunt
2576 4782 2634 4834 et
2672 4779 2855 4835 bonae.
2888 4778 3049 4834 Sicut
3085 4781 3143 4834 et
3180 4779 3329 4837 Deus
3369 4779 3513 4836 dici-

2015 4872 2113 4924 tur
2157 4871 2407 4924 mortem
2456 4883 2574 4923 non
2617 4866 2837 4932 fecisse,
2879 4867 2938 4923 id
2978 4871 3065 4925 est
3102 4869 3215 4924 hoc
3252 4885 3355 4941 pro
3396 4885 3512 4941 quo

2017 4974 2177 5014 mors
2216 4956 2518 5029 infligitur,
2559 4955 2780 5012 scilicet
2816 4959 3118 5029 peccatum
3162 4974 3175 5013 ε
3216 4961 3275 5014 et
3313 4961 3511 5015 tamen

2017 5045 2301 5118 scriptum
2344 5048 2449 5110 est,
2491 5048 2741 5101 mortem
2784 5062 2819 5101 a
2856 5045 2970 5102 Deo
3014 5063 3155 5112 esse,
3193 5045 3413 5106 scilicet
3451 5047 3511 5103 in

2019 5138 2306 5208 quantum
2344 5151 2515 5208 poena
2555 5138 2657 5192 est.

2019 5251 2188 5302 Nulla
2202 5251 2319 5302 Deo
2338 5263 2679 5315 quemquam
2699 5249 2901 5313 premit
2922 5250 3151 5315 auspice
3171 5251 3355 5316 culpa,
3372 5257 3516 5303 tam-

2085 5323 2275 5374 Causa
2304 5321 2613 5374 voluntatis
2644 5320 2719 5372 sit
2744 5321 2897 5371 Deus
2929 5321 3049 5386 ipse
3080 5323 3257 5374 malae.
3391 5321 3514 5390 {etsi
