4334 6242
530 2181 558 2222 p
573 2170 622 2208 87
637 2167 681 2210 in
692 2165 789 2209 tine.

818 483 937 556 244

1498 501 1559 554 m
1602 504 1821 552 mamm
1865 507 1907 552 11
1950 496 2432 550 sumt-:mianum
2479 519 2560 531 —-
2601 503 2752 550 nisr.
2800 497 2907 566 ¹¹¹3
2951 501 3174 560 Qua-:sm
3217 501 3255 550 v

899 681 1349 742 Verumtamen
1408 678 1700 760 quamvis
1758 677 1854 740 hae
1910 675 2192 738 actiones
2252 681 2314 736 et
2345 676 2397 738 A
2431 692 2556 736 non
2588 694 2624 736 a
2655 674 2866 748 rebuS,
2900 677 3006 738 sed
3041 696 3116 738 ex
3149 677 3365 739 innato
3397 676 3638 738 lumine
3671 675 3932 738 virtutis

821 778 1256 840 successiones
1316 777 1721 858 requirantur
1766 776 1843 836 ad
1895 781 2108 836 actum
2161 773 2315 834 deli-

822 876 1177 938 berativum
1209 895 1319 936 seu
1351 875 1690 936 electivum
1734 873 1963 934 mentis
1996 872 2313 943 humanae,

823 992 948 1035 non
992 980 1199 1035 tamen
1243 979 1504 1054 apparet
1543 972 1711 1053 quod
1752 969 1831 1031 ad
1870 977 2082 1031 actum
2125 969 2316 1030 talem

824 1072 1055 1134 mentis
1104 1071 1424 1151 angelicoe‚
1464 1089 1605 1152 qnae
1650 1069 1907 1152 ponitur
1957 1085 2083 1129 non
2128 1067 2316 1128 colla-

821 1170 952 1231 tiva
986 1188 1103 1230 nec
1134 1168 1507 1241 discursiva,
1542 1165 1893 1248 praesertim
1926 1183 2125 1246 quum
2156 1171 2212 1225 61
2250 1165 2313 1225 in

823 1267 1261 1348 superioribus
1319 1265 1434 1328 siat
1482 1284 1596 1346 per
1654 1263 1971 1344 pauciora,
2026 1262 2195 1344 quod
2251 1261 2314 1323 in

824 1365 1234 1427 inferioribus
1279 1364 1350 1426 sit
1398 1383 1511 1446 per
1554 1363 1756 1444 plura.

916 1463 1208 1545 Amplius
1267 1464 1343 1524 de
1402 1463 1501 1524 his
1561 1460 1782 1522 scribit
1844 1461 2065 1523 Scotus
2124 1477 2317 1540 super

823 1562 1112 1643 quintam
1154 1560 1651 1632 distinctionem,
1685 1567 1748 1620 et
1780 1558 2003 1640 probat
2039 1557 2316 1619 rationes

822 1661 1244 1741 quorumdam
1282 1659 1610 1721 doctorum
1647 1656 2025 1739 praehabitas
2067 1672 2193 1716 non
2225 1673 2318 1715 es-

823 1777 891 1820 se
943 1757 1219 1830 idoneas,
1268 1757 1433 1818 sicut
1480 1763 1543 1817 et
1597 1755 1783 1817 modo
1831 1753 2168 1835 probatum
2221 1758 2318 1811 est

2429 773 2853 847 intellectivae,
2887 793 3147 837 necesse
3177 784 3274 838 est
3301 794 3409 838 eos
3440 775 3506 837 in
3543 775 3683 856 ipso
3716 775 3932 856 primo

2430 890 2600 933 nunc
2639 871 3021 934 exsistentiae
3065 893 3194 936 suae
3235 873 3622 936 intellexisse
3666 873 3932 935 actuali-

2431 977 2525 1029 ter
2562 989 2636 1030 ca
2675 988 2945 1050 quorum
2992 971 3269 1052 cognitio
3313 971 3529 1033 innata
3569 991 3682 1033 seu
3726 971 3936 1033 indita

2429 1068 2521 1129 eis
2573 1067 2710 1129 suit.
2764 1068 2850 1130 De
2898 1087 3112 1131 amore
3162 1088 3415 1151 qnoque
3464 1090 3575 1132 seu
3625 1077 3770 1132 act-u
3819 1088 3936 1132 vo-

2431 1165 2689 1228 luntatis
2747 1167 3042 1228 similiter
3093 1187 3160 1229 se
3213 1168 3422 1231 habet.
3475 1169 3603 1231 Nec
3652 1167 3930 1230 dubium

2428 1266 2584 1345 quin
2645 1265 2852 1326 omnis
2908 1273 3086 1328 actus
3145 1267 3611 1348 cujuscumque
3669 1267 3932 1328 virtutis

2429 1362 2733 1424 naturalis
2792 1364 3162 1426 naturaliter
3219 1365 3425 1428 bonus
3484 1366 3584 1427 sit.
3639 1365 3928 1427 Primum

2429 1479 2576 1540 ergo
2618 1461 2972 1542 intelligere
3005 1471 3067 1524 et
3099 1464 3378 1544 primum
3413 1483 3626 1526 amare
3658 1463 3931 1545 cujusli-

2430 1558 2536 1621 bet
2565 1561 2794 1640 angeli‚
2833 1559 2996 1622 bona
3030 1561 3308 1624 suerunt.
3344 1563 3487 1625 Haec
3519 1561 3926 1625 Guillelmus,

2509 1753 2749 1815 Solutio
2791 1755 2867 1816 ad
2909 1754 3160 1835 objecta
3201 1776 3277 1817 ex
3329 1756 3692 1838 praehabitis
3743 1758 3930 1821 inno-

824 1855 1075 1936 partim.
1100 1855 1378 1917 —Ratio
1408 1871 1661 1935 quoque
1695 1851 1821 1924 illa,
1856 1851 2023 1931 quod
2054 1849 2316 1928 angelus
2351 1850 2397 1912 B
2429 1852 2630 1913 tescit.
2675 1853 2906 1914 Malum
2957 1872 3210 1935 quoque
3259 1856 3462 1936 culpae
3506 1857 3742 1920 directe
3791 1876 3930 1920 non

824 1952 903 2014 de
948 1952 1321 2014 necessitate
1370 1956 1713 2033 peccasset,
1756 1949 1809 2010 si
1856 1949 1921 2009 in
1968 1947 2177 2029 primo
2227 1947 2318 2007 in-

824 2051 1014 2113 stanti
1059 2071 1189 2114 suae
1240 2049 1575 2112 creationis
1623 2046 1932 2129 peccavit,
1976 2046 2182 2108 soluta
2222 2051 2318 2106 est

824 2169 1019 2231 supra
1060 2167 1074 2210 :
1117 2147 1227 2209 ubi
1278 2155 1603 2209 ostensum
1652 2151 1769 2218 est,
1812 2144 1979 2226 quod
2022 2143 2316 2225 quamvis

824 2250 987 2311 Deus
1024 2246 1105 2309 ab
1144 2253 1381 2310 aeterno
1429 2251 1702 2307 creasset
1747 2243 2079 2316 mundum,
2113 2241 2317 2304 nihilo

822 2347 1036 2409 minus
1077 2345 1296 2418 libere,
1331 2361 1457 2407 non
1499 2344 1576 2404 de
1613 2341 2008 2413 necessitate,
2043 2347 2318 2402 creasset

818 2464 990 2519 eum,
1052 2445 1215 2506 sicut
1275 2452 1338 2505 et
1394 2442 1628 2504 electos
1688 2440 1886 2502 libere
1943 2437 2022 2500 ab
2080 2445 2316 2500 aeterno

818 2542 1309 2625 praedestinavit.

919 2641 1298 2704 Guillelmus
1358 2639 1615 2700 demum
1677 2637 1839 2698 libro
1898 2635 2178 2699 secundo
2235 2634 2313 2696 de

816 2739 1123 2802 Universo
1171 2755 1186 2799 :
1236 2738 1504 2800 Necesse
1554 2742 1670 2805 est,
1722 2735 1951 2816 inquit,
2006 2733 2312 2794 malitiam

813 2837 1184 2918 angelorum
1227 2835 1650 2897 adventiciam
1697 2852 1856 2905 esse,
1892 2849 2015 2893 non
2062 2837 2313 2892 natura-

818 2936 966 3008 lem,
1000 2954 1206 3016 neque
1249 2933 1530 2994 innatam
1577 2951 1590 2995 :
1634 2931 1789 2992 alias
1831 2939 1992 2992 esset
2035 2930 2309 2992 Creatori

2429 1949 2673 2012 confert
2722 1951 2798 2012 ad
2844 1951 3134 2014 decorem
3185 1960 3289 2014 aut
3333 1954 3623 2016 ordinem
3673 1955 3934 2017 univer-

2427 2047 2503 2122 si,
2538 2049 2646 2110 sed
2693 2050 2904 2130 potius
2953 2051 3190 2112 bonum
3239 2053 3409 2133 quod
3459 2053 3664 2116 bonus
3713 2073 3784 2116 ac
3829 2075 3934 2117 sa-

2430 2147 2610 2228 piens
2654 2147 2820 2210 Deus
2861 2149 3036 2211 elicit
3081 2150 3244 2212 inde.

2875 2476 3350 2550 QUAESTIO
3408 2479 3480 2540 V·

2431 2729 2756 2932 QUinto
2787 2733 3224 2815 principaliter
3253 2735 3581 2816 quaeritur,
3615 2735 3745 2802 An
3781 2750 3926 2803 an-

2614 2831 2778 2908 geli
2849 2835 3330 2909 cognoscant
3400 2849 3542 2913 per
3613 2836 3924 2914 species

2423 2929 2920 2997 universales
2965 2935 3132 2997 tam
3181 2933 3633 3000 communia
3677 2948 3922 3014 quam

814 3033 1236 3095 attribuenda.
1273 3031 1489 3112 Neque
1535 3029 1705 3090 enim
1756 3027 2059 3110 possibile
2102 3036 2200 3090 est
2244 3035 2312 3089 ut
2347 3034 2390 3096 C
2423 3025 2943 3108 particularia
2981 3044 3121 3096 seu
3157 3031 3598 3108 singularia
3636 3032 3920 3098 distin-

814 3133 881 3194 in
930 3131 1137 3213 primo
1180 3147 1295 3191 suo
1338 3147 1509 3190 nunc
1550 3126 2031 3208 depravaverint
2077 3134 2308 3188 semet·

816 3231 987 3312 ipsos
1041 3248 1055 3292 :
1108 3228 1228 3290 hoc
1278 3245 1555 3308 namque
1603 3233 1695 3287 est
1748 3242 1983 3306 ponere
2034 3225 2310 3305 primam

813 3347 1032 3392 eorum
1079 3325 1514 3408 operationem
1563 3323 1762 3384 fuisse
1806 3323 2058 3384 malam.
2102 3324 2307 3396 Quum

810 3433 1022 3488 autem
1069 3425 1231 3486 bene
1273 3440 1457 3502 agere
1504 3421 1839 3482 conveniat
1878 3421 1969 3482 eis
2009 3439 2085 3482 ex
2131 3429 2309 3482 natu-

811 3523 1049 3586 ralibus
1098 3523 1252 3594 suiS,
1298 3520 1461 3582 male
1506 3537 1654 3581 vero
1702 3537 1885 3598 agere
1933 3519 2027 3580 eis
2075 3519 2157 3580 sit
2205 3539 2304 3581 ac-

810 3621 1108 3702 quisitum
1141 3619 1238 3680 vel
1272 3637 1348 3679 ex
1380 3616 1980 3698 acquisit0,necesse
2010 3625 2105 3678 est
2135 3617 2306 3698 prius

812 3719 879 3780 in
918 3717 1011 3779 eis
1045 3716 1243 3778 fuisse
1285 3714 1445 3776 bene
1484 3732 1689 3794 agere,
1725 3731 1917 3794 quam
1956 3733 2139 3794 agere
2181 3734 2306 3777 ma-

812 3816 891 3890 le,
926 3815 1091 3877 sicut
1121 3822 1183 3875 et
1214 3813 1391 3895 prius
1431 3818 1525 3873 est
1565 3811 1657 3872 eis
1696 3829 1834 3872 esse
1874 3809 2073 3873 bonos
2112 3831 2306 3893 quam

810 3914 1010 3976 malos
1046 3930 1060 3974 :
1095 3912 1245 3994 quia
1282 3909 1492 3992 priora
1530 3917 1679 3972 sunt
1712 3909 2059 3990 unicuique
2093 3929 2304 3972 rerum

808 4011 1171 4074 essentialia
1214 4017 1273 4071 et
1319 4008 1631 4070 naturalia
1673 4027 1807 4080 sua,
1842 4027 2033 4089 quam
2076 4008 2308 4070 adven·

808 4111 959 4172 ticia
1005 4117 1067 4171 et
1114 4107 1445 4189 acquisita.
1480 4140 1561 4150 -
1600 4105 1911 4186 AmpliuS,
1955 4108 2305 4186 proportio-

2422 3129 2546 3191 cte
2586 3141 2678 3193 ac
2721 3127 2988 3194 simul.

2507 3225 2650 3287 Haec
2707 3225 2972 3306 quaestio
3031 3226 3234 3288 multa
3291 3227 3579 3289 includit.
3631 3228 3916 3291 Primum

2421 3330 2536 3394 est,
2571 3323 2664 3384 An
2705 3323 2911 3402 angeli
2950 3331 3332 3404 cognoscant
3364 3343 3479 3405 per
3517 3326 3760 3406 species
3800 3346 3918 3388 seu

2420 3419 2873 3481 similitudines
2919 3439 3130 3482 rerum
3167 3439 3180 3482 :
3215 3429 3278 3482 et
3319 3422 3488 3484 circa
3535 3423 3655 3484 hoc
3706 3424 3918 3506 inqui-

2421 3526 2615 3590 retur,
2649 3537 2727 3579 an
2767 3519 2973 3598 angeli
3014 3519 3372 3600 superiores
3414 3520 3769 3602 intelligant
3802 3542 3918 3604 per

2419 3616 2664 3697 specics
2705 3615 3212 3678 universaliores
3247 3618 3632 3693 Secundum,
3665 3619 3757 3681 An
3801 3640 3918 3703 per

2418 3714 2786 3794 hujusmodi
2854 3714 3100 3795 species
3167 3724 3547 3795 cognoscant
3612 3717 3914 3784 distincte

2416 3821 2544 3874 tam
2578 3813 2943 3874 communia
2972 3832 3162 3894 quam
3202 3814 3566 3894 singularia.
3602 3817 3908 3894 Tertium,

2417 3912 2507 3973 An
2557 3918 2936 3991 cognoscant
2979 3911 3150 3984 talia,
3183 3919 3402 3993 utpote
3445 3914 3651 3994 plura,
3691 3915 3906 3979 simul.

2416 4009 2502 4071 De
2545 4008 2645 4070 his
2694 4008 2954 4090 quidam
3003 4009 3324 4089 sigillatim
3377 4011 3658 4074 diversas
3707 4013 3916 4095 profe-

2415 4115 2561 4169 runt
2607 4107 3006 4188 quaestiones,

808 4206 1048 4269 nabilia
1082 4213 1230 4268 sunt
1262 4205 1507 4268 bonitas
1538 4212 1599 4266 et
1632 4203 1891 4276 malitia,
1927 4203 2087 4265 bene
2118 4223 2302 4285 agere
2332 4213 2380 4275 1)
2495 4205 2809 4277 Quantum
2849 4203 2927 4264 ad
2969 4203 3272 4285 primum,
3305 4213 3567 4286 apparet
3595 4208 3765 4288 quod
3803 4228 3916 4270 an-

806 4314 871 4368 et-
901 4305 1063 4366 male
1105 4322 1291 4384 agere
1324 4321 1337 4364 ε
1372 4321 1521 4382 ergo
1552 4303 1717 4364 sicut
1747 4300 1996 4364 bonitas
2036 4321 2301 4383 praeces—

807 4404 891 4466 sit
940 4403 1004 4464 in
1048 4402 1140 4463 eis
1192 4401 1521 4474 malitiam,
1564 4399 1657 4460 sic
1706 4399 1865 4461 bene
1914 4418 2097 4480 agere
2149 4420 2302 4482 prae-

806 4501 999 4564 cessit
1046 4501 1111 4562 in
1163 4500 1318 4582 ipsis
1364 4517 1548 4579 agere
1600 4497 1783 4560 male.
1827 4499 2001 4571 Quod
2052 4499 2104 4560 si
2154 4501 2300 4581 quis

806 4607 1067 4683 quaerat,
1101 4598 1286 4681 quale
1328 4598 1489 4659 bene
1527 4614 1711 4676 agere
1750 4597 2074 4677 praecessit
2106 4597 2169 4659 in
2207 4599 2300 4660 eis

809 4699 972 4761 male
1019 4714 1240 4779 agere3
1291 4695 1662 4778 responden,
1709 4695 1879 4776 quod
1930 4695 2026 4757 vis
2076 4714 2301 4777 appre-

804 4797 1069 4860 hensiva
1106 4803 1169 4857 et
1207 4795 1305 4857 vis
1352 4794 1585 4857 motiva
1628 4811 1752 4856 non
1798 4793 2057 4855 fuerunt
2100 4793 2165 4855 in
2208 4795 2300 4856 eis

806 4895 1023 4959 otiosae
1066 4912 1081 4958 :
1124 4893 1363 4956 idcirco
1414 4893 1479 4953 in
1530 4893 1668 4974 ipso
1717 4911 1888 4956 nunc
1936 4892 2296 4967 creationiS,

806 4994 1069 5057 fuerunt
1112 4991 1177 5054 in
1216 4999 1362 5054 actu
1413 5010 1524 5053 seu
1573 4990 1809 5053 effectu
1858 4992 2298 5073 operationum

808 5113 1091 5167 suarum,
1133 5093 1220 5154 ita
1268 5091 1437 5174 quod
1480 5091 1577 5153 vis
1628 5091 2013 5152 intellectiva
2060 5091 2184 5153 fuit
2233 5092 2300 5154 in

806 5202 951 5256 actu
1002 5191 1445 5274 cognoscendi,
1496 5198 1557 5252 et
1606 5190 1703 5252 vis
1754 5189 1990 5252 motiva
2040 5189 2105 5250 in
2152 5196 2299 5252 actu

808 5293 1429 5376 amandi.Quumque
1460 5289 1811 5372 intelligere
1844 5288 2178 5352 conveniat
2206 5289 2299 5353 eis

2414 4302 2538 4383 geli
2598 4319 2725 4363 non
2775 4310 3157 4382 cognoscant
3206 4321 3320 4383 per
3376 4305 3622 4384 species
3673 4325 3908 4369 rerum.

2412 4400 2554 4482 Ipsa
2585 4401 2753 4462 enim
2782 4400 3058 4461 essentia
3086 4401 3292 4480 angeli
3317 4401 3696 4464 eminentius
3721 4406 3916 4467 conti-

2415 4506 2522 4559 net
2551 4506 2611 4560 et
2644 4505 2980 4579 praesentat
3013 4496 3387 4561 inferiorum
3420 4506 3696 4574 naturaS,
3716 4521 3912 4583 quam

2414 4596 2847 4676 intelligibiles
2877 4595 3098 4658 formae
3128 4616 3240 4658 seu
3271 4596 3908 4680 specieS,praesertim

2413 4695 2563 4776 quia
2613 4695 2962 4755 secundum
3014 4694 3305 4757 divinum
3355 4695 3750 4778 Dionysium,
3803 4719 3908 4760 su·
3979 4708 4238 4763 neuma.

3933 4787 4126 4824 ”OQ-e.
4147 4795 4198 4828 v·

2413 4793 2662 4876 periora
2709 4793 2774 4854 in
2817 4793 3073 4854 entibus
3121 4802 3272 4854 sunt
3311 4796 3699 4877 exemplaria
3748 4797 3909 4861 inse—

2414 4893 2673 4955 riorum.
2705 4893 2881 4954 —In
2917 4891 3282 4974 oppositum
3317 4900 3414 4954 est
3441 4893 3728 4958 doctrina
3769 4897 3910 4978 phi-

2413 4991 2821 5072 losophorum
2851 4998 2916 5053 et
2945 4991 3402 5072 theologorum,
3435 4992 3603 5056 sicut
3639 4995 3902 5076 patebit.

2503 5188 2596 5251 Ad
2658 5188 2793 5251 haec
2855 5190 3194 5270 respondet
3250 5189 3548 5253 Albertus
3601 5211 3615 5255 :

3669 5192 3904 5258 Dicunt
3957 5223 4234 5276 Summas.

2411 5287 2692 5373 quidam,
2747 5295 2815 5350 ut
2871 5287 3202 5371 Philippus
3261 5289 3679 5354 cancellarius
3737 5293 3902 5358 Pari·-
3929 5289 4238 5348 Quaqua
4321 5329 4323 5345 ι
