4334 6242
543 1437 649 1480 Luc.
663 1449 732 1488 xx,
743 1439 807 1480 36.

830 444 950 513 510

1503 467 1568 513 IN
1607 465 1830 512 mmmm
1871 467 1916 512 11
1959 462 2439 513 semerAnUn.
2484 481 2563 492 ——
2606 463 2761 509 msT.
2802 463 2905 526 113
2949 463 3173 520 QUAEST.
3208 464 3271 509 v1

831 637 1182 698 secundum
1234 637 1665 700 conditionem
1713 644 1953 698 naturae
1997 635 2332 697 attendun-
2361 632 2412 696 A
2441 643 2600 698 taret
2629 652 2737 697 eos
2766 636 2844 697 ad
2876 636 3129 698 ordines
3166 635 3311 698 coeli
3348 635 3457 716 qui
3489 653 3564 696 ex
3603 632 3847 714 angelis
3875 639 3937 695 et

829 741 954 807 tur,
1005 742 1067 795 et
1115 735 1466 796 secundum
1518 736 1682 796 dona
1728 734 1962 815 gratiae.
2015 733 2331 806 Quantum

830 831 909 892 ad
941 831 1244 913 primum,
1281 840 1522 894 certum
1558 840 1654 894 est
1683 832 1974 894 homines
2005 849 2130 892 non
2163 849 2335 891 assu-

835 930 922 992 mi
970 931 1048 992 ad
1093 931 1346 993 ordines
1389 931 1780 1012 angelorum,
1823 929 2124 1012 quoniam
2169 947 2334 989 sem-

833 1047 948 1110 per
997 1028 1279 1090 manebit
1327 1038 1700 1091 naturarum
1749 1027 2094 1091 distinctio.
2135 1027 2333 1100 Quam

834 1127 1095 1208 quidam
1147 1127 1639 1202 consideranteS,
1687 1127 1986 1189 dixerunt
2042 1125 2334 1188 homines

833 1226 912 1287 ad
950 1225 1322 1305 angelorum
1353 1226 1608 1288 ordines
1649 1243 1776 1289 non
1818 1243 2000 1307 posse
2041 1222 2280 1286 assumi
2318 1239 2331 1284 :

836 1325 1004 1406 quod
1065 1332 1377 1407 repugnat
1434 1325 1842 1406 promissioni
1893 1323 2146 1395 Christi,
2198 1339 2339 1403 pro-

838 1424 1126 1485 testantis
1189 1424 1355 1505 quod
1425 1423 1543 1485 filii
1603 1422 2086 1486 resurrectionis
2149 1426 2337 1482 erunt

837 1521 1112 1603 aequales
1161 1521 1402 1603 angelis
1451 1521 1517 1583 in
1567 1521 1764 1584 coelis.
1799 1519 1974 1595 Quod
2023 1519 2196 1581 enim
2242 1524 2338 1579 est

837 1639 916 1682 ex
970 1629 1147 1701 parte
1205 1629 1465 1695 naturae,
1517 1621 1708 1683 habet
1764 1639 1830 1681 se
1885 1626 1954 1680 ut
2013 1616 2337 1680 materiale

841 1720 904 1781 in
966 1719 1208 1782 ratione
1271 1719 1531 1782 ordinis.
1595 1717 2063 1800 completivum
2122 1723 2337 1777 autem

2442 732 2813 796 hominibus
2844 733 3029 795 fiunt.
3056 733 3132 795 Et
3160 751 3353 814 super
3384 732 3540 794 illud
3568 732 3777 804 Josue,
3800 730 3942 794 Om-
3982 747 4130 790 June
4152 762 4179 790 ι.
4200 749 4241 788 ³.

2445 851 2589 894 nem
2640 833 2849 895 locum
2900 851 3091 914 quem
3148 832 3487 894 calcaverit
3546 850 3657 912 pes
3703 838 3940 904 vester,

2446 929 2665 993 Glossa
2695 931 2927 992 fatetur
2960 947 2974 992 :
3009 931 3069 992 Si
3104 929 3427 992 diabolum
3461 929 3695 1002 vicero,
3728 929 3780 989 si
3818 947 3946 989 me-

2446 1046 2633 1091 ruero
2673 1037 2742 1090 ut
2782 1047 2931 1092 eum
2976 1036 3258 1092 conterat
3301 1028 3467 1090 Deus
3510 1027 3629 1090 sub
3668 1026 3944 1108 pedibus

2448 1126 2629 1198 meiS,
2682 1135 3143 1209 consequenter
3193 1126 3403 1190 locum
3462 1125 3603 1207 ejus
3663 1125 3729 1187 in
3778 1125 3944 1188 coelo

2446 1223 2713 1287 habebo,
2762 1225 2905 1288 Haec
2946 1225 3404 1290 Bonaventura.

2528 1324 2615 1385 De
2670 1323 2856 1404 cujus
2908 1323 3319 1406 responsione
3367 1323 3445 1385 ad
3496 1321 3664 1384 istud
3714 1322 3945 1404 quaesi-

2446 1431 2609 1496 tum,
2661 1424 2904 1485 dictum
2952 1433 3048 1486 est
3096 1423 3349 1505 plenius
3402 1442 3613 1504 supra,
3662 1422 3727 1483 in
3776 1441 3947 1503 quae-
3998 1437 4227 1492 passa:

2448 1523 2652 1584 stione
2696 1523 2975 1584 secunda
3017 1521 3445 1586 distinctionis
3482 1521 3689 1582 istiuS.
3734 1520 3808 1582 Et
3850 1519 3946 1581 illi

2449 1619 2845 1702 responsioni
2915 1620 3254 1683 concordat
3320 1619 3583 1682 omnino
3650 1617 3951 1681 Richardi

2452 1719 2800 1801 responsio,
2823 1718 3263 1782 Bonaventura
3292 1726 3503 1780 autem
3538 1717 3603 1779 in
3634 1717 3751 1779 hac
3782 1736 3957 1798 quae-

840 1826 1030 1900 atque
1087 1817 1377 1893 formale,
1430 1825 1525 1880 cst
1584 1816 1648 1878 id
1707 1815 1876 1898 quod
1935 1823 2032 1878 est
2090 1833 2167 1876 ex
2229 1814 2336 1875 do·
2372 1815 2419 1877 B
2450 1817 2654 1880 stione
2694 1817 2867 1899 loqui
2899 1817 3152 1879 videtur
3180 1817 3258 1879 de
3298 1815 3693 1878 daemonibus
3726 1833 3956 1876 secun-

839 1934 923 1979 no
977 1917 1214 1997 gratiae,
1268 1935 1408 1998 quae
1459 1935 1538 1978 ex
1591 1916 1702 1977 Dei
1757 1913 2156 1985 liberalitate,
2209 1928 2337 1973 non

839 2033 918 2076 cx
972 2015 1170 2094 gradu
1225 2023 1488 2088 natum,
1541 2013 1874 2095 dependet.
1924 2011 2166 2074 Idcirco
2225 2027 2339 2090 per

839 2111 1106 2192 gratiam
1151 2112 1441 2174 homines
1485 2118 1753 2193 possunt
1793 2109 2022 2172 mereri
2066 2106 2335 2188 gloriam

839 2219 1102 2284 tantam,
1149 2218 1220 2272 ut
1270 2210 1512 2291 angelis
1561 2211 1628 2272 in
1685 2209 1912 2272 merito
1961 2215 2026 2269 et
2076 2206 2339 2289 proemio

842 2317 1251 2390 coaequentur
1281 2309 1634 2372 secundum
1666 2308 1894 2388 gradus
1927 2305 2206 2387 singulos
2235 2324 2341 2367 an-

838 2406 1146 2490 gelorum.
1199 2407 1590 2488 Augustinus
1650 2423 1903 2488 quoque
1961 2403 2339 2466 duodecimo

839 2508 919 2569 de
969 2507 1235 2570 Civitate
1283 2507 1395 2569 Dei
1444 2514 1730 2580 testatur,
1764 2506 1933 2587 quod
1983 2521 2108 2566 non
2152 2510 2340 2564 erunt

842 2606 907 2667 in
954 2605 1116 2668 coelo
1159 2605 1300 2668 duae
1342 2606 1674 2668 societates
1715 2602 2084 2684 angelorum
2129 2608 2191 2663 et
2232 2601 2339 2662 ho-

843 2704 1115 2777 minum,
1145 2705 1254 2766 sed
1300 2723 1426 2765 una
1450 2720 1464 2765 ζ
1489 2701 1792 2785 quoniam
1823 2701 2111 2764 omnium
2145 2698 2340 2761 beati-

843 2803 985 2865 tudo
1011 2811 1109 2864 est
1138 2803 1251 2864 uni
1281 2801 1600 2864 adhaerere
1631 2801 1775 2862 Deo.
1795 2800 1936 2862 Haec
1970 2800 2036 2861 in
2067 2799 2340 2860 Summa.

923 2900 1275 2963 Concordat
1321 2899 1760 2961 Bonaventura
1809 2916 1822 2958 :
1866 2897 1958 2959 Ad
2011 2895 2343 2978 perfectio—

2449 1915 2603 1977 dum
2636 1915 2809 1978 illam
2843 1915 3211 1997 opinionem
3253 1935 3393 1997 quae
3425 1915 3607 1997 ponit
3643 1932 3751 1976 eos
3792 1933 3957 1975 nun-

2449 2034 2640 2096 quam
2686 2013 2886 2076 l'uisse
2930 2015 2996 2075 in
3042 2015 3301 2077 caritate
3342 2021 3405 2076 et
3451 2013 3652 2095 gratia
3700 2020 3955 2093 gratum

2450 2111 2741 2175 faciente.
2777 2149 2857 2159 —
2889 2112 3239 2194 Responsio
3286 2113 3478 2174 etiam
3528 2111 3691 2174 Petri
3742 2111 3806 2172 in
3856 2110 3957 2172 di-

2451 2212 2569 2274 ctis
2600 2212 2854 2274 Thomae
2881 2211 3012 2291 jam
3043 2211 3227 2273 tactis
3257 2211 3535 2272 totaliter
3564 2209 3950 2272 continetur.

2450 2309 2743 2372 Albertus
2787 2327 3043 2391 quoque
3080 2317 3143 2371 et
3186 2308 3512 2372 Udalricus
3551 2307 3953 2390 responsioni

2450 2415 2800 2470 consonant
2841 2408 3115 2471 Thomae.

2517 2508 2706 2570 Porro
2736 2507 3063 2570 Durandus
3092 2507 3332 2589 aliquid
3362 2505 3637 2588 speciale
3668 2505 3772 2567 hic
3804 2506 3959 2568 scri-

2453 2604 2548 2667 bit
2590 2623 2603 2666 :
2647 2605 2947 2668 Homines
2984 2605 3261 2686 (dicens)
3294 2605 3534 2667 assumi
3573 2605 3650 2666 ad
3694 2605 3955 2667 ordines

2453 2702 2845 2783 angelorum,
2880 2702 3151 2783 intelligi
3185 2709 3390 2783 potest
3422 2701 3802 2782 dupliciter:
3827 2703 3960 2784 pri-

2456 2819 2582 2874 m0‚
2626 2809 2937 2882 quantum
2980 2801 3056 2863 ad
3107 2800 3531 2882 aequalitatem
3576 2799 3814 2876 officii;
3857 2820 3961 2862 se-

2456 2900 2687 2974 cund0,
2720 2908 3029 2982 quantum
3078 2900 3154 2961 ad
3204 2899 3629 2981 aequalitatem
3679 2899 3957 2980 praemii.

845 3018 991 3061 nem
1039 2998 1397 3080 (inquiens)
1444 2997 1687 3060 ordinis
1743 2997 1870 3059 duo
1930 3000 2339 3067 concurrunt,
2381 2997 2424 3061 C
2455 2999 2664 3061 Primo
2724 2999 2911 3061 modo
2969 3017 3097 3060 non
3154 3004 3588 3070 assumuntur,
3650 2998 3965 3079 quoniam

845 3099 1162 3172 videlicet,
1210 3105 1435 3159 natura
1495 3103 1792 3178 tanquam
1850 3094 2339 3156 fundamentum

843 3203 906 3258 et
953 3195 1305 3278 dispositio,
1339 3202 1398 3256 et
1441 3195 1642 3276 gratia
1686 3202 1754 3256 ut
1797 3193 2341 3273 complementum

843 3303 906 3358 et
937 3293 1420 3358 consummatio.
1457 3294 1534 3354 Et
1572 3292 1873 3374 quoniam
1915 3290 2155 3371 aliquid
2188 3289 2343 3351 dici—

843 3402 949 3456 tur
977 3412 1115 3455 esse
1146 3392 1498 3454 secundum
1531 3390 1706 3473 quid,
1740 3390 1994 3471 quando
2023 3396 2117 3450 est
2150 3388 2215 3450 in
2246 3405 2345 3450 so-

844 3492 906 3555 la
933 3490 1364 3573 dispositione,
1385 3498 1537 3551 tune
1568 3505 1718 3550 vero
1747 3487 2348 3568 simpliciter,quan-

846 3592 927 3653 do
975 3598 1072 3651 est
1121 3590 1185 3651 in
1235 3609 1350 3650 sua
1397 3586 1830 3670 perfectione3
1882 3604 2083 3667 quum
2135 3584 2342 3665 angeli

847 3689 1048 3752 sancti
1094 3695 1158 3750 et
1201 3687 1519 3750 daemones
1572 3685 1636 3746 in
1682 3683 2077 3746 naturalibus
2122 3701 2347 3745 conve-

848 3789 1047 3860 niant,
1081 3785 1422 3867 aliquando
1462 3784 1763 3846 dicuntur
1796 3783 2114 3845 daemones
2149 3781 2346 3844 fuisse

848 3888 926 3948 de
957 3884 1226 3948 diversis
1257 3882 1589 3947 ordinibus
1625 3881 2018 3963 angelorum,
2052 3880 2347 3962 quamvis

849 4001 1178 4064 nunquam
1219 3982 1406 4064 plene
1447 3981 1687 4043 fuerint
1727 3980 1792 4041 in
1823 3979 2037 4060 aliquo
2071 3978 2292 4040 ordine
2328 3994 2342 4039 ε

851 4090 1110 4165 propter
1139 4081 1308 4164 quod
1340 4079 1824 4161 intelligendum
1857 4085 1952 4140 est
1983 4078 2102 4139 hoc
2133 4095 2353 4138 secun-

2454 3104 2634 3159 actus
2679 3105 2869 3178 atque
2918 3095 3136 3160 officia
3183 3096 3550 3176 angelorum
3602 3103 3774 3169 sunt,
3807 3115 3965 3177 pur-

2456 3213 2623 3275 gare,
2679 3194 3061 3268 illuminare,
3114 3194 3447 3275 perficere,
3500 3193 3841 3268 custodire,
3894 3202 3967 3256 et

2456 3293 2833 3355 annuntiare
2879 3311 2892 3354 :
2936 3312 3077 3374 quae
3122 3310 3247 3355 non
3292 3292 3673 3354 convenient
3719 3293 3965 3354 sanctis

2455 3390 2697 3472 angelis
2762 3398 2904 3471 post
2967 3389 3520 3462 resurrectionem,
3581 3408 3698 3452 nec
3767 3391 3965 3454 modo

2458 3490 2846 3553 conveniunt
2874 3488 3207 3550 animabus
3237 3488 3569 3551 Beatorum
3600 3490 3961 3552 secundum

2458 3589 2661 3669 legem
2702 3577 3129 3650 communem.
3162 3623 3243 3632 —
3272 3587 3336 3648 Si
3376 3604 3527 3648 vero
3566 3586 3963 3668 intelligatur
4030 3607 4243 3650 naeem-
4277 3639 4278 3642 ,

2458 3688 2534 3748 de
2565 3686 2922 3768 aequalitate
2964 3685 3231 3767 praemii,
3265 3686 3608 3747 dicendum
3640 3686 3809 3767 quod
3840 3687 3958 3748 ho·
3988 3676 4067 3775 {³22
4089 3671 4241 3774 „22‘22
4277 3757 4278 3762 η

2460 3804 2563 3848 mo
2632 3803 2745 3867 per
2807 3783 3048 3866 aequale
3110 3783 3405 3845 meritum
3474 3802 3598 3846 non
3662 3785 3963 3865 pervenit
3996 3795 4187 3838 nur-ndo
4277 3847 4278 3858 ,

2458 3883 2536 3944 ad
2594 3881 2901 3962 aequalem
2957 3879 3271 3942 visionem
3328 3898 3473 3940 cum
3536 3879 3780 3961 angelo,
3833 3900 3961 3943 nec
3990 3858 4239 3900 '‘⁶⁶⁰7''sp

3990 3933 4065 3963 ma
4100 3921 4241 3974 Argeu-

2459 3998 2573 4062 per
2615 3977 2855 4060 aequale
2901 3978 3116 4039 lumen
3160 3977 3375 4058 gloriae
3414 3977 3588 4039 videt
3626 3979 3963 4060 {equaliter
3992 3983 4237 4027 tin-distas·
4277 4027 4278 4032 ,

2460 4080 2679 4140 Deum.
2714 4077 2996 4139 Primum
3044 4083 3235 4157 patet,
3268 4076 3571 4156 quoniam
3623 4077 3823 4159 magis
3864 4077 3964 4140 di·
3992 4061 4039 4103 ‘¹’
4066 4049 4217 4096 ¹¹⁸³·
4277 4099 4278 4102 ,

851 4183 1005 4244 dum
1037 4180 1214 4262 quid,
1248 4197 1374 4242 non
1415 4178 1814 4260 simpliciter.
1851 4176 1970 4238 Sed
2013 4195 2211 4258 quum
2244 4175 2351 4238 ho·
2378 4181 2428 4244 D
2460 4184 2579 4239 stat
2612 4177 2801 4238 homo
2832 4194 2945 4238 seu
2975 4174 3115 4256 ejus
3158 4174 3435 4256 cognitio
3464 4176 3771 4238 naturalis
3797 4196 3834 4239 a
3862 4177 3963 4239 vi-

853 4279 1060 4344 mines
1091 4279 1339 4341 valeant
1367 4278 1602 4340 elevari
1634 4277 1711 4340 ad
1743 4275 2182 4338 excellentiam
2213 4293 2350 4355 gra-

853 4379 956 4442 tiae
1003 4384 1066 4440 et
1110 4376 1326 4458 gloriae
1374 4376 1438 4437 in
1489 4394 1614 4457 qua
1661 4381 1809 4437 sunt
1859 4372 2089 4453 angeli,
2147 4379 2354 4453 potest

853 4497 931 4540 ex
962 4474 1333 4540 hominibus
1361 4483 1425 4536 et
1464 4473 1704 4555 angelis
1736 4472 1904 4534 idem
1938 4472 2092 4534 ordo
2121 4471 2353 4534 consti-

856 4576 969 4638 tui.
1003 4609 1084 4620 —
1124 4575 1187 4637 Si
1235 4591 1384 4636 vero
1425 4572 1714 4652 objiciaS,
1758 4571 1927 4652 quod
1971 4588 2097 4633 non
2149 4577 2355 4651 potest

858 4693 996 4736 esse
1047 4671 1456 4736 conformitas
1508 4670 1573 4730 in
1619 4669 2031 4751 perfectione,
2066 4667 2177 4730 ubi
2226 4685 2353 4729 non

859 4780 957 4835 est
995 4769 1438 4834 convenientia
1479 4768 1543 4828 in
1584 4766 1971 4848 praeambula
1999 4765 2358 4848 dispositio—

863 4886 980 4950 ne3
1021 4869 1386 4942 dicendum,
1425 4866 1591 4948 quod
1637 4884 1859 4927 verum
1902 4871 1998 4927 est.
2043 4864 2104 4925 in
2151 4865 2358 4945 dispo-

863 4969 1092 5032 sitione
1154 4965 1572 5038 necessitatis,
1633 4981 1760 5025 non
1819 4963 1884 5024 in
1943 4963 2357 5043 dispositione

864 5067 1062 5131 solius
1093 5064 1527 5148 congruitatiS,
1562 5061 1768 5144 qualis
1807 5068 1905 5123 est
1933 5061 2057 5122 hic.
2090 5095 2170 5105 --
2200 5061 2359 5122 Hinc

869 5264 1066 5350 cipeS,
1098 5261 1187 5325 ait
1215 5260 1432 5324 Glossa
1455 5279 1469 5321 ε
1496 5258 1698 5341 Elegit
1727 5276 2060 5341 paupereS,
2097 5265 2166 5318 ut
2195 5257 2361 5320 exal-

613 5183 696 5228 Ρι.
725 5196 836 5236 xm,
865 5184 1061 5247 super
1088 5163 1247 5224 illud
1277 5162 1342 5223 in
1373 5161 1640 5234 Psalmo,
1666 5160 2023 5223 Constitues
2055 5176 2161 5221 eos
2192 5159 2363 5241 prin-

575 5253 641 5296 ιτ.

2461 4276 2638 4339 sione
2686 4275 2797 4337 Dei
2848 4293 2963 4356 per
3010 4273 3373 4346 essentiam,
3414 4293 3605 4355 quam
3654 4277 3967 4338 naturalis

2464 4373 2742 4455 cognitio
2770 4373 2977 4454 angeli
3013 4389 3027 4434 :
3061 4390 3210 4453 ergo
3239 4372 3533 4453 ampliori
3566 4373 3805 4455 indiget
3834 4393 3973 4438 me-

2463 4473 2586 4535 rito
2628 4472 2705 4534 ad
2746 4472 2865 4535 hoc
2905 4471 3073 4553 quod
3113 4471 3497 4552 perducatur
3533 4471 3611 4534 ad
3651 4472 3969 4554 aequalem

2465 4571 2775 4633 visionem
2836 4589 2982 4631 cum
3042 4569 3283 4650 angelo.
3339 4569 3701 4632 Secundum
3764 4579 3967 4653 patet,

2466 4669 2617 4750 quia
2646 4669 2698 4730 si
2741 4667 3163 4748 inaequalibus
3202 4668 3515 4729 addantur
3550 4669 3838 4749 aequalia,
3872 4689 3975 4732 re·

2469 4774 2726 4828 manent
2770 4765 3141 4847 inaequalia3
3176 4766 3286 4828 sed
3337 4764 3551 4828 lumen
3602 4766 3971 4831 intellectus

2467 4865 2697 4946 angeli,
2749 4872 2812 4927 et
2860 4865 3077 4926 lumen
3128 4863 3489 4926 intellectus
3541 4865 3764 4938 nostri,
3815 4875 3973 4929 sunt

2470 4963 2806 5044 inaequalia
2836 4980 2850 5024 :
2882 4980 3031 5044 ergo
3060 4961 3281 5025 addito‘
3303 4961 3530 5043 aequali
3566 4962 3806 5026 lumine
3836 4965 3973 5045 glo-

2470 5060 2579 5123 riae
2621 5060 2685 5122 in
2726 5068 2993 5141 utroque
3027 5060 3104 5121 ad
3145 5059 3564 5122 elevationem
3602 5059 3967 5138 amborum,

2471 5167 2800 5221 remanent
2830 5157 3167 5240 inaequalia
3198 5158 3263 5219 in
3291 5159 3545 5220 virtute.
3567 5159 3729 5240 Ergo
3758 5167 3831 5221 ut
3858 5159 3973 5224 ho-

2474 5274 2579 5319 mo
2609 5257 2937 5339 perveniat
2964 5256 3042 5318 ad
3072 5255 3496 5337 aequalitatem
3520 5257 3785 5320 visionis
3815 5277 3969 5323 eum
