4334 6242
66 197 86 424 *ss-*Q*
66 151 85 170 -.
76 121 85 131 .
66 5 85 84 '‘3-

880 495 1000 562 450
1537 516 1600 563 m
1640 517 1860 564 uanum
1904 518 1945 562 11
1989 515 2471 562 saman-runnu.
2515 533 2597 543 —
2637 513 2788 561 msr.
2830 511 2977 578 v1113
3022 509 3244 572 onAEsr.
3287 515 3330 562 ιι

879 684 972 746 sic
1013 697 1412 768 apparenteS‚
1456 707 1602 752 vere
1647 688 1996 771 loquuntur
2041 687 2118 749 ad
2169 684 2373 748 homi·
2403 684 2454 747 A
2485 686 2839 758 comedere,
2893 686 3269 768 intelligitur
3324 685 3702 768 supplendo,
3752 703 3833 747 ex
3880 701 3986 746 ne-

879 801 992 844 nes
1027 801 1040 845 :
1073 803 1222 867 ergo
1253 795 1316 850 et
1344 787 1559 849 vident
1591 806 1663 848 ac
1697 787 1964 848 audiunt
2000 804 2113 867 per
2141 803 2375 865 organa

878 880 986 942 illa
1029 901 1252 946 sensus
1294 893 1484 967 atque
1527 885 1801 947 auditus,

955 979 1025 1042 ln
1065 983 1453 1044 contrarium
1494 991 1610 1055 est,
1645 983 1814 1065 quod
1855 999 1982 1044 non
2021 979 2257 1042 habent
2288 979 2377 1040 vi-

878 1099 978 1142 res
1006 1081 1390 1160 vegetativas
1431 1100 1549 1143 nec
1589 1081 1946 1152 sensitivas‚
1980 1097 2187 1160 neque
2227 1085 2376 1138 sunt

799 1197 804 1200 ·
875 1177 1096 1242 formae
1153 1197 1490 1261 corporum
1553 1177 2021 1251 substantialeS,
2072 1195 2190 1238 nec
2240 1194 2373 1237 cor-

874 1294 1028 1359 pora
1080 1277 1187 1339 illa
1230 1277 1584 1351 vivificant,
1631 1296 1748 1339 nec
1799 1296 2000 1338 unum
2050 1294 2196 1337 cum
2247 1273 2373 1335 illis

876 1375 1289 1438 constituunt.

953 1573 1046 1634 Ad
1095 1573 1230 1635 haec
1279 1573 1632 1635 Alexander
1689 1573 2030 1655 respondet
2084 1589 2097 1633 τ
2150 1571 2374 1634 Dicen-

874 1670 1028 1732 dum
1073 1671 1346 1746 videtur,
1394 1672 1573 1753 quod·
1615 1672 1680 1733 in
1730 1671 1982 1751 organis
2034 1687 2374 1752 corporum

873 1768 1083 1832 taliter
1115 1778 1588 1851 assumptorum
1630 1788 1755 1833 non
1795 1776 1891 1831 est
1920 1787 2068 1831 vere
2101 1769 2198 1831 vis
2228 1766 2376 1829 visi-

2487 783 2797 845 cessitate.
2837 783 2912 844 Et
2956 784 3249 866 quamvis
3297 782 3421 846 fuit
3466 784 3553 846 ibi
3598 783 3833 846 veritas
3882 800 3985 844 co-

2487 881 2816 944 mestionis
2856 882 3062 964 quoad
3106 882 3707 956 manifestationem,
3742 899 3870 944 non
3903 889 3989 942 ta-

2486 999 2633 1042 men
2677 981 2884 1062 quoad
2930 980 3391 1062 projectionem
3437 981 3502 1043 in
3546 987 3835 1043 ventrem
3880 987 3987 1040 aut

2486 1079 3080 1160 incorporationem.
3113 1080 3287 1154 Quod
3334 1079 3523 1141 etiam
3568 1097 3717 1142 vere
3767 1078 3986 1141 cibum

2484 1185 2906 1259 sumpserunt,
2921 1177 3153 1240 fatetur
3182 1179 3569 1259 Augustinus
3600 1179 3663 1239 in
3696 1176 3860 1239 libro
3885 1176 3987 1239 LX

2484 1275 2913 1348 Quaestionum
2947 1283 3168 1338 contra
3197 1294 3473 1358 paganos
3510 1294 3523 1338 :
3558 1276 3854 1357 Legimus
3884 1295 3987 1337 an-

2482 1373 2656 1454 gelos
2696 1393 2873 1436 escas
2916 1375 3265 1456 sumpsisse
3302 1393 3428 1437 non
3460 1375 3612 1437 ficte
3650 1383 3760 1436 aut
3792 1375 3988 1456 phan-

2486 1473 2734 1547 tastice,
2796 1475 2905 1535 sed
2972 1472 3493 1537 manifestissima
3553 1474 3843 1536 veritate.
3908 1508 3988 1518 —

2485 1571 2771 1652 Denique
2828 1571 2952 1633 tale
3011 1589 3241 1654 corpus
3302 1572 3633 1634 celerrime
3684 1580 3750 1634 et
3802 1571 3983 1653 quasi

2487 1669 3084 1751 imperceptibiliter
3126 1669 3252 1732 cito
3303 1679 3593 1733 movetur
3635 1670 3715 1732 ab
3758 1670 3986 1757 angelo

2488 1767 2641 1828 dum
2684 1767 2842 1842 vult,
2884 1774 3193 1849 quantum
3234 1768 3548 1850 permittit
3591 1777 3813 1830 natura
3852 1786 3986 1830 cor-

872 1885 975 1941 va,
1018 1885 1226 1949 neque
1273 1868 1550 1941 audituS‚
1593 1875 1702 1928 aut
1748 1867 1912 1929 alius
1962 1884 2222 1944 sensus3
2262 1866 2373 1928 sed
2412 1863 2459 1924 Β
2490 1866 2659 1946 poris
2691 1867 2858 1947 quod
2893 1873 3204 1940 movetur,
3224 1873 3285 1928 et
3315 1875 3555 1948 quanta
3582 1875 3676 1929 est
3709 1867 3985 1930 intensio

875 1965 928 2027 si
979 1972 1096 2039 est,
1150 1965 1384 2027 dicitur
1432 1965 1522 2027 ibi
1583 1983 1721 2028 esse
1769 1983 1844 2027 eo
1895 1965 2082 2027 modo
2129 1981 2256 2046 quo
2309 1964 2373 2025 in

875 2062 1041 2126 libro
1071 2064 1149 2126 de
1180 2063 1446 2127 Civitate
1477 2064 1586 2126 Dei
1621 2064 1903 2146 loquitur
1930 2063 2321 2144 Augustinus
2356 2081 2370 2126 :

873 2162 1095 2243 Angeli
1138 2169 1366 2244 praeter
1403 2162 1522 2224 hoc
1553 2163 1721 2244 quod
1764 2162 2148 2242 intelligunt,
2181 2162 2373 2234 etiam

875 2259 1193 2337 sentiunt3
1245 2259 1355 2321 sed
1420 2277 1546 2322 non
1598 2259 1788 2323 credo
1844 2278 2044 2320 unum
2103 2258 2247 2320 fieri
2296 2277 2373 2320 ex

873 2356 1158 2438 potentia
1203 2357 1314 2418 illa
1361 2356 1648 2419 sensibili
1699 2363 1761 2418 et
1803 2375 2060 2438 organ0,
2107 2365 2170 2418 et
2219 2364 2374 2438 puto

873 2456 1042 2538 quod
1081 2473 1209 2518 non
1249 2455 1435 2518 aliter
1471 2455 1588 2517 fiat
1627 2454 1988 2517 immutatio
2033 2456 2096 2516 in
2138 2473 2373 2536 organo

872 2553 1004 2627 illo,
1038 2572 1229 2636 quam
1271 2553 1349 2615 sit
1389 2554 1718 2616 resultatio
1757 2553 1846 2615 rei
1891 2553 1955 2616 in
1986 2553 2266 2635 speculo.
2303 2554 2373 2619 In

871 2653 1132 2734 speculo
1174 2671 1450 2735 namque
1491 2652 1754 2714 resultat
1788 2651 2142 2714 similitudo
2174 2652 2374 2714 sensi-

847 2749 1055 2829 .hilis;
1105 2751 1215 2812 sed
1275 2768 1402 2813 non
1461 2758 1557 2812 est
1605 2751 1868 2832 speculo
1920 2751 2225 2812 sensitiva
2273 2750 2371 2813 vis

872 2848 1052 2910 unita
1093 2868 1236 2930 quae
1277 2848 1550 2911 formam
1601 2848 1776 2910 illam
1824 2848 2117 2930 accipiat,
2150 2857 2215 2911 et
2259 2867 2373 2930 per

872 2965 1013 3010 eam
1040 2947 1285 3028 judicet
1315 2947 1392 3010 de
1424 2967 1509 3010 re.
1535 2947 1663 3010 Nec
1694 2954 1942 3028 oportet
1972 2947 2025 3009 si
2056 2947 2138 3008 sit
2172 2947 2373 3009 forma

2486 1963 2741 2025 virtutis
2786 1964 3037 2027 motivae
3079 1983 3156 2026 ex
3201 1972 3378 2046 parte
3424 1965 3757 2028 moventis.

2566 2062 2627 2124 Si
2678 2071 2889 2124 autem
2941 2071 3280 2144 quaeratur,
3331 2081 3411 2124 an
3463 2082 3589 2127 non
3638 2064 3984 2127 exsistente

2483 2178 2717 2242 organo
2761 2161 2838 2223 ad
2882 2179 3106 2224 vocem
3154 2161 3577 2236 formandam,
3622 2172 3833 2244 posset
3878 2183 3984 2225 an-

2482 2259 2661 2340 gelus
2704 2259 2979 2322 sormare
3019 2277 3240 2322 vocem
3286 2260 3694 2340 sensibilem3
3728 2279 3985 2342 respon-

2482 2358 2785 2428 dendum,
2836 2358 3003 2439 quod
3052 2357 3315 2439 angelus
3367 2357 3555 2420 habet
3604 2366 3979 2441 potestatem

2480 2456 2800 2519 formandi
2861 2456 3247 2522 locutionem
3297 2457 3363 2518 in
3412 2476 3555 2520 aere
3603 2457 3795 2519 etiam
3846 2456 3983 2519 sine

2482 2555 2927 2628 instrument0,
2960 2554 3061 2618 vel
3106 2555 3245 2617 sine
3285 2555 3709 2618 instrumento
3744 2555 3824 2618 ad
3864 2555 3981 2618 hoc

2483 2653 2919 2717 determinato.
2954 2689 3035 2698 —
3064 2653 3141 2715 Et
3185 2654 3238 2716 si
3283 2653 3645 2735 objiciatur,
3678 2653 3851 2736 quod
3896 2653 3982 2716 lo·

2481 2753 2654 2815 cutio
2685 2771 2884 2835 quum
2917 2753 2999 2814 sit
3026 2771 3146 2815 vox
3187 2752 3540 2825 articulata,
3576 2769 3701 2816 non
3736 2751 3813 2814 fit
3846 2753 3982 2814 sine

2482 2850 2906 2913 instrumento
2965 2868 3269 2933 corporeo
3323 2871 3336 2914 τ
3390 2851 3754 2923 dicendum,
3811 2851 3979 2932 quod

2484 2948 2719 3011 locutio
2751 2968 2891 3030 quae
2921 2957 3017 3010 est
3046 2949 3331 3030 operatio
3360 2949 3677 3022 animaliS,
3714 2948 3983 3030 requirit

872 3044 1104 3107 similis
1166 3045 1416 3126 organis
1478 3045 1823 3119 sensit-MS,
1886 3045 2055 3126 quod
2114 3054 2373 3127 propter
2410 3045 2455 3108 C
2484 3046 2982 3108 instrumentum
3014 3064 3431 3129 corporeum3
3472 3066 3672 3128 quum
3706 3065 3856 3110 vero
3888 3055 3985 3110 est

872 3143 986 3206 hoc
1012 3161 1244 3225 organa
1272 3143 1574 3206 sensitiva
1603 3143 1938 3206 exsistant:
1957 3143 2178 3206 oculus
2203 3143 2370 3206 enim

871 3241 982 3322 qui
1015 3241 1145 3303 vim
1175 3241 1444 3304 visivam
1485 3240 1721 3314 amisit,
1756 3241 1960 3303 nihilo
2000 3241 2212 3303 minus
2251 3240 2375 3303 for-

872 3358 1043 3402 mam
1082 3339 1252 3403 oculi
1283 3347 1475 3402 tenet.
1509 3339 1636 3402 Nec
1677 3344 1924 3421 oportet
1956 3339 2009 3400 si
2046 3337 2162 3401 fiat
2202 3339 2372 3402 locu-

870 3437 960 3500 tio
1005 3438 1139 3501 sive
1188 3439 1516 3520 percussio
1558 3438 1661 3500 vel
1711 3437 1994 3519 operatio
2037 3437 2181 3499 talis
2230 3456 2371 3519 quae

869 3545 967 3599 est
1004 3536 1184 3619 quasi
1230 3535 1310 3598 ab
1351 3537 1517 3598 intra
1558 3537 1638 3598 ad
1676 3543 1872 3608 extra,
1907 3555 2048 3618 quae
2086 3534 2255 3597 fiunt
2292 3537 2369 3598 ad

869 3635 1111 3720 aliquid
1170 3635 1630 3716 designandum
1689 3641 1798 3696 aut
1855 3635 2249 3716 operandum
2304 3635 2371 3695 in

869 3732 1076 3807 nobiS,
1130 3732 1300 3814 quod
1359 3739 1618 3814 propter
1665 3731 1785 3794 hoc
1835 3731 1950 3793 fiat
1998 3731 2183 3804 visio,
2236 3730 2370 3794 sive

869 3832 1134 3905 auditio,
1187 3833 1285 3894 vel
1335 3832 1704 3914 hujusmodi
1764 3832 2008 3915 aliquid
2067 3834 2238 3914 quod
2298 3832 2372 3894 fit

873 3930 1053 4012 quasi
1084 3930 1163 3992 ab
1195 3938 1372 3992 extra
1408 3930 1487 3993 ad
1528 3931 1714 4005 intra,
1748 3950 1949 4013 quum
1991 3931 2148 4012 ipsis
2188 3948 2374 4012 ange-

873 4028 951 4091 lis
991 4029 1226 4092 virtute
1262 4029 1650 4093 intellectiva
1684 4029 2084 4092 sufficienter
2126 4030 2371 4092 innote-

873 4133 1050 4190 scant
1091 4147 1234 4210 quae
1277 4146 1390 4210 per
1431 4146 1656 4191 sensus
1700 4127 1885 4190 nobis
1930 4135 2282 4210 patescunt.

2482 3144 2765 3226 operatio
2795 3143 3167 3208 substantiae
3197 3153 3521 3226 separatae,
3555 3162 3681 3207 non
3714 3143 3985 3226 requirit

2483 3243 2978 3306 instrumentum
3022 3261 3421 3325 corporeum,
3454 3245 3563 3306 sed
3603 3243 3985 3306 determina-

2482 3349 2610 3404 tam
2672 3341 3020 3403 materiam.
3074 3342 3250 3415 Quod
3296 3342 3469 3404 enim
3526 3341 3791 3424 spiritus
3841 3360 3987 3404 con-

2477 3441 2741 3521 junctus
2796 3439 2950 3501 facit
3008 3458 3122 3521 per
3180 3458 3509 3521 organum,
3571 3440 3834 3522 spiritus
3894 3459 3987 3502 se·

2481 3547 2737 3620 paratus
2796 3538 2932 3600 sine
2981 3556 3237 3618 organo,
3290 3538 3390 3600 vel
3442 3556 3676 3619 organo
3722 3539 3801 3600 ad
3863 3538 3982 3601 hoc

2478 3637 2919 3708 determinatO,
2970 3635 3180 3698 facere
3228 3644 3454 3718 potest.
3510 3636 3759 3699 Etenim
3811 3637 3981 3719 quod

2479 3734 2633 3796 facit
2671 3735 2875 3796 virtus
2923 3733 3188 3797 inferior
3230 3753 3345 3816 per
3388 3734 3591 3816 plura,
3628 3734 3832 3796 virtus
3878 3755 3979 3796 su·

2481 3833 2691 3915 perior
2720 3832 2871 3894 facit
2902 3851 3017 3914 per
3048 3851 3267 3895 unum.
3303 3831 3429 3894 Nec
3472 3831 3713 3913 indiget
3746 3831 3981 3894 instru-

2482 3932 2715 3994 mentis
2754 3929 3082 3993 vocalibus
3125 3949 3239 4012 per
3277 3949 3419 4012 quae
3460 3931 3649 3993 homo
3691 3949 3804 3993 seu
3845 3931 3979 3992 ani-

2481 4048 2584 4091 ma
2641 4028 2873 4091 format
2928 4046 3171 4091 vocem.
3226 4027 3439 4091 Nihilo
3498 4028 3711 4090 minus
3772 4037 3981 4110 potest

2480 4127 2859 4210 quandoque
2900 4127 2965 4189 in
3007 4143 3269 4208 corpore
3308 4132 3637 4208 assumpto
3682 4127 3979 4190 consimi-

952 4226 1041 4290 De
1072 4227 1458 4290 comestione
1487 4245 1640 4290 vero
1670 4227 2033 4300 dicendum,
2067 4227 2236 4308 quod
2269 4245 2369 4290 ve·
2398 4231 2449 4295 D
2480 4227 2564 4288 lia
2604 4226 3026 4287 instrumenta
3064 4224 3296 4286 habere
3330 4225 3409 4286 ad
3439 4225 3614 4287 vocis
3652 4223 3977 4287 formatio-

872 4343 940 4387 ra
989 4323 1112 4386 fuit
1161 4324 1467 4388 comestio
1523 4324 1912 4406 angelorum.
1961 4325 2080 4387 Sed
2130 4325 2367 4407 duplex

870 4429 967 4484 est
1021 4421 1256 4484 veritas
1313 4422 1722 4484 comestionis
1775 4441 1790 4485 :
1843 4421 2050 4504 prima
2108 4431 2368 4505 propter

869 4520 1312 4583 necessitatem
1363 4521 1777 4594 comedentiS‚
1820 4528 1883 4582 et
1931 4521 2018 4583 ita
2067 4539 2195 4583 non
2244 4520 2368 4583 fuit

869 4619 959 4681 ibi
1000 4619 1341 4699 comesti03
1374 4620 1652 4682 secunda
1691 4626 1954 4701 propter
1988 4627 2365 4701 potestatem

866 4717 1344 4791 ostendendam,
1405 4725 1515 4779 aut
1572 4717 2068 4780 familiaritatem
2131 4718 2367 4781 haben-

869 4817 1015 4879 dam
1050 4835 1198 4877 cum
1231 4816 1468 4898 quibus
1508 4815 1800 4892 edebant,
1835 4823 1899 4878 et
1936 4817 2028 4879 sic
2065 4817 2189 4878 fuit
2220 4835 2368 4879 vera

869 4915 1196 4979 comestio.⁴
1228 4915 1562 4996 Propterea
1604 4913 1886 4996 loquitur
1923 4915 2315 4997 Augustinus
2350 4933 2363 4977 :

867 5013 1178 5077 Potestate
1221 5004 1657 5086 comedebant,
1692 5031 1818 5075 non
1862 5015 2256 5076 necessitate.
2295 5015 2372 5075 Et

870 5113 1052 5195 ponit
1097 5112 1464 5194 exemplum
1515 5112 1592 5174 de
1635 5112 1810 5174 radio
1857 5132 2086 5195 aquam
2148 5132 2373 5176 eonsu-

871 5219 1106 5286 mente,
1139 5218 1205 5273 et
1245 5211 1323 5273 de
1366 5217 1532 5274 terra
1575 5210 1736 5272 hanc
1779 5210 2175 5274 absorbente.
2213 5213 2373 5274 Hinc

2480 4342 2649 4396 nem,
2669 4323 2780 4386 sed
2811 4339 2939 4385 non
2968 4330 3065 4385 est
3093 4341 3353 4384 necesse
3378 4342 3392 4386 :
3417 4342 3566 4385 nam
3598 4330 3660 4385 et
3688 4322 3769 4385 ab
3800 4323 3977 4385 asina

2477 4423 2729 4485 Balaam
2776 4421 3057 4484 creditur
3102 4439 3224 4483 vox
3281 4420 3550 4484 formata
3596 4440 3735 4483 esse
3786 4421 3975 4484 mini·
4012 4441 4085 4484 ,ἠ
4174 4449 4221 4478 ιιι

2478 4519 2671 4582 sterio
2718 4520 3005 4600 angelico
3062 4519 3200 4580 sine
3250 4519 3693 4581 instrumentis
3742 4519 3975 4602 quibus
4003 4535 4065 4546 ··

2478 4619 2556 4681 fit
2594 4637 2715 4682 vox
2761 4619 3057 4680 humana.
3090 4618 3325 4680 Verum
3370 4637 3442 4680 ea
3483 4638 3623 4700 quae
3664 4619 3975 4682 rationem

2478 4717 2813 4790 excedunt,
2849 4717 3049 4797 magis
3092 4724 3338 4798 oportet
3376 4735 3454 4778 ex
3494 4716 3841 4798 Scripturis
3882 4737 3977 4780 ae-

2480 4817 2714 4898 cipere‚
2761 4835 2952 4897 quam
3005 4815 3346 4877 indiscrete
3396 4815 3684 4877 scrutari.
3718 4849 3799 4860 —
3836 4815 3977 4879 Haec

2480 4915 2849 4978 Alexander.

2559 5014 2748 5077 Porro
2790 5014 3231 5076 Bonaventura
3270 5012 3525 5074 videtur
3563 5012 3640 5073 ad
3686 5012 3822 5075 haec
3867 5029 3977 5095 pro

2482 5120 2659 5194 parte
2706 5112 2891 5174 aliter
2938 5112 3319 5194 respondere
3368 5128 3381 5172 ε
3432 5110 3705 5193 Spiritus
3744 5111 3979 5193 (inqui-

2483 5213 2624 5292 ens)
2665 5211 2991 5291 angelieus
3042 5211 3108 5272 in
3158 5227 3421 5292 corpore
3469 5216 3801 5291 assumpto
3854 5227 3977 5272 non

583 5323 842 5377 remma.
873 5311 1042 5392 quod
1084 5309 1293 5372 Tobiae
1312 5309 1610 5405 ⁶Raphael
1657 5309 1838 5383 dixit,
1870 5309 2143 5373 Videbar
2190 5311 2372 5374 vobis
2486 5310 2673 5373 habet
2708 5309 3141 5391 operationem
3177 5309 3407 5372 animae
3438 5307 3830 5388 vegetativae‚
3864 5325 3977 5369 nec
