4334 6242
895 466 1017 531 206

1572 484 1636 530 IN
1675 484 1897 530 Lunum
1940 483 1984 528 11
2026 479 2507 528 SENTENTIARUM.
2550 496 2631 507 -
2671 481 2823 527 msr.
2873 482 2974 544 1113
3018 483 3241 538 Qud-:stu
3289 485 3334 530 11

898 655 1059 718 sime
1108 655 1351 730 scribit,
1394 655 1563 738 quod
1616 654 1681 716 in
1734 652 2173 735 intelligentiis
2221 652 2395 714 aliud
2424 651 2474 712 A
2506 655 2608 718 tiae
2636 655 2855 718 oritur.
2882 653 3002 717 Sed
3031 655 3292 737 angelus
3325 655 3542 718 lumen
3573 654 4004 717 intellectuale

897 761 993 816 est
1040 774 1165 834 quo
1214 764 1305 815 esc
1354 773 1467 816 seu
1515 772 1675 826 esse,
1712 753 1887 815 aliud
1936 755 2110 832 quod
2154 761 2248 812 esc
2281 758 2398 813 :et

896 860 1109 916 tamen
1149 853 1302 915 dum
1341 852 1534 914 verba
1574 852 1775 934 ipsius
1821 852 2247 924 resolvuntur,
2283 868 2398 932 per

896 971 1027 1012 esse
1057 950 1513 1032 intelligentiae,
1549 951 1849 1030 intelligit
1886 949 2181 1023 formam,
2215 955 2394 1010 natu-

897 1069 1031 1113 ram
1090 1069 1200 1112 seu
1261 1049 1601 1111 essentiam
1659 1049 1843 1129 ejus3
1895 1067 2009 1131 per
2056 1051 2230 1127 quod
2277 1057 2393 1116 est,

897 1149 1298 1231 suppositum
1352 1168 1463 1210 seu
1515 1165 1849 1231 personam
1899 1146 2212 1228 ejusdem,
2254 1165 2394 1227 quae

896 1265 1024 1310 non
1072 1255 1166 1309 est
1215 1247 1341 1308 nisi
1393 1246 1525 1308 haec
1575 1245 1779 1308 forma
1830 1252 2119 1327 separata
2166 1263 2282 1327 per
2327 1260 2393 1306 se

896 1344 1271 1418 subsistenS,
1305 1344 1465 1407 nihil
1508 1344 1673 1406 reale
1718 1344 1795 1406 de
1834 1362 2063 1424 genere
2103 1343 2394 1405 substan-

895 1444 999 1508 tiae
1056 1444 1487 1526 superaddens
1545 1443 1854 1506 essentiae.
1908 1443 1983 1504 Et
2041 1441 2095 1503 si
2146 1442 2396 1503 dicatur

894 1542 1318 1623 superaddere
1350 1541 1767 1623 proprietates
1810 1559 1921 1602 seu
1953 1537 2389 1611 accidentalia,

894 1640 1004 1702 illa
1045 1641 1396 1702 secundum
1441 1639 1771 1701 Albertum
1823 1638 2390 1701 individuationem

894 1756 1019 1800 non
1078 1737 1341 1812 faciunt,
1404 1738 1514 1799 sed
1573 1739 1934 1810 ostendunt,
1997 1738 2161 1799 sicut
2221 1755 2392 1798 nunc

894 1837 1116 1918 patuit.

979 1934 1270 2017 Amplius
1328 1935 1545 1997 Petrus
1610 1935 2087 2016 responsionem
2146 1933 2387 1996 Alberti

892 2033 1275 2115 assequitur,
1309 2042 1371 2095 et
1401 2033 1595 2105 addit,
1630 2034 1799 2115 quod
1834 2033 2274 2106 individuatio,
2305 2051 2394 2094 se-

894 2131 1176 2193 cundum
1208 2131 1539 2213 quosdam,
1570 2131 1647 2193 sit
1678 2149 1804 2194 non
1838 2139 2082 2193 tantum
2115 2149 2230 2212 per
2259 2149 2396 2192 sen·

892 2229 1149 2291 sibilem
1181 2229 1290 2291 sed
1322 2229 1721 2311 spiritualem
1752 2247 2005 2312 quoque
2038 2229 2387 2291 materiam.

892 2328 1272 2409 —Insuper
1315 2328 1564 2410 quaerit,
1605 2329 1879 2410 qualiter
1921 2328 2394 2408 distinguant-ur

893 2433 1165 2506 quatuor
1202 2426 1508 2488 attributa
1547 2426 1917 2506 angelorum
1966 2425 2244 2507 praefata.
2279 2427 2392 2488 Re-

894 2524 1164 2607 spondet
1198 2542 1211 2586 :
1246 2525 1317 2586 In
1351 2542 1734 2607 unoquoque
1766 2531 1911 2587 ente
1950 2524 2268 2606 completo
2300 2524 2392 2585 in-

892 2622 1238 2684 veniuntur
1286 2622 1639 2684 substantia
1688 2641 1813 2704 qua
1860 2630 1955 2684 est
2000 2629 2065 2684 et
2113 2623 2394 2704 potentia

892 2739 1018 2802 qua
1046 2721 1195 2802 agit.
1232 2719 1597 2783 Substantia
1636 2721 1978 2802 dupliciter
2007 2720 2263 2794 dicitur,
2297 2729 2393 2782 ut-

895 2825 1040 2900 pote
1088 2825 1313 2881 natura
1354 2827 1413 2881 et
1460 2837 1557 2880 res
1600 2825 1861 2892 naturae,
1910 2819 1973 2880 id
2016 2826 2111 2880 est
2159 2836 2392 2900 suppo·

894 2918 1110 2980 situm.
1162 2917 1358 2980 Penes
1418 2918 1699 3000 primum
1753 2917 2123 2979 attribuitur
2169 2917 2394 2998 angelo

2507 771 2740 833 purum
2789 761 2852 814 et
2902 752 3382 835 impermixtum
3430 753 3787 837 participat.
3840 754 4004 815 Hinc

2506 852 2858 913 secundum
2889 853 2954 914 B.
2988 852 3384 934 Dionysium,
3419 853 3556 915 sine
3588 851 4004 935 inquisitione

2504 949 2900 1012 deiformiter
2945 949 3262 1032 intelligit.
3297 951 3604 1014 Similiter
3647 952 4004 1013 incommu-

2506 1047 2864 1110 nicabilitas
2902 1067 3015 1110 seu
3058 1048 3477 1113 individuatio
3507 1057 3602 1112 est
3637 1051 3702 1111 in
3742 1049 4006 1112 homine

2505 1164 2581 1207 ex
2612 1146 2732 1208 hoc
2763 1147 2932 1228 quod
2963 1166 3078 1209 sua
3115 1155 3340 1209 natura
3371 1149 3436 1210 in
3469 1149 3748 1211 materiae
3781 1147 4008 1210 funda-

2509 1253 2720 1307 mento
2769 1254 3024 1328 recepta
3069 1253 3164 1308 est
3210 1253 3400 1328 atque
3449 1247 3886 1309 determinata.
3932 1247 4004 1308 In

2504 1345 2727 1424 angelo
2775 1352 2986 1406 autem
3033 1345 3096 1407 in
3142 1364 3210 1407 se
3258 1344 3396 1426 ipsa
3441 1345 3860 1407 determinata
3905 1352 4010 1406 est

2505 1461 2580 1503 ex
2620 1441 2740 1504 hoc
2783 1444 2952 1524 quod
2998 1442 3062 1504 in
3105 1443 3320 1524 aliquo
3365 1443 3561 1525 recipi
3613 1461 3738 1506 non
3791 1451 4006 1526 potest

2504 1540 2668 1601 sicut
2701 1540 2902 1604 forma
2930 1531 3434 1604 determinabilis
3469 1559 3483 1604 :
3511 1550 3574 1603 et
3605 1561 3680 1604 ex
3707 1541 3830 1604 hoc
3865 1542 4008 1622 ipso

2504 1639 2656 1701 satis
2689 1639 3314 1702 incommunicabilis
3349 1648 3466 1714 est,
3500 1648 3563 1703 et
3593 1659 3719 1703 non
3751 1659 3868 1722 per
3895 1641 4009 1701 de-

2507 1738 3014 1801 terminationem
3047 1738 3445 1819 recipientis;
3467 1739 4006 1821 quemadmodum

2430 1833 2475 1894 B
2505 1833 2794 1897 divinum
2835 1853 2996 1909 esse,
3029 1843 3126 1896 est
3163 1835 3494 1916 proprium
3525 1843 3587 1896 et
3621 1835 4008 1898 determina-

2505 1940 2641 1994 tum
2686 1951 2811 1994 non
2858 1951 2971 2015 per
3011 1933 3398 1996 additionem
3442 1933 3713 2015 alicujus
3756 1943 4008 1997 contra-

2504 2031 2736 2105 hentiS,
2779 2031 2908 2094 imo
2959 2050 3072 2113 per
3120 2033 3519 2113 negationem
3570 2033 3778 2096 omnis
3824 2033 4008 2095 addi-

2503 2129 2714 2192 tionis,
2764 2130 3024 2212 Propter
3071 2131 3240 2212 quod
3290 2130 3526 2193 dicitur
3576 2131 3643 2192 in
3698 2130 3864 2193 libro
3921 2132 4008 2193 de

2504 2227 2744 2302 CausiS,
2777 2229 2946 2309 quod
2993 2228 3413 2292 individuatio
3455 2249 3570 2291 sua
3611 2238 3706 2292 est
3749 2230 4006 2293 bonitas

2505 2345 2680 2407 pura.
2717 2327 2910 2389 Multo
2949 2345 3099 2407 ergo
3138 2327 3415 2390 nobilior
3455 2328 3869 2411 personalitas
3903 2337 4007 2390 est

2505 2424 2569 2485 in
2599 2426 2824 2506 angelo
2854 2445 3044 2507 quam
3079 2426 3143 2487 in
3182 2426 3462 2500 homine,
3495 2427 3656 2488 sicut
3696 2435 3760 2488 et
3790 2437 4008 2490 cetera

2504 2542 2644 2604 quae
2690 2523 2784 2585 eis
2833 2524 3242 2598 conveniunt,
3297 2533 3367 2586 ut
3415 2525 3473 2588 S.
3527 2525 3866 2608 Dionysius
3917 2526 4012 2589 lo-

2504 2621 2740 2702 quitur.
2786 2621 2930 2684 Haec
2973 2621 3242 2684 Thomas
3288 2622 3352 2684 in
3397 2622 3663 2705 Script0.

2585 2720 2897 2782 Consonat
2924 2721 3298 2794 Alexander,
3323 2721 3678 2783 concedens
3707 2722 3878 2804 quod
3915 2723 4015 2785 in-

2504 2818 2846 2880 dividuitas
2891 2838 3002 2880 seu
3043 2819 3458 2902 personalitas
3497 2838 3622 2882 non
3667 2820 3748 2882 sit
3789 2820 3856 2882 in
3895 2841 4016 2884 an-

2502 2916 2662 2997 gelis
2701 2935 2778 2978 ex
2818 2924 2996 3000 parte
3039 2917 3335 2980 materiae.
3371 2918 3600 2999 Sicque
3645 2918 3900 2980 videtur
3941 2919 4014 2980 in

892 3015 1271 3098 simplicitas
1302 3016 1615 3089 essentiae,
1651 3034 1846 3098 penes
1882 3017 2235 3078 secundum
2267 3016 2392 3078 dis·
2431 3018 2474 3080 C
2502 3013 2745 3094 angelis
2775 3014 3170 3096 spiritualem
3206 3015 3532 3077 materiam
3567 3033 3694 3078 non
3726 3033 4012 3098 ponere:

893 3115 1091 3177 cretio
1122 3132 1425 3197 personae.
1462 3114 1742 3177 Potentia
1770 3114 1963 3177 etiam
1993 3115 2229 3198 duplex
2258 3123 2389 3178 est:

892 3213 1181 3293 quaedam
1242 3212 1679 3284 determinata,
1732 3231 1873 3293 quae
1925 3213 2054 3293 agit
2103 3232 2217 3294 per
2265 3231 2394 3275 rno-

891 3310 1044 3372 dum
1076 3318 1353 3390 naturae;
1388 3311 1677 3392 quaedam
1708 3311 2216 3384 indeterminata,
2251 3330 2393 3394 quae

891 3409 1021 3490 agit
1070 3428 1183 3490 per
1230 3409 1488 3471 modum
1540 3409 1755 3470 liberae
1798 3409 2161 3471 voluntatis.
2198 3410 2392 3472 Penes

894 3507 1167 3588 primam
1205 3507 1520 3589 accipitur
1550 3507 1997 3588 perspicacitas
2040 3506 2394 3589 intelligen-

892 3605 1017 3680 tioe,
1059 3624 1173 3667 seu
1217 3605 1446 3686 triplex
1491 3605 1773 3686 potentia
1822 3604 2152 3686 imaginis3
2197 3624 2392 3687 penes

892 3703 1260 3777 secundam,
1314 3702 1573 3764 libertas
1632 3701 1900 3764 arbitrii.
1954 3703 2096 3765 Haec
2147 3704 2387 3766 Petrus.

893 3837 973 3846 —
1012 3802 1183 3863 Idem
1227 3801 1598 3863 Alexander.

972 3997 1049 4061 At
1097 4016 1247 4061 vero
1296 3999 1565 4061 Thomas
1611 4015 1624 4059 :
1670 3998 2083 4060 Personalitas
2133 3997 2277 4078 (ait)
2326 3997 2391 4059 in

892 4097 1116 4178 angelo
1158 4105 1255 4160 est
1300 4097 1485 4159 aliter
1530 4114 1722 4178 quam
1774 4096 1839 4158 in
1888 4097 2166 4158 homine.
2217 4096 2391 4170 Quod

2505 3130 2737 3192 nempe
2787 3111 2898 3193 qui
2947 3113 3276 3175 materiam
3327 3112 3392 3174 in
3438 3112 3681 3194 angelis
3731 3122 4010 3195 ponunt,

2506 3209 3076 3273 individuationem
3115 3211 3174 3273 ei
3212 3209 3588 3273 attribuunt.
3621 3246 3703 3256 —
3739 3211 4015 3293 Insuper

2505 3309 2751 3390 quaerit,
2784 3310 3136 3372 secundum
3182 3329 3374 3392 quarn
3419 3309 3726 3371 rationem
3775 3327 4016 3372 conve-

2504 3405 2636 3468 niat
2675 3408 3089 3488 personalitas
3128 3407 3371 3488 angele.
3408 3408 3484 3469 Et
3521 3407 3690 3469 circa
3729 3407 3849 3469 hoe
3897 3425 4016 3489 po-

2506 3505 2599 3566 nit
2636 3513 2763 3567 tres
2811 3507 3029 3569 modos
3074 3506 3310 3588 quibus
3353 3505 3708 3569 secundum
3746 3506 4014 3568 Richar-

2503 3604 2680 3676 dum,
2724 3605 2958 3666 diversi
3001 3605 3210 3686 angeli
3254 3604 3682 3667 diversimode
3723 3605 3888 3666 inter
3934 3623 4015 3666 se

2503 3703 2919 3782 personaliter
2970 3703 3469 3783 distinguuntur,
3521 3702 3689 3764 sicut
3741 3702 3874 3782 jam
3933 3702 4014 3763 in

2504 3800 2914 3882 responsione
2951 3800 3195 3862 Alberti
3241 3808 3612 3881 praetactum
3651 3808 3766 3861 est.
3793 3799 4014 3880 Atque

2503 3897 2579 3958 ad
2611 3898 3026 3979 quaestionem
3059 3899 3418 3981 respondet,
3451 3899 3620 3981 quod
3663 3898 3728 3959 in
3757 3898 4018 3978 angelis

2503 4003 2599 4057 est
2646 3996 2971 4060 distinctio
3021 3996 3369 4080 personalis
3417 3997 3769 4059 secundum
3817 3996 4016 4058 abso-

2506 4094 2700 4157 lutam
2743 4103 2806 4156 et
2845 4095 3196 4157 naturalem
3236 4093 3604 4176 qualitatem
3642 4093 4018 4176 hypostasis

896 4204 1087 4277 patet,
1120 4197 1173 4257 si
1203 4196 1325 4257 tria
1354 4214 1496 4277 quae
1538 4202 1685 4256 sunt
1715 4194 1793 4255 de
1834 4195 2075 4256 ratione
2106 4212 2394 4276 personae
2424 4199 2472 4260 D
2504 4201 2744 4256 naturae
2773 4193 3107 4274 angelicae:
3129 4212 3269 4275 quae
3301 4193 3637 4274 qualitates
3668 4200 3836 4266 suut,
3863 4211 4020 4272 per-

894 4293 1395 4366 considerentur,
1433 4292 1752 4365 videlicet,
1795 4291 2162 4365 subsistere,
2207 4293 2392 4354 ratio-

894 4390 1117 4463 cinari,
1153 4390 1555 4452 individuum
1604 4409 1762 4452 esse.
1802 4389 2102 4453 Subsistit
2151 4391 2392 4472 quippe

894 4488 1086 4551 homo
1125 4489 1190 4550 in
1231 4488 1519 4572 partibus
1558 4488 1713 4561 suiS,
1747 4507 1825 4550 ex
1864 4489 2100 4570 quibus
2141 4506 2393 4571 compo-

896 4586 1103 4666 nitur3
1134 4587 1396 4668 angelus
1427 4604 1577 4649 vero
1618 4587 1683 4648 in
1724 4586 2003 4669 simplici
2043 4607 2157 4650 sua
2187 4587 2391 4650 subsi-

894 4684 1004 4747 stit
1042 4693 1285 4760 natura,
1320 4685 1499 4748 nullo
1538 4685 1829 4767 indigens
1871 4686 2147 4767 partium
2185 4705 2392 4768 neque

896 4784 1174 4847 materiae
1230 4783 1667 4846 fundamento.
1720 4783 2150 4846 Ratiocinatur
2200 4785 2392 4847 homo

893 4883 1307 4946 discurrendo
1347 4889 1409 4944 et
1452 4882 1831 4963 inquirendo
1872 4882 2113 4945 lumine
2151 4901 2268 4946 suo
2298 4884 2390 4945 in-

893 4981 1236 5043 tellectuali
1297 4999 1411 5062 per
1460 4988 1715 5063 tempus
1767 4989 1957 5062 atque
2015 4983 2390 5044 continuum

890 5078 1293 5154 obumbrato,
1344 5099 1424 5141 ex
1476 5079 1596 5142 hoc
1654 5079 1824 5160 quod
1878 5079 2305 5160 cognitionem
2355 5100 2392 5143 a

892 5197 1083 5240 sensu
1136 5178 1539 5260 imagineque
1593 5178 1831 5261 accipit
1882 5194 1897 5239 ε
1949 5178 2252 5261 quoniam
2300 5199 2393 5242 se·

892 5276 1174 5339 cundum
1218 5277 1409 5352 Isaac,
1444 5276 1603 5338 ratio
1646 5275 1711 5338 in
1756 5275 1985 5338 umbra
2033 5277 2391 5359 intelligen-

2505 4292 2838 4374 spicacitas
2873 4291 3307 4372 intelligentiae
3336 4309 3410 4353 ac
3439 4291 3784 4353 voluntatis
3813 4289 4021 4352 facul-

2503 4398 2766 4472 taS,quae
2796 4397 3152 4472 sequuntur
3179 4389 3653 4471 simplicitatem
3683 4387 4012 4452 essentias.

2503 4489 2740 4551 Deinde
2789 4489 3124 4570 qualitates
3175 4488 3266 4550 sic
3315 4487 3799 4569 distinguenteS,
3849 4496 4020 4549 sunt

2501 4586 2742 4660 officia,
2794 4587 3131 4668 dignitates
3183 4593 3247 4648 et
3301 4603 3511 4668 opera.
3561 4585 3795 4647 Verum
3843 4585 4018 4666 quia

2501 4685 2828 4748 distinctio
2870 4703 2985 4767 per
3026 4683 3440 4747 accidentalia
3481 4683 3600 4745 ista
3642 4700 3767 4745 non
3813 4681 4014 4746 indu-

2503 4784 2590 4846 cit
2619 4783 3097 4846 substantialem
3131 4781 3628 4854 distinctionem,
3657 4788 3725 4842 ut
3757 4789 4012 4845 tactum

2501 4891 2617 4957 est,
2651 4882 2944 4945 concedit
2978 4881 3353 4952 Alexander,
3387 4879 3557 4962 quod
3597 4896 3884 4962 personas
3931 4880 4012 4941 il-

2503 4981 2577 5043 1ae
2624 4980 2935 5043 differunt
2985 4997 3097 5040 seu
3145 4979 3624 5060 distinguuntur
3670 4996 3740 5039 se
3785 4977 4007 5059 ipsis:

2503 5079 2671 5161 quod
2727 5078 2976 5140 videtur
3025 5077 3406 5140 concordare
3454 5075 3668 5139 verbis
3715 5075 4008 5152 Thomae,

2501 5178 2772 5243 dicentis
2829 5178 2997 5259 quod
3056 5185 3281 5239 natura
3337 5175 3545 5257 angeli
3605 5175 3670 5236 in
3729 5193 3796 5238 se
3855 5174 4012 5257 ipsa

2501 5277 2920 5339 determinata
2980 5273 3730 5357 incommunicabilisque
3787 5275 4009 5338 consi-

4081 868 4144 911 De
4167 869 4292 912 Dixin.

4033 943 4159 973 m-
4179 945 4216 974 e·
4233 947 4294 972 hl.

4055 2547 4167 2590 naid.
4189 2559 4226 2588 c.
4245 2561 4292 2588 tt.

4073 4813 4122 4855 p.
4151 4797 4274 4842 Ξῡιίζ.
