<?xml version="1.0" encoding="UTF-8"?>
<!DOCTYPE html PUBLIC "-//W3C//DTD XHTML 1.0 Transitional//EN"
    "http://www.w3.org/TR/xhtml1/DTD/xhtml1-transitional.dtd">
<html xmlns="http://www.w3.org/1999/xhtml" xml:lang="en" lang="en">
 <head>
  <title>
</title>
<meta http-equiv="Content-Type" content="text/html;charset=utf-8" />
  <meta name='ocr-system' content='tesseract 3.04.00' />
  <meta name='ocr-capabilities' content='ocr_page ocr_carea ocr_par ocr_line ocrx_word'/>
</head>
<body>
  <div class='ocr_page' id='page_1' title='image "./doctorisecstati01denigoog_0017.png"; bbox 0 0 4334 6242; ppageno 0'>
   <div class='ocr_carea' id='block_1_1' title="bbox 431 1277 3549 1851">
    <p class='ocr_par' dir='ltr' id='par_1_1' title="bbox 431 1277 3549 1724">
     <span class='ocr_line' id='line_1_1' title="bbox 431 1277 3545 1352; baseline -0.001 -16"><span class='ocrx_word' id='word_1_1' title='bbox 431 1283 1120 1352; x_wconf 76' lang='lat' dir='ltr'>PRAESTANTISSIMIS,</span> <span class='ocrx_word' id='word_1_2' title='bbox 1194 1281 1658 1352; x_wconf 81' lang='lat' dir='ltr'>DOCTISSIMIS,</span> <span class='ocrx_word' id='word_1_3' title='bbox 1735 1280 1825 1333; x_wconf 78' lang='lat' dir='ltr'>AC</span> <span class='ocrx_word' id='word_1_4' title='bbox 1901 1281 2150 1334; x_wconf 76' lang='lat' dir='ltr'>SUMMA</span> <span class='ocrx_word' id='word_1_5' title='bbox 2230 1279 2439 1332; x_wconf 84' lang='lat' dir='ltr'><strong>INTER</strong></span> <span class='ocrx_word' id='word_1_6' title='bbox 2516 1278 2981 1332; x_wconf 76' lang='lat' dir='ltr'>CHRISTIANOS</span> <span class='ocrx_word' id='word_1_7' title='bbox 3056 1277 3545 1334; x_wconf 78' lang='lat' dir='ltr'>AUCTORITATE</span> 
     </span>
     <span class='ocr_line' id='line_1_2' title="bbox 593 1399 3543 1480; baseline -0.001 -20"><span class='ocrx_word' id='word_1_8' title='bbox 593 1413 814 1480; x_wconf 82' lang='lat' dir='ltr'>VIRIS,</span> <span class='ocrx_word' id='word_1_9' title='bbox 869 1411 942 1460; x_wconf 90' lang='lat' dir='ltr'>D.</span> <span class='ocrx_word' id='word_1_10' title='bbox 991 1399 1318 1478; x_wconf 76' lang='lat' dir='ltr'>RECT&#39;ORI,</span> <span class='ocrx_word' id='word_1_11' title='bbox 1377 1410 1628 1460; x_wconf 81' lang='lat' dir='ltr'>SACRAE</span> <span class='ocrx_word' id='word_1_12' title='bbox 1674 1408 2100 1458; x_wconf 86' lang='lat' dir='ltr'><strong>THEOLOGIAE</strong></span> <span class='ocrx_word' id='word_1_13' title='bbox 2149 1409 2235 1457; x_wconf 88' lang='grc' dir='ltr'>ΕΤ</span> <span class='ocrx_word' id='word_1_14' title='bbox 2286 1409 2613 1458; x_wconf 79' lang='lat' dir='ltr'>ALIARUM</span> <span class='ocrx_word' id='word_1_15' title='bbox 2670 1409 3145 1459; x_wconf 81' lang='lat' dir='ltr'><strong>FACULTATUM</strong></span> <span class='ocrx_word' id='word_1_16' title='bbox 3202 1408 3543 1469; x_wconf 84' lang='lat' dir='ltr'><strong>DOCTORI·</strong></span> 
     </span>
     <span class='ocr_line' id='line_1_3' title="bbox 591 1533 3547 1605; baseline -0.002 -19"><span class='ocrx_word' id='word_1_17' title='bbox 591 1537 752 1605; x_wconf 85' lang='lat' dir='ltr'>BUS,</span> <span class='ocrx_word' id='word_1_18' title='bbox 812 1534 1282 1600; x_wconf 74' lang='lat' dir='ltr'>LICENTIATIS,</span> <span class='ocrx_word' id='word_1_19' title='bbox 1337 1534 1902 1602; x_wconf 79' lang='lat' dir='ltr'>BACCALAUREIS,</span> <span class='ocrx_word' id='word_1_20' title='bbox 1965 1533 2352 1599; x_wconf 83' lang='lat' dir='ltr'>STUDIOSIS‚</span> <span class='ocrx_word' id='word_1_21' title='bbox 2410 1534 2501 1582; x_wconf 86' lang='lat' dir='ltr'>Ac</span> <span class='ocrx_word' id='word_1_22' title='bbox 2568 1533 2891 1582; x_wconf 81' lang='lat' dir='ltr'>MEMBRIS</span> <span class='ocrx_word' id='word_1_23' title='bbox 2947 1533 3258 1583; x_wconf 84' lang='lat' dir='ltr'>OMNIBUS</span> <span class='ocrx_word' id='word_1_24' title='bbox 3323 1533 3547 1582; x_wconf 79' lang='lat' dir='ltr'>ALMAE</span> 
     </span>
     <span class='ocr_line' id='line_1_4' title="bbox 592 1657 3549 1724; baseline -0.002 -12"><span class='ocrx_word' id='word_1_25' title='bbox 592 1659 1135 1712; x_wconf 79' lang='lat' dir='ltr'><strong>UNIVERSITATIS</strong></span> <span class='ocrx_word' id='word_1_26' title='bbox 1193 1659 1425 1709; x_wconf 82' lang='lat' dir='ltr'><strong>STUDII</strong></span> <span class='ocrx_word' id='word_1_27' title='bbox 1477 1659 1912 1708; x_wconf 79' lang='lat' dir='ltr'>PARISIENSIS</span> <span class='ocrx_word' id='word_1_28' title='bbox 1961 1659 1975 1707; x_wconf 88' lang='lat'>:</span> <span class='ocrx_word' id='word_1_29' title='bbox 2031 1660 2098 1707; x_wconf 78' lang='lat' dir='ltr'>F.</span> <span class='ocrx_word' id='word_1_30' title='bbox 2143 1658 2636 1708; x_wconf 88' lang='lat' dir='ltr'><strong>THEODORICUS</strong></span> <span class='ocrx_word' id='word_1_31' title='bbox 2683 1658 2865 1706; x_wconf 90' lang='lat' dir='ltr'>LOER</span> <span class='ocrx_word' id='word_1_32' title='bbox 2914 1658 2961 1705; x_wconf 88' lang='lat' dir='ltr'>A</span> <span class='ocrx_word' id='word_1_33' title='bbox 3009 1657 3321 1724; x_wconf 84' lang='lat' dir='ltr'>STRATIS,</span> <span class='ocrx_word' id='word_1_34' title='bbox 3378 1657 3549 1707; x_wconf 76' lang='lat' dir='ltr'>CAR-</span> 
     </span>
    </p>

    <p class='ocr_par' dir='ltr' id='par_1_2' title="bbox 505 1757 2930 1851">
     <span class='ocr_line' id='line_1_5' title="bbox 505 1757 2930 1851; baseline -0.001 -15"><span class='ocrx_word' id='word_1_35' title='bbox 505 1757 514 1764; x_wconf 33' lang='lat'><strong>·</strong></span> <span class='ocrx_word' id='word_1_36' title='bbox 591 1786 826 1838; x_wconf 80' lang='lat' dir='ltr'>TUSIAE</span> <span class='ocrx_word' id='word_1_37' title='bbox 878 1784 1418 1835; x_wconf 81' lang='lat' dir='ltr'><strong>AGRIPPINENSIS</strong></span> <span class='ocrx_word' id='word_1_38' title='bbox 1471 1783 1835 1851; x_wconf 83' lang='lat' dir='ltr'>VlCARlUS,</span> <span class='ocrx_word' id='word_1_39' title='bbox 1881 1785 1953 1833; x_wconf 84' lang='lat' dir='ltr'>IN</span> <span class='ocrx_word' id='word_1_40' title='bbox 2005 1783 2305 1833; x_wconf 83' lang='lat' dir='ltr'>CHRISTO</span> <span class='ocrx_word' id='word_1_41' title='bbox 2356 1783 2522 1834; x_wconf 88' lang='lat' dir='ltr'><strong>JESU</strong></span> <span class='ocrx_word' id='word_1_42' title='bbox 2576 1782 2930 1833; x_wconf 80' lang='lat' dir='ltr'><strong>SALUTEM.</strong></span> 
     </span>
    </p>
   </div>
   <div class='ocr_carea' id='block_1_2' title="bbox 1300 2076 2762 2418">
    <p class='ocr_par' dir='ltr' id='par_1_3' title="bbox 1300 2076 2762 2328">
     <span class='ocr_line' id='line_1_6' title="bbox 1300 2076 2519 2150; baseline -0.002 -16"><span class='ocrx_word' id='word_1_43' title='bbox 1300 2077 1504 2134; x_wconf 79' lang='lat' dir='ltr'>Parisii</span> <span class='ocrx_word' id='word_1_44' title='bbox 1545 2077 1750 2150; x_wconf 85' lang='lat' dir='ltr'>priscis</span> <span class='ocrx_word' id='word_1_45' title='bbox 1789 2076 2000 2149; x_wconf 81' lang='lat' dir='ltr'>aequati</span> <span class='ocrx_word' id='word_1_46' title='bbox 2040 2076 2225 2150; x_wconf 82' lang='lat' dir='ltr'>gloria</span> <span class='ocrx_word' id='word_1_47' title='bbox 2262 2076 2519 2140; x_wconf 80' lang='lat' dir='ltr'>Athenis,</span> 
     </span>
     <span class='ocr_line' id='line_1_7' title="bbox 1376 2165 2673 2238; baseline -0.002 -16"><span class='ocrx_word' id='word_1_48' title='bbox 1376 2166 1580 2224; x_wconf 80' lang='lat' dir='ltr'>Nobile</span> <span class='ocrx_word' id='word_1_49' title='bbox 1619 2167 1916 2223; x_wconf 84' lang='lat' dir='ltr'><strong>Gallorum</strong></span> <span class='ocrx_word' id='word_1_50' title='bbox 1957 2165 2435 2238; x_wconf 66' lang='lat' dir='ltr'>praecipuumque</span> <span class='ocrx_word' id='word_1_51' title='bbox 2476 2166 2673 2230; x_wconf 73' lang='lat' dir='ltr'>decue,</span> 
     </span>
     <span class='ocr_line' id='line_1_8' title="bbox 1305 2254 2762 2328; baseline -0.003 -14"><span class='ocrx_word' id='word_1_52' title='bbox 1305 2259 1430 2323; x_wconf 89' lang='lat' dir='ltr'>Quo</span> <span class='ocrx_word' id='word_1_53' title='bbox 1470 2256 1578 2312; x_wconf 90' lang='lat' dir='ltr'>sibi</span> <span class='ocrx_word' id='word_1_54' title='bbox 1619 2256 1918 2313; x_wconf 84' lang='lat' dir='ltr'>constituit</span> <span class='ocrx_word' id='word_1_55' title='bbox 1955 2255 2209 2328; x_wconf 85' lang='lat' dir='ltr'>primam</span> <span class='ocrx_word' id='word_1_56' title='bbox 2249 2254 2505 2312; x_wconf 79' lang='lat' dir='ltr'>Tritonia</span> <span class='ocrx_word' id='word_1_57' title='bbox 2543 2255 2762 2320; x_wconf 89' lang='lat' dir='ltr'>sedem,</span> 
     </span>
    </p>

    <p class='ocr_par' dir='ltr' id='par_1_4' title="bbox 1376 2345 2600 2418">
     <span class='ocr_line' id='line_1_9' title="bbox 1376 2345 2600 2418; baseline -0.002 -17"><span class='ocrx_word' id='word_1_58' title='bbox 1376 2347 1445 2401; x_wconf 90' lang='lat' dir='ltr'>Et</span> <span class='ocrx_word' id='word_1_59' title='bbox 1481 2346 1663 2403; x_wconf 78' lang='lat' dir='ltr'>voluit</span> <span class='ocrx_word' id='word_1_60' title='bbox 1700 2345 1919 2418; x_wconf 83' lang='lat' dir='ltr'>sophioe</span> <span class='ocrx_word' id='word_1_61' title='bbox 1957 2345 2209 2417; x_wconf 89' lang='lat' dir='ltr'>duplicis</span> <span class='ocrx_word' id='word_1_62' title='bbox 2244 2362 2368 2402; x_wconf 90' lang='lat' dir='ltr'>esse</span> <span class='ocrx_word' id='word_1_63' title='bbox 2406 2347 2600 2417; x_wconf 87' lang='lat' dir='ltr'>caput.</span> 
     </span>
    </p>
   </div>
   <div class='ocr_carea' id='block_1_3' title="bbox 359 2519 3555 5376">
    <p class='ocr_par' dir='ltr' id='par_1_5' title="bbox 359 2519 3555 5376">
     <span class='ocr_line' id='line_1_10' title="bbox 638 2519 3545 2601; baseline -0.001 -16"><span class='ocrx_word' id='word_1_64' title='bbox 638 2521 878 2586; x_wconf 87' lang='lat' dir='ltr'><strong>IBUIT</strong></span> <span class='ocrx_word' id='word_1_65' title='bbox 923 2519 1050 2583; x_wconf 93' lang='lat' dir='ltr'>hoc</span> <span class='ocrx_word' id='word_1_66' title='bbox 1093 2521 1497 2600; x_wconf 88' lang='lat' dir='ltr'>tetrasticho,</span> <span class='ocrx_word' id='word_1_67' title='bbox 1544 2520 1938 2601; x_wconf 83' lang='lat' dir='ltr'>amplissimi</span> <span class='ocrx_word' id='word_1_68' title='bbox 1994 2519 2491 2600; x_wconf 81' lang='lat' dir='ltr'>doctissimique</span> <span class='ocrx_word' id='word_1_69' title='bbox 2540 2519 2689 2599; x_wconf 88' lang='lat' dir='ltr'>viri,</span> <span class='ocrx_word' id='word_1_70' title='bbox 2734 2536 2855 2582; x_wconf 86' lang='lat' dir='ltr'>vos</span> <span class='ocrx_word' id='word_1_71' title='bbox 2896 2519 3187 2600; x_wconf 88' lang='lat' dir='ltr'>primum</span> <span class='ocrx_word' id='word_1_72' title='bbox 3237 2519 3545 2598; x_wconf 87' lang='lat' dir='ltr'>salutare,</span> 
     </span>
     <span class='ocr_line' id='line_1_11' title="bbox 448 2531 3551 2799; baseline -0.001 -108"><span class='ocrx_word' id='word_1_73' title='bbox 448 2531 638 2799; x_wconf 84' lang='lat' dir='ltr'>L</span> <span class='ocrx_word' id='word_1_74' title='bbox 674 2629 1094 2707; x_wconf 84' lang='lat' dir='ltr'>vestramque</span> <span class='ocrx_word' id='word_1_75' title='bbox 1163 2627 1422 2707; x_wconf 87' lang='lat' dir='ltr'>captare</span> <span class='ocrx_word' id='word_1_76' title='bbox 1489 2625 2035 2706; x_wconf 83' lang='lat' dir='ltr'>benevolentiam,</span> <span class='ocrx_word' id='word_1_77' title='bbox 2104 2628 2485 2707; x_wconf 81' lang='lat' dir='ltr'>priusquam</span> <span class='ocrx_word' id='word_1_78' title='bbox 2560 2643 2805 2689; x_wconf 89' lang='lat' dir='ltr'>munus</span> <span class='ocrx_word' id='word_1_79' title='bbox 2869 2624 3046 2706; x_wconf 91' lang='lat' dir='ltr'>quod</span> <span class='ocrx_word' id='word_1_80' title='bbox 3116 2625 3181 2687; x_wconf 92' lang='lat' dir='ltr'>in</span> <span class='ocrx_word' id='word_1_81' title='bbox 3244 2625 3551 2688; x_wconf 88' lang='lat' dir='ltr'>manibus</span> 
     </span>
     <span class='ocr_line' id='line_1_12' title="bbox 677 2731 3549 2814; baseline -0.002 -16"><span class='ocrx_word' id='word_1_82' title='bbox 677 2734 798 2813; x_wconf 91' lang='lat' dir='ltr'>est,</span> <span class='ocrx_word' id='word_1_83' title='bbox 839 2733 1319 2814; x_wconf 85' lang='lat' dir='ltr'>deponeremus</span> <span class='ocrx_word' id='word_1_84' title='bbox 1366 2753 1380 2794; x_wconf 75' lang='grc' dir='ltr'>ε</span> <span class='ocrx_word' id='word_1_85' title='bbox 1427 2733 1763 2795; x_wconf 85' lang='lat' dir='ltr'>afferimus</span> <span class='ocrx_word' id='word_1_86' title='bbox 1815 2733 1988 2796; x_wconf 90' lang='lat' dir='ltr'>enim</span> <span class='ocrx_word' id='word_1_87' title='bbox 2039 2750 2261 2796; x_wconf 90' lang='lat' dir='ltr'>rarum</span> <span class='ocrx_word' id='word_1_88' title='bbox 2307 2732 2372 2795; x_wconf 90' lang='lat' dir='ltr'>et</span> <span class='ocrx_word' id='word_1_89' title='bbox 2414 2732 2603 2795; x_wconf 89' lang='lat' dir='ltr'>vobis</span> <span class='ocrx_word' id='word_1_90' title='bbox 2659 2731 2932 2794; x_wconf 89' lang='lat' dir='ltr'>forsitan</span> <span class='ocrx_word' id='word_1_91' title='bbox 2978 2748 3110 2793; x_wconf 91' lang='lat' dir='ltr'>non</span> <span class='ocrx_word' id='word_1_92' title='bbox 3159 2733 3249 2794; x_wconf 88' lang='lat' dir='ltr'>ita</span> <span class='ocrx_word' id='word_1_93' title='bbox 3292 2731 3549 2813; x_wconf 89' lang='lat' dir='ltr'>pridem</span> 
     </span>
     <span class='ocr_line' id='line_1_13' title="bbox 447 2839 3552 2922; baseline -0 -21"><span class='ocrx_word' id='word_1_94' title='bbox 447 2841 786 2920; x_wconf 83' lang='lat' dir='ltr'>cognitum</span> <span class='ocrx_word' id='word_1_95' title='bbox 848 2841 1208 2921; x_wconf 82' lang='lat' dir='ltr'>auctorem,</span> <span class='ocrx_word' id='word_1_96' title='bbox 1261 2839 1660 2920; x_wconf 88' lang='lat' dir='ltr'>Dionysium</span> <span class='ocrx_word' id='word_1_97' title='bbox 1711 2856 1750 2902; x_wconf 87' lang='lat' dir='ltr'>a</span> <span class='ocrx_word' id='word_1_98' title='bbox 1804 2840 2057 2920; x_wconf 83' lang='lat' dir='ltr'>Rickel,</span> <span class='ocrx_word' id='word_1_99' title='bbox 2117 2841 2503 2920; x_wconf 85' lang='lat' dir='ltr'>scriptorem</span> <span class='ocrx_word' id='word_1_100' title='bbox 2556 2839 2641 2922; x_wconf 90' lang='lat' dir='ltr'>(si</span> <span class='ocrx_word' id='word_1_101' title='bbox 2692 2840 2853 2920; x_wconf 91' lang='lat' dir='ltr'>quid</span> <span class='ocrx_word' id='word_1_102' title='bbox 2908 2839 3282 2902; x_wconf 88' lang='lat' dir='ltr'>Cartusiaca</span> <span class='ocrx_word' id='word_1_103' title='bbox 3334 2840 3552 2920; x_wconf 89' lang='lat' dir='ltr'>potest</span> 
     </span>
     <span class='ocr_line' id='line_1_14' title="bbox 445 2946 3551 3028; baseline 0.001 -21"><span class='ocrx_word' id='word_1_104' title='bbox 445 2946 762 3028; x_wconf 85' lang='lat' dir='ltr'>solitudo)</span> <span class='ocrx_word' id='word_1_105' title='bbox 786 2949 970 3011; x_wconf 85' lang='lat' dir='ltr'>extra</span> <span class='ocrx_word' id='word_1_106' title='bbox 998 2963 1260 3010; x_wconf 91' lang='lat' dir='ltr'>omnem</span> <span class='ocrx_word' id='word_1_107' title='bbox 1293 2947 1527 3025; x_wconf 88' lang='lat' dir='ltr'>aleam,</span> <span class='ocrx_word' id='word_1_108' title='bbox 1551 2963 1758 3027; x_wconf 92' lang='lat' dir='ltr'>quum</span> <span class='ocrx_word' id='word_1_109' title='bbox 1793 2947 2316 3010; x_wconf 87' lang='lat' dir='ltr'>eruditissimum</span> <span class='ocrx_word' id='word_1_110' title='bbox 2348 2948 2487 3009; x_wconf 89' lang='lat' dir='ltr'>tum</span> <span class='ocrx_word' id='word_1_111' title='bbox 2519 2947 2921 3028; x_wconf 85' lang='lat' dir='ltr'>piissimum,</span> <span class='ocrx_word' id='word_1_112' title='bbox 2946 2948 3019 3009; x_wconf 87' lang='lat' dir='ltr'>ut</span> <span class='ocrx_word' id='word_1_113' title='bbox 3043 2948 3327 3011; x_wconf 84' lang='lat' dir='ltr'>veterem</span> <span class='ocrx_word' id='word_1_114' title='bbox 3358 2947 3551 3010; x_wconf 91' lang='lat' dir='ltr'>illum</span> 
     </span>
     <span class='ocr_line' id='line_1_15' title="bbox 443 3052 3551 3134; baseline 0 -19"><span class='ocrx_word' id='word_1_115' title='bbox 443 3052 912 3134; x_wconf 84' lang='lat' dir='ltr'>Areopagitam</span> <span class='ocrx_word' id='word_1_116' title='bbox 963 3055 1256 3117; x_wconf 83' lang='lat' dir='ltr'>vestrum</span> <span class='ocrx_word' id='word_1_117' title='bbox 1306 3055 1440 3115; x_wconf 86' lang='lat' dir='ltr'>tam</span> <span class='ocrx_word' id='word_1_118' title='bbox 1501 3053 1866 3116; x_wconf 89' lang='lat' dir='ltr'>eruditione</span> <span class='ocrx_word' id='word_1_119' title='bbox 1916 3070 2114 3133; x_wconf 89' lang='lat' dir='ltr'>quam</span> <span class='ocrx_word' id='word_1_120' title='bbox 2162 3054 2403 3134; x_wconf 87' lang='lat' dir='ltr'>pietate</span> <span class='ocrx_word' id='word_1_121' title='bbox 2449 3053 2800 3116; x_wconf 87' lang='lat' dir='ltr'>aemulatus</span> <span class='ocrx_word' id='word_1_122' title='bbox 2845 3053 3053 3116; x_wconf 84' lang='lat' dir='ltr'>videri</span> <span class='ocrx_word' id='word_1_123' title='bbox 3099 3054 3330 3134; x_wconf 87' lang='lat' dir='ltr'>possit.</span> <span class='ocrx_word' id='word_1_124' title='bbox 3383 3053 3551 3118; x_wconf 87' lang='lat' dir='ltr'>Sane</span> 
     </span>
     <span class='ocr_line' id='line_1_16' title="bbox 443 3153 3549 3242; baseline 0.001 -20"><span class='ocrx_word' id='word_1_125' title='bbox 443 3153 779 3224; x_wconf 85' lang='lat' dir='ltr'>neminem</span> <span class='ocrx_word' id='word_1_126' title='bbox 835 3160 1230 3224; x_wconf 86' lang='lat' dir='ltr'>arbitramur</span> <span class='ocrx_word' id='word_1_127' title='bbox 1274 3160 1574 3240; x_wconf 86' lang='lat' dir='ltr'>ignorare</span> <span class='ocrx_word' id='word_1_128' title='bbox 1623 3160 1927 3238; x_wconf 89' lang='lat' dir='ltr'>Dionysii</span> <span class='ocrx_word' id='word_1_129' title='bbox 1975 3161 2177 3222; x_wconf 87' lang='lat' dir='ltr'>vestri</span> <span class='ocrx_word' id='word_1_130' title='bbox 2225 3161 2548 3240; x_wconf 88' lang='lat' dir='ltr'>spectatas</span> <span class='ocrx_word' id='word_1_131' title='bbox 2598 3160 3031 3223; x_wconf 88' lang='lat' dir='ltr'>eruditionem</span> <span class='ocrx_word' id='word_1_132' title='bbox 3085 3163 3151 3222; x_wconf 90' lang='lat' dir='ltr'>et</span> <span class='ocrx_word' id='word_1_133' title='bbox 3193 3161 3549 3242; x_wconf 81' lang='lat' dir='ltr'>pietatem3</span> 
     </span>
     <span class='ocr_line' id='line_1_17' title="bbox 441 3265 3555 3348; baseline 0.001 -19"><span class='ocrx_word' id='word_1_134' title='bbox 441 3269 512 3329; x_wconf 90' lang='lat' dir='ltr'>at</span> <span class='ocrx_word' id='word_1_135' title='bbox 549 3267 725 3330; x_wconf 89' lang='lat' dir='ltr'>hunc</span> <span class='ocrx_word' id='word_1_136' title='bbox 763 3268 1063 3331; x_wconf 89' lang='lat' dir='ltr'>nostrum</span> <span class='ocrx_word' id='word_1_137' title='bbox 1103 3267 1432 3348; x_wconf 82' lang='lat' dir='ltr'>(martyrii</span> <span class='ocrx_word' id='word_1_138' title='bbox 1469 3267 1727 3329; x_wconf 88' lang='lat' dir='ltr'>tantum</span> <span class='ocrx_word' id='word_1_139' title='bbox 1767 3266 1986 3329; x_wconf 90' lang='lat' dir='ltr'>laurea</span> <span class='ocrx_word' id='word_1_140' title='bbox 2025 3265 2323 3347; x_wconf 83' lang='lat' dir='ltr'>excepta)</span> <span class='ocrx_word' id='word_1_141' title='bbox 2362 3266 2461 3328; x_wconf 92' lang='lat' dir='ltr'>illi</span> <span class='ocrx_word' id='word_1_142' title='bbox 2498 3267 2797 3347; x_wconf 88' lang='lat' dir='ltr'>proxime</span> <span class='ocrx_word' id='word_1_143' title='bbox 2836 3268 3105 3346; x_wconf 84' lang='lat' dir='ltr'>certare,</span> <span class='ocrx_word' id='word_1_144' title='bbox 3143 3267 3325 3330; x_wconf 90' lang='lat' dir='ltr'>solus</span> <span class='ocrx_word' id='word_1_145' title='bbox 3372 3268 3555 3348; x_wconf 84' lang='lat' dir='ltr'>igno-</span> 
     </span>
     <span class='ocr_line' id='line_1_18' title="bbox 441 3373 3555 3455; baseline 0.001 -19"><span class='ocrx_word' id='word_1_146' title='bbox 441 3376 546 3436; x_wconf 86' lang='lat' dir='ltr'>rat</span> <span class='ocrx_word' id='word_1_147' title='bbox 590 3374 704 3438; x_wconf 91' lang='lat' dir='ltr'>ille</span> <span class='ocrx_word' id='word_1_148' title='bbox 753 3374 837 3436; x_wconf 87' lang='lat' dir='ltr'>ad</span> <span class='ocrx_word' id='word_1_149' title='bbox 883 3391 1080 3455; x_wconf 90' lang='lat' dir='ltr'>quem</span> <span class='ocrx_word' id='word_1_150' title='bbox 1121 3373 1297 3436; x_wconf 89' lang='lat' dir='ltr'>fama</span> <span class='ocrx_word' id='word_1_151' title='bbox 1341 3374 1467 3436; x_wconf 81' lang='lat' dir='ltr'>viri</span> <span class='ocrx_word' id='word_1_152' title='bbox 1517 3373 1582 3436; x_wconf 91' lang='lat' dir='ltr'>et</span> <span class='ocrx_word' id='word_1_153' title='bbox 1617 3374 1768 3436; x_wconf 90' lang='lat' dir='ltr'>libri</span> <span class='ocrx_word' id='word_1_154' title='bbox 1806 3373 1950 3453; x_wconf 90' lang='lat' dir='ltr'>ejus</span> <span class='ocrx_word' id='word_1_155' title='bbox 1991 3374 2287 3436; x_wconf 90' lang='lat' dir='ltr'>nondum</span> <span class='ocrx_word' id='word_1_156' title='bbox 2324 3376 2781 3455; x_wconf 84' lang='lat' dir='ltr'>pervenerunt.</span> <span class='ocrx_word' id='word_1_157' title='bbox 2824 3375 3087 3438; x_wconf 88' lang='lat' dir='ltr'>Scatent</span> <span class='ocrx_word' id='word_1_158' title='bbox 3124 3374 3272 3436; x_wconf 89' lang='lat' dir='ltr'>libri</span> <span class='ocrx_word' id='word_1_159' title='bbox 3312 3377 3555 3438; x_wconf 88' lang='lat' dir='ltr'>sancti-</span> 
     </span>
     <span class='ocr_line' id='line_1_19' title="bbox 442 3480 3554 3561; baseline 0.001 -19"><span class='ocrx_word' id='word_1_160' title='bbox 442 3481 693 3558; x_wconf 90' lang='lat' dir='ltr'>monia,</span> <span class='ocrx_word' id='word_1_161' title='bbox 735 3481 1100 3544; x_wconf 88' lang='lat' dir='ltr'>eruditione</span> <span class='ocrx_word' id='word_1_162' title='bbox 1149 3481 1426 3561; x_wconf 83' lang='lat' dir='ltr'>fulgent,</span> <span class='ocrx_word' id='word_1_163' title='bbox 1471 3483 1535 3544; x_wconf 88' lang='lat' dir='ltr'>et</span> <span class='ocrx_word' id='word_1_164' title='bbox 1583 3481 1841 3543; x_wconf 87' lang='lat' dir='ltr'>coeleste</span> <span class='ocrx_word' id='word_1_165' title='bbox 1893 3480 2207 3560; x_wconf 88' lang='lat' dir='ltr'>quiddam</span> <span class='ocrx_word' id='word_1_166' title='bbox 2248 3480 2592 3560; x_wconf 90' lang='lat' dir='ltr'>resipiunt,</span> <span class='ocrx_word' id='word_1_167' title='bbox 2628 3497 2702 3542; x_wconf 90' lang='lat' dir='ltr'>ac</span> <span class='ocrx_word' id='word_1_168' title='bbox 2747 3481 2938 3560; x_wconf 89' lang='lat' dir='ltr'>plane</span> <span class='ocrx_word' id='word_1_169' title='bbox 2989 3499 3179 3544; x_wconf 89' lang='lat' dir='ltr'>suam</span> <span class='ocrx_word' id='word_1_170' title='bbox 3231 3484 3554 3545; x_wconf 87' lang='lat' dir='ltr'>testantur</span> 
     </span>
     <span class='ocr_line' id='line_1_20' title="bbox 443 3587 3551 3670; baseline 0.001 -21"><span class='ocrx_word' id='word_1_171' title='bbox 443 3587 792 3668; x_wconf 85' lang='lat' dir='ltr'>originem,</span> <span class='ocrx_word' id='word_1_172' title='bbox 839 3587 1156 3668; x_wconf 87' lang='lat' dir='ltr'>Spiritum</span> <span class='ocrx_word' id='word_1_173' title='bbox 1206 3587 1458 3651; x_wconf 89' lang='lat' dir='ltr'>scilicet</span> <span class='ocrx_word' id='word_1_174' title='bbox 1502 3588 1740 3666; x_wconf 73' lang='lat' dir='ltr'>PatriS,</span> <span class='ocrx_word' id='word_1_175' title='bbox 1781 3587 1896 3667; x_wconf 90' lang='lat' dir='ltr'>qui</span> <span class='ocrx_word' id='word_1_176' title='bbox 1942 3587 2012 3649; x_wconf 91' lang='lat' dir='ltr'>in</span> <span class='ocrx_word' id='word_1_177' title='bbox 2058 3587 2204 3667; x_wconf 91' lang='lat' dir='ltr'>ipso</span> <span class='ocrx_word' id='word_1_178' title='bbox 2252 3588 2613 3650; x_wconf 90' lang='lat' dir='ltr'>secundum</span> <span class='ocrx_word' id='word_1_179' title='bbox 2660 3587 2901 3652; x_wconf 87' lang='lat' dir='ltr'>Christi</span> <span class='ocrx_word' id='word_1_180' title='bbox 2948 3589 3277 3669; x_wconf 89' lang='lat' dir='ltr'>promissa</span> <span class='ocrx_word' id='word_1_181' title='bbox 3332 3591 3551 3670; x_wconf 88' lang='lat' dir='ltr'>aperte</span> 
     </span>
     <span class='ocr_line' id='line_1_21' title="bbox 441 3693 3554 3773; baseline 0.001 -18"><span class='ocrx_word' id='word_1_182' title='bbox 441 3693 707 3756; x_wconf 87' lang='lat' dir='ltr'>locutus</span> <span class='ocrx_word' id='word_1_183' title='bbox 745 3694 844 3757; x_wconf 64' lang='lat' dir='ltr'>ost</span> <span class='ocrx_word' id='word_1_184' title='bbox 877 3714 891 3755; x_wconf 75' lang='grc' dir='ltr'>ε</span> <span class='ocrx_word' id='word_1_185' title='bbox 937 3693 1062 3756; x_wconf 88' lang='lat' dir='ltr'>nisi</span> <span class='ocrx_word' id='word_1_186' title='bbox 1103 3693 1298 3756; x_wconf 86' lang='lat' dir='ltr'>fatale</span> <span class='ocrx_word' id='word_1_187' title='bbox 1341 3694 1450 3772; x_wconf 90' lang='lat' dir='ltr'>sit,</span> <span class='ocrx_word' id='word_1_188' title='bbox 1491 3693 1850 3772; x_wconf 86' lang='lat' dir='ltr'>Dionysios</span> <span class='ocrx_word' id='word_1_189' title='bbox 1891 3709 2026 3773; x_wconf 86' lang='lat' dir='ltr'>prae</span> <span class='ocrx_word' id='word_1_190' title='bbox 2077 3694 2308 3756; x_wconf 88' lang='lat' dir='ltr'>ceteris</span> <span class='ocrx_word' id='word_1_191' title='bbox 2357 3693 2684 3773; x_wconf 86' lang='lat' dir='ltr'>theologis</span> <span class='ocrx_word' id='word_1_192' title='bbox 2721 3694 3063 3758; x_wconf 88' lang='lat' dir='ltr'>ecstaticos</span> <span class='ocrx_word' id='word_1_193' title='bbox 3112 3695 3178 3758; x_wconf 92' lang='lat' dir='ltr'>et</span> <span class='ocrx_word' id='word_1_194' title='bbox 3217 3695 3554 3758; x_wconf 89' lang='lat' dir='ltr'>illumina-</span> 
     </span>
     <span class='ocr_line' id='line_1_22' title="bbox 440 3798 3551 3882; baseline 0.001 -21"><span class='ocrx_word' id='word_1_195' title='bbox 440 3800 634 3862; x_wconf 85' lang='lat' dir='ltr'>tioris</span> <span class='ocrx_word' id='word_1_196' title='bbox 673 3818 816 3863; x_wconf 88' lang='lat' dir='ltr'>esse</span> <span class='ocrx_word' id='word_1_197' title='bbox 855 3801 1122 3878; x_wconf 87' lang='lat' dir='ltr'>ingenii.</span> <span class='ocrx_word' id='word_1_198' title='bbox 1161 3801 1305 3872; x_wconf 88' lang='lat' dir='ltr'>Qua</span> <span class='ocrx_word' id='word_1_199' title='bbox 1340 3799 1544 3880; x_wconf 90' lang='lat' dir='ltr'>hujus</span> <span class='ocrx_word' id='word_1_200' title='bbox 1583 3799 1665 3861; x_wconf 91' lang='lat' dir='ltr'>ad</span> <span class='ocrx_word' id='word_1_201' title='bbox 1707 3799 1896 3860; x_wconf 91' lang='lat' dir='ltr'>illum</span> <span class='ocrx_word' id='word_1_202' title='bbox 1935 3798 2270 3878; x_wconf 83' lang='lat' dir='ltr'>affinitate,</span> <span class='ocrx_word' id='word_1_203' title='bbox 2315 3799 2482 3861; x_wconf 90' lang='lat' dir='ltr'>nihil</span> <span class='ocrx_word' id='word_1_204' title='bbox 2524 3799 2926 3880; x_wconf 85' lang='lat' dir='ltr'>ambigimus</span> <span class='ocrx_word' id='word_1_205' title='bbox 2968 3801 3285 3864; x_wconf 86' lang='lat' dir='ltr'>cariorem</span> <span class='ocrx_word' id='word_1_206' title='bbox 3330 3803 3551 3882; x_wconf 90' lang='lat' dir='ltr'>ipsum</span> 
     </span>
     <span class='ocr_line' id='line_1_23' title="bbox 441 3904 3552 3989; baseline 0.001 -22"><span class='ocrx_word' id='word_1_207' title='bbox 441 3905 636 3968; x_wconf 86' lang='lat' dir='ltr'>vohis</span> <span class='ocrx_word' id='word_1_208' title='bbox 684 3906 1007 3986; x_wconf 89' lang='lat' dir='ltr'>futurum,</span> <span class='ocrx_word' id='word_1_209' title='bbox 1049 3907 1115 3968; x_wconf 90' lang='lat' dir='ltr'>et</span> <span class='ocrx_word' id='word_1_210' title='bbox 1163 3906 1344 3968; x_wconf 90' lang='lat' dir='ltr'>nulla</span> <span class='ocrx_word' id='word_1_211' title='bbox 1389 3907 1602 3986; x_wconf 85' lang='lat' dir='ltr'>magis</span> <span class='ocrx_word' id='word_1_212' title='bbox 1651 3904 2219 3968; x_wconf 86' lang='lat' dir='ltr'>commendatione</span> <span class='ocrx_word' id='word_1_213' title='bbox 2259 3906 2572 3986; x_wconf 85' lang='lat' dir='ltr'>indigere,</span> <span class='ocrx_word' id='word_1_214' title='bbox 2618 3924 2815 3986; x_wconf 90' lang='lat' dir='ltr'>quam</span> <span class='ocrx_word' id='word_1_215' title='bbox 2868 3925 3019 3970; x_wconf 91' lang='lat' dir='ltr'>eum</span> <span class='ocrx_word' id='word_1_216' title='bbox 3069 3909 3289 3988; x_wconf 90' lang='lat' dir='ltr'>ipsum</span> <span class='ocrx_word' id='word_1_217' title='bbox 3336 3909 3552 3989; x_wconf 89' lang='lat' dir='ltr'>qualis</span> 
     </span>
     <span class='ocr_line' id='line_1_24' title="bbox 441 4011 3554 4093; baseline 0 -17"><span class='ocrx_word' id='word_1_218' title='bbox 441 4014 543 4076; x_wconf 67' lang='lat' dir='ltr'>aet</span> <span class='ocrx_word' id='word_1_219' title='bbox 581 4011 914 4076; x_wconf 83' lang='lat' dir='ltr'>exhibere.</span> <span class='ocrx_word' id='word_1_220' title='bbox 943 4013 1075 4076; x_wconf 87' lang='lat' dir='ltr'>Eos</span> <span class='ocrx_word' id='word_1_221' title='bbox 1105 4011 1380 4075; x_wconf 77' lang='lat' dir='ltr'>fortasse</span> <span class='ocrx_word' id='word_1_222' title='bbox 1417 4012 1768 4092; x_wconf 87' lang='lat' dir='ltr'>scriptores</span> <span class='ocrx_word' id='word_1_223' title='bbox 1806 4028 1974 4092; x_wconf 88' lang='lat' dir='ltr'>opus</span> <span class='ocrx_word' id='word_1_224' title='bbox 2011 4013 2098 4074; x_wconf 88' lang='lat' dir='ltr'>sit</span> <span class='ocrx_word' id='word_1_225' title='bbox 2135 4013 2329 4075; x_wconf 85' lang='lat' dir='ltr'>anxie</span> <span class='ocrx_word' id='word_1_226' title='bbox 2365 4013 2659 4092; x_wconf 87' lang='lat' dir='ltr'>patronis</span> <span class='ocrx_word' id='word_1_227' title='bbox 2698 4013 3178 4093; x_wconf 88' lang='lat' dir='ltr'>commendare,</span> <span class='ocrx_word' id='word_1_228' title='bbox 3212 4014 3328 4077; x_wconf 90' lang='lat' dir='ltr'>aut</span> <span class='ocrx_word' id='word_1_229' title='bbox 3356 4033 3554 4078; x_wconf 85' lang='lat' dir='ltr'>excu-</span> 
     </span>
     <span class='ocr_line' id='line_1_25' title="bbox 439 4118 3547 4200; baseline 0.001 -19"><span class='ocrx_word' id='word_1_230' title='bbox 439 4119 700 4182; x_wconf 86' lang='lat' dir='ltr'>satione</span> <span class='ocrx_word' id='word_1_231' title='bbox 745 4118 1115 4200; x_wconf 87' lang='lat' dir='ltr'>conquisita</span> <span class='ocrx_word' id='word_1_232' title='bbox 1151 4135 1442 4182; x_wconf 82' lang='lat' dir='ltr'>censurae</span> <span class='ocrx_word' id='word_1_233' title='bbox 1481 4119 1865 4198; x_wconf 88' lang='lat' dir='ltr'>subducere,</span> <span class='ocrx_word' id='word_1_234' title='bbox 1907 4119 2012 4182; x_wconf 92' lang='lat' dir='ltr'>vel</span> <span class='ocrx_word' id='word_1_235' title='bbox 2052 4118 2222 4182; x_wconf 90' lang='lat' dir='ltr'>fucis</span> <span class='ocrx_word' id='word_1_236' title='bbox 2265 4136 2516 4198; x_wconf 88' lang='lat' dir='ltr'>ornare,</span> <span class='ocrx_word' id='word_1_237' title='bbox 2568 4119 2683 4199; x_wconf 90' lang='lat' dir='ltr'>qui</span> <span class='ocrx_word' id='word_1_238' title='bbox 2729 4118 2855 4182; x_wconf 91' lang='lat' dir='ltr'>sibi</span> <span class='ocrx_word' id='word_1_239' title='bbox 2905 4119 3069 4199; x_wconf 90' lang='lat' dir='ltr'>ipsis</span> <span class='ocrx_word' id='word_1_240' title='bbox 3114 4137 3349 4200; x_wconf 87' lang='lat' dir='ltr'>parum</span> <span class='ocrx_word' id='word_1_241' title='bbox 3387 4138 3547 4184; x_wconf 91' lang='lat' dir='ltr'>con-</span> 
     </span>
     <span class='ocr_line' id='line_1_26' title="bbox 440 4225 3547 4309; baseline 0.001 -20"><span class='ocrx_word' id='word_1_242' title='bbox 440 4227 644 4306; x_wconf 87' lang='lat' dir='ltr'>stant,</span> <span class='ocrx_word' id='word_1_243' title='bbox 696 4242 978 4306; x_wconf 88' lang='lat' dir='ltr'>quorum</span> <span class='ocrx_word' id='word_1_244' title='bbox 1036 4227 1135 4289; x_wconf 88' lang='lat' dir='ltr'>est</span> <span class='ocrx_word' id='word_1_245' title='bbox 1190 4242 1386 4288; x_wconf 87' lang='lat' dir='ltr'>causa</span> <span class='ocrx_word' id='word_1_246' title='bbox 1442 4227 1746 4306; x_wconf 82' lang='lat' dir='ltr'>suspecta</span> <span class='ocrx_word' id='word_1_247' title='bbox 1795 4227 1860 4289; x_wconf 92' lang='lat' dir='ltr'>et</span> <span class='ocrx_word' id='word_1_248' title='bbox 1903 4242 2138 4307; x_wconf 90' lang='lat' dir='ltr'>parum</span> <span class='ocrx_word' id='word_1_249' title='bbox 2189 4225 2469 4306; x_wconf 87' lang='lat' dir='ltr'>justitiae</span> <span class='ocrx_word' id='word_1_250' title='bbox 2524 4225 2753 4305; x_wconf 79' lang='lat' dir='ltr'>fidenS,</span> <span class='ocrx_word' id='word_1_251' title='bbox 2804 4226 2874 4288; x_wconf 91' lang='lat' dir='ltr'>in</span> <span class='ocrx_word' id='word_1_252' title='bbox 2930 4226 3171 4307; x_wconf 90' lang='lat' dir='ltr'>quibus</span> <span class='ocrx_word' id='word_1_253' title='bbox 3220 4229 3547 4309; x_wconf 88' lang='lat' dir='ltr'>cupiditas</span> 
     </span>
     <span class='ocr_line' id='line_1_27' title="bbox 439 4331 3546 4413; baseline 0.001 -18"><span class='ocrx_word' id='word_1_254' title='bbox 439 4333 768 4396; x_wconf 89' lang='lat' dir='ltr'>rationem</span> <span class='ocrx_word' id='word_1_255' title='bbox 819 4333 934 4394; x_wconf 88' lang='lat' dir='ltr'>aut</span> <span class='ocrx_word' id='word_1_256' title='bbox 987 4332 1258 4396; x_wconf 82' lang='lat' dir='ltr'>affectus</span> <span class='ocrx_word' id='word_1_257' title='bbox 1307 4333 1650 4395; x_wconf 84' lang='lat' dir='ltr'>veritatem</span> <span class='ocrx_word' id='word_1_258' title='bbox 1701 4332 2101 4412; x_wconf 89' lang='lat' dir='ltr'>temerarint,</span> <span class='ocrx_word' id='word_1_259' title='bbox 2153 4333 2350 4413; x_wconf 89' lang='lat' dir='ltr'>quive</span> <span class='ocrx_word' id='word_1_260' title='bbox 2408 4331 2698 4412; x_wconf 81' lang='lat' dir='ltr'>honoriS,</span> <span class='ocrx_word' id='word_1_261' title='bbox 2750 4336 3045 4413; x_wconf 87' lang='lat' dir='ltr'>quaestus</span> <span class='ocrx_word' id='word_1_262' title='bbox 3098 4336 3214 4397; x_wconf 90' lang='lat' dir='ltr'>aut</span> <span class='ocrx_word' id='word_1_263' title='bbox 3266 4334 3546 4400; x_wconf 83' lang='lat' dir='ltr'>luxuriae</span> 
     </span>
     <span class='ocr_line' id='line_1_28' title="bbox 442 4438 3549 4522; baseline 0.001 -21"><span class='ocrx_word' id='word_1_264' title='bbox 442 4455 644 4501; x_wconf 88' lang='lat' dir='ltr'>causa</span> <span class='ocrx_word' id='word_1_265' title='bbox 681 4438 982 4500; x_wconf 88' lang='lat' dir='ltr'>sanctum</span> <span class='ocrx_word' id='word_1_266' title='bbox 1026 4438 1148 4502; x_wconf 89' lang='lat' dir='ltr'>Dei</span> <span class='ocrx_word' id='word_1_267' title='bbox 1190 4438 1466 4501; x_wconf 86' lang='lat' dir='ltr'>verbum</span> <span class='ocrx_word' id='word_1_268' title='bbox 1511 4438 2021 4502; x_wconf 87' lang='lat' dir='ltr'>adulteraverint</span> <span class='ocrx_word' id='word_1_269' title='bbox 2063 4458 2077 4498; x_wconf 95' lang='lat'><strong>:</strong></span> <span class='ocrx_word' id='word_1_270' title='bbox 2117 4438 2347 4518; x_wconf 90' lang='lat' dir='ltr'>quales</span> <span class='ocrx_word' id='word_1_271' title='bbox 2385 4439 2508 4501; x_wconf 91' lang='lat' dir='ltr'>hoc</span> <span class='ocrx_word' id='word_1_272' title='bbox 2546 4438 2862 4502; x_wconf 87' lang='lat' dir='ltr'>saeculum</span> <span class='ocrx_word' id='word_1_273' title='bbox 2900 4457 3034 4503; x_wconf 90' lang='lat' dir='ltr'>non</span> <span class='ocrx_word' id='word_1_274' title='bbox 3071 4458 3317 4522; x_wconf 88' lang='lat' dir='ltr'>paucos</span> <span class='ocrx_word' id='word_1_275' title='bbox 3352 4442 3549 4507; x_wconf 89' lang='lat' dir='ltr'>habet</span> 
     </span>
     <span class='ocr_line' id='line_1_29' title="bbox 441 4544 3545 4630; baseline 0.003 -24"><span class='ocrx_word' id='word_1_276' title='bbox 441 4545 821 4625; x_wconf 87' lang='lat' dir='ltr'>scriptores,</span> <span class='ocrx_word' id='word_1_277' title='bbox 862 4561 902 4607; x_wconf 86' lang='lat' dir='ltr'>a</span> <span class='ocrx_word' id='word_1_278' title='bbox 947 4544 1187 4625; x_wconf 88' lang='lat' dir='ltr'>quibus</span> <span class='ocrx_word' id='word_1_279' title='bbox 1234 4546 1343 4608; x_wconf 90' lang='lat' dir='ltr'>hic</span> <span class='ocrx_word' id='word_1_280' title='bbox 1390 4547 1614 4609; x_wconf 87' lang='lat' dir='ltr'>noster</span> <span class='ocrx_word' id='word_1_281' title='bbox 1660 4545 2022 4624; x_wconf 83' lang='lat' dir='ltr'>Dionysius</span> <span class='ocrx_word' id='word_1_282' title='bbox 2070 4562 2270 4626; x_wconf 90' lang='lat' dir='ltr'>quam</span> <span class='ocrx_word' id='word_1_283' title='bbox 2317 4545 2699 4625; x_wconf 85' lang='lat' dir='ltr'>longissime</span> <span class='ocrx_word' id='word_1_284' title='bbox 2747 4545 2952 4627; x_wconf 89' lang='lat' dir='ltr'>abest,</span> <span class='ocrx_word' id='word_1_285' title='bbox 3002 4548 3273 4629; x_wconf 83' lang='lat' dir='ltr'>integer,</span> <span class='ocrx_word' id='word_1_286' title='bbox 3314 4566 3545 4630; x_wconf 82' lang='lat' dir='ltr'>puruS,</span> 
     </span>
     <span class='ocr_line' id='line_1_30' title="bbox 442 4652 3547 4735; baseline 0.002 -23"><span class='ocrx_word' id='word_1_287' title='bbox 442 4669 664 4732; x_wconf 82' lang='lat' dir='ltr'>veruS,</span> <span class='ocrx_word' id='word_1_288' title='bbox 703 4669 917 4734; x_wconf 84' lang='lat' dir='ltr'>neque</span> <span class='ocrx_word' id='word_1_289' title='bbox 963 4653 1046 4714; x_wconf 88' lang='lat' dir='ltr'>ad</span> <span class='ocrx_word' id='word_1_290' title='bbox 1091 4652 1428 4716; x_wconf 86' lang='lat' dir='ltr'>dexteram</span> <span class='ocrx_word' id='word_1_291' title='bbox 1479 4652 1773 4715; x_wconf 82' lang='lat' dir='ltr'>deflexus</span> <span class='ocrx_word' id='word_1_292' title='bbox 1812 4669 2025 4732; x_wconf 90' lang='lat' dir='ltr'>neque</span> <span class='ocrx_word' id='word_1_293' title='bbox 2067 4652 2152 4715; x_wconf 90' lang='lat' dir='ltr'>ad</span> <span class='ocrx_word' id='word_1_294' title='bbox 2197 4652 2555 4732; x_wconf 88' lang='lat' dir='ltr'>sinistram,</span> <span class='ocrx_word' id='word_1_295' title='bbox 2598 4652 2714 4715; x_wconf 89' lang='lat' dir='ltr'>sed</span> <span class='ocrx_word' id='word_1_296' title='bbox 2762 4655 2938 4716; x_wconf 89' lang='lat' dir='ltr'>recto</span> <span class='ocrx_word' id='word_1_297' title='bbox 2990 4653 3234 4735; x_wconf 89' lang='lat' dir='ltr'>ubique</span> <span class='ocrx_word' id='word_1_298' title='bbox 3285 4656 3547 4718; x_wconf 88' lang='lat' dir='ltr'>tramite</span> 
     </span>
     <span class='ocr_line' id='line_1_31' title="bbox 443 4740 3544 4842; baseline 0.001 -22"><span class='ocrx_word' id='word_1_299' title='bbox 443 4757 777 4838; x_wconf 81' lang='lat' dir='ltr'>incedens,</span> <span class='ocrx_word' id='word_1_300' title='bbox 828 4760 1024 4838; x_wconf 85' lang='lat' dir='ltr'>atque</span> <span class='ocrx_word' id='word_1_301' title='bbox 1071 4758 1153 4821; x_wconf 87' lang='lat' dir='ltr'>ab</span> <span class='ocrx_word' id='word_1_302' title='bbox 1201 4759 1382 4821; x_wconf 91' lang='lat' dir='ltr'>omni</span> <span class='ocrx_word' id='word_1_303' title='bbox 1437 4759 1599 4821; x_wconf 84' lang='lat' dir='ltr'>vitio</span> <span class='ocrx_word' id='word_1_304' title='bbox 1648 4758 2044 4838; x_wconf 88' lang='lat' dir='ltr'>scriptorum</span> <span class='ocrx_word' id='word_1_305' title='bbox 2096 4758 2371 4822; x_wconf 91' lang='lat' dir='ltr'>alienus.</span> <span class='ocrx_word' id='word_1_306' title='bbox 2413 4758 2696 4822; x_wconf 88' lang='lat' dir='ltr'>Proinde</span> <span class='ocrx_word' id='word_1_307' title='bbox 2742 4759 2963 4824; x_wconf 89' lang='lat' dir='ltr'>nullos</span> <span class='ocrx_word' id='word_1_308' title='bbox 3013 4740 3287 4841; x_wconf 84' lang='lat' dir='ltr'>requirit</span> <span class='ocrx_word' id='word_1_309' title='bbox 3332 4761 3544 4842; x_wconf 78' lang='lat' dir='ltr'>fucOS,</span> 
     </span>
     <span class='ocr_line' id='line_1_32' title="bbox 442 4865 3550 4949; baseline 0.001 -21"><span class='ocrx_word' id='word_1_310' title='bbox 442 4865 612 4928; x_wconf 86' lang='lat' dir='ltr'>nihil</span> <span class='ocrx_word' id='word_1_311' title='bbox 649 4865 848 4929; x_wconf 86' lang='lat' dir='ltr'>habet</span> <span class='ocrx_word' id='word_1_312' title='bbox 876 4866 1066 4947; x_wconf 87' lang='lat' dir='ltr'>cujus</span> <span class='ocrx_word' id='word_1_313' title='bbox 1101 4883 1223 4928; x_wconf 88' lang='lat' dir='ltr'>nos</span> <span class='ocrx_word' id='word_1_314' title='bbox 1260 4867 1596 4946; x_wconf 80' lang='lat' dir='ltr'>poeniteat,</span> <span class='ocrx_word' id='word_1_315' title='bbox 1630 4865 1807 4946; x_wconf 91' lang='lat' dir='ltr'>quod</span> <span class='ocrx_word' id='word_1_316' title='bbox 1841 4865 2009 4928; x_wconf 89' lang='lat' dir='ltr'>nolit</span> <span class='ocrx_word' id='word_1_317' title='bbox 2043 4866 2409 4947; x_wconf 90' lang='lat' dir='ltr'>patrocinio</span> <span class='ocrx_word' id='word_1_318' title='bbox 2448 4883 2568 4929; x_wconf 92' lang='lat' dir='ltr'>suo</span> <span class='ocrx_word' id='word_1_319' title='bbox 2607 4866 2841 4928; x_wconf 90' lang='lat' dir='ltr'>doctus</span> <span class='ocrx_word' id='word_1_320' title='bbox 2877 4867 3157 4947; x_wconf 88' lang='lat' dir='ltr'>quisque</span> <span class='ocrx_word' id='word_1_321' title='bbox 3196 4866 3422 4949; x_wconf 91' lang='lat' dir='ltr'>(modo</span> <span class='ocrx_word' id='word_1_322' title='bbox 3461 4870 3550 4932; x_wconf 91' lang='lat' dir='ltr'>sit</span> 
     </span>
     <span class='ocr_line' id='line_1_33' title="bbox 447 4971 3549 5056; baseline 0.001 -22"><span class='ocrx_word' id='word_1_323' title='bbox 447 4972 820 5036; x_wconf 85' lang='lat' dir='ltr'>christianae</span> <span class='ocrx_word' id='word_1_324' title='bbox 853 4973 1188 5054; x_wconf 84' lang='lat' dir='ltr'>religionis</span> <span class='ocrx_word' id='word_1_325' title='bbox 1225 4972 1508 5054; x_wconf 88' lang='lat' dir='ltr'>amator)</span> <span class='ocrx_word' id='word_1_326' title='bbox 1549 4973 1768 5052; x_wconf 89' lang='lat' dir='ltr'>tutari,</span> <span class='ocrx_word' id='word_1_327' title='bbox 1797 4973 2056 5053; x_wconf 91' lang='lat' dir='ltr'>quodve</span> <span class='ocrx_word' id='word_1_328' title='bbox 2087 4973 2576 5036; x_wconf 86' lang='lat' dir='ltr'>excusationem</span> <span class='ocrx_word' id='word_1_329' title='bbox 2606 4971 2938 5036; x_wconf 88' lang='lat' dir='ltr'>difficilem</span> <span class='ocrx_word' id='word_1_330' title='bbox 2967 4975 3225 5055; x_wconf 89' lang='lat' dir='ltr'>poscat;</span> <span class='ocrx_word' id='word_1_331' title='bbox 3256 4974 3549 5056; x_wconf 90' lang='lat' dir='ltr'>adeoque</span> 
     </span>
     <span class='ocr_line' id='line_1_34' title="bbox 449 5077 3551 5160; baseline 0.001 -20"><span class='ocrx_word' id='word_1_332' title='bbox 449 5077 554 5142; x_wconf 71' lang='lat' dir='ltr'>vel</span> <span class='ocrx_word' id='word_1_333' title='bbox 588 5078 808 5142; x_wconf 87' lang='lat' dir='ltr'>nudus</span> <span class='ocrx_word' id='word_1_334' title='bbox 845 5079 1208 5160; x_wconf 80' lang='lat' dir='ltr'>exposituS,</span> <span class='ocrx_word' id='word_1_335' title='bbox 1243 5097 1387 5142; x_wconf 89' lang='lat' dir='ltr'>sese</span> <span class='ocrx_word' id='word_1_336' title='bbox 1425 5079 1646 5160; x_wconf 91' lang='lat' dir='ltr'>ipsum</span> <span class='ocrx_word' id='word_1_337' title='bbox 1685 5079 1845 5141; x_wconf 88' lang='lat' dir='ltr'>satis</span> <span class='ocrx_word' id='word_1_338' title='bbox 1883 5078 2381 5142; x_wconf 88' lang='lat' dir='ltr'>commendarit.</span> <span class='ocrx_word' id='word_1_339' title='bbox 2424 5078 2835 5160; x_wconf 83' lang='lat' dir='ltr'>Quapropter</span> <span class='ocrx_word' id='word_1_340' title='bbox 2870 5079 3042 5142; x_wconf 90' lang='lat' dir='ltr'>bona</span> <span class='ocrx_word' id='word_1_341' title='bbox 3068 5081 3273 5143; x_wconf 88' lang='lat' dir='ltr'>animi</span> <span class='ocrx_word' id='word_1_342' title='bbox 3310 5081 3551 5144; x_wconf 88' lang='lat' dir='ltr'>fiducia</span> 
     </span>
     <span class='ocr_line' id='line_1_35' title="bbox 383 5148 3552 5269; baseline 0.001 -22"><span class='ocrx_word' id='word_1_343' title='bbox 383 5148 605 5255; x_wconf 35' lang='lat' dir='ltr'>§eum</span> <span class='ocrx_word' id='word_1_344' title='bbox 649 5184 862 5265; x_wconf 76' lang='lat' dir='ltr'>vobi8‚</span> <span class='ocrx_word' id='word_1_345' title='bbox 893 5187 1008 5266; x_wconf 87' lang='lat' dir='ltr'>qui</span> <span class='ocrx_word' id='word_1_346' title='bbox 1046 5203 1262 5249; x_wconf 89' lang='lat' dir='ltr'>arcem</span> <span class='ocrx_word' id='word_1_347' title='bbox 1301 5187 1538 5249; x_wconf 89' lang='lat' dir='ltr'>tenetis</span> <span class='ocrx_word' id='word_1_348' title='bbox 1577 5185 1792 5249; x_wconf 89' lang='lat' dir='ltr'>omnis</span> <span class='ocrx_word' id='word_1_349' title='bbox 1834 5204 2045 5266; x_wconf 90' lang='lat' dir='ltr'>quum</span> <span class='ocrx_word' id='word_1_350' title='bbox 2083 5185 2389 5248; x_wconf 86' lang='lat' dir='ltr'>humanae</span> <span class='ocrx_word' id='word_1_351' title='bbox 2436 5186 2581 5247; x_wconf 90' lang='lat' dir='ltr'>tum</span> <span class='ocrx_word' id='word_1_352' title='bbox 2618 5186 2859 5248; x_wconf 85' lang='lat' dir='ltr'>divinae</span> <span class='ocrx_word' id='word_1_353' title='bbox 2904 5186 3366 5268; x_wconf 64' lang='lat' dir='ltr'>philosophiae,</span> <span class='ocrx_word' id='word_1_354' title='bbox 3400 5203 3552 5269; x_wconf 90' lang='lat' dir='ltr'>pro-</span> 
     </span>
     <span class='ocr_line' id='line_1_36' title="bbox 359 5276 3551 5376; baseline 0.001 -23"><span class='ocrx_word' id='word_1_355' title='bbox 359 5276 766 5376; x_wconf 57' lang='lat' dir='ltr'>)Zhandum,</span> <span class='ocrx_word' id='word_1_356' title='bbox 797 5292 1138 5372; x_wconf 87' lang='lat' dir='ltr'>tuendum,</span> <span class='ocrx_word' id='word_1_357' title='bbox 1171 5293 1237 5356; x_wconf 90' lang='lat' dir='ltr'>et</span> <span class='ocrx_word' id='word_1_358' title='bbox 1265 5309 1466 5356; x_wconf 84' lang='lat' dir='ltr'>sacrae</span> <span class='ocrx_word' id='word_1_359' title='bbox 1495 5293 1842 5374; x_wconf 78' lang='lat' dir='ltr'>theologiae</span> <span class='ocrx_word' id='word_1_360' title='bbox 1882 5292 2201 5357; x_wconf 89' lang='lat' dir='ltr'>studiosis</span> <span class='ocrx_word' id='word_1_361' title='bbox 2237 5291 2607 5372; x_wconf 88' lang='lat' dir='ltr'>quibusque</span> <span class='ocrx_word' id='word_1_362' title='bbox 2644 5291 3178 5375; x_wconf 87' lang='lat' dir='ltr'>impertiendum,</span> <span class='ocrx_word' id='word_1_363' title='bbox 3211 5293 3551 5356; x_wconf 82' lang='lat' dir='ltr'>offem&#39;mus</span> 
     </span>
    </p>
   </div>
   <div class='ocr_carea' id='block_1_4' title="bbox 701 5427 3297 5484">
    <p class='ocr_par' dir='ltr' id='par_1_6' title="bbox 701 5427 3297 5484">
     <span class='ocr_line' id='line_1_37' title="bbox 701 5427 3297 5484; baseline 0.001 -3"><span class='ocrx_word' id='word_1_364' title='bbox 701 5427 767 5481; x_wconf 89' lang='grc' dir='ltr'>Τ.</span> <span class='ocrx_word' id='word_1_365' title='bbox 801 5427 884 5481; x_wconf 83' lang='grc'>21.</span> <span class='ocrx_word' id='word_1_366' title='bbox 3268 5431 3297 5484; x_wconf 91' lang='grc'><strong>1</strong></span> 
     </span>
    </p>
   </div>
  </div>
 </body>
</html>
