4334 6242
834 451 956 518 272

1486 472 1551 518 IN
1590 473 1811 519 Liar-uu
1854 474 1899 518 11
1940 472 2423 519 SENTENTMRUM.
2465 491 2545 500 —
2587 473 2738 519 ms'r.
2788 473 2893 536 1113
2937 472 3161 528 QuAEsT.
3204 472 3292 518 vu

835 642 1097 722 angelus
1149 660 1261 703 seu
1321 660 1500 703 mens
1561 643 1838 704 humana
1893 642 2193 723 intelligit.
2241 661 2330 716 se,
2363 643 2414 704 A
2525 644 2787 704 Videtur
2826 644 2994 725 quod
3037 662 3181 705 non.
3217 641 3446 714 PrimO,
3481 639 3630 722 quia
3671 645 3739 698 ut
3775 654 3950 698 asse-

837 741 921 802 sit
959 741 1017 800 ei
1058 738 1454 801 essentialior
1490 759 1680 822 quam
1722 740 1829 802 ille
1870 759 1997 822 quo
2038 740 2336 821 intelligit

838 839 1058 900 Deum.
1084 836 1178 898 Ad
1210 837 1378 919 quod
1411 838 1851 918 respondendo
1884 837 2081 899 multa
2112 838 2337 899 scribit

839 935 939 998 vel
999 935 1241 997 incerta
1299 934 1398 996 vel
1458 935 1785 996 communi
1844 935 2147 998 doctrinae
2181 953 2335 997 -non

839 1051 1132 1096 consona.
1186 1032 1429 1095 Idcirco
1487 1040 1891 1114 pertranse03
1943 1042 2003 1095 et
2060 1033 2337 1096 bre-viter

838 1130 1003 1206 dice,
1060 1131 1226 1212 quod
1280 1131 1343 1192 in
1392 1131 1567 1193 omni
1630 1140 1839 1193 mente
1891 1139 2099 1194 creata
2155 1140 2334 1193 actus

839 1229 1234 1310 intelligendi
1268 1229 1516 1291 realiter
1545 1229 1765 1290 differt
1793 1249 1830 1290 a
1862 1238 2071 1292 mente
2103 1247 2117 1292 ε
2152 1230 2336 1291 idcir-

840 1346 914 1392 co
959 1330 1023 1391 in
1069 1328 1246 1390 nulla
1292 1336 1469 1390 actus
1521 1328 1913 1409 intelligendi
1958 1329 2083 1390 dici
2128 1335 2338 1411 potest

838 1427 1216 1501 essentialis,
1250 1427 1433 1508 quasi
1464 1426 1887 1488 essentialiter
1925 1427 2093 1489 idem
2135 1426 2335 1488 menti

840 1527 1228 1607 hujusmodi.
1272 1526 1481 1588 Potest
1522 1533 1732 1588 tamen
1784 1526 1911 1587 dici
1956 1526 2334 1600 essentialiS,

842 1624 905 1686 id
958 1633 1054 1686 est
1112 1624 1418 1686 naturalis
1475 1631 1663 1705 atque
1724 1625 2064 1686 essentiam
2122 1623 2337 1686 statim

842 1723 1298 1795 concomitanS,
1340 1722 1633 1804 quamvis
1684 1739 1811 1784 non
1861 1722 2101 1804 absque
2154 1723 2341 1783 inter-

843 1821 1051 1883 media
1096 1820 1482 1882 intellectiva
1527 1821 1826 1902 potentia.

941 1919 1005 1981 Si
1069 1926 1279 1980 autem
1348 1925 1687 1999 quaeratur,
1745 1937 1824 1980 an
1892 1937 2071 1979 mcns
2135 1925 2350 1996 creata,

843 2017 1020 2099 prius
1070 2016 1379 2097 intelligat
1427 2035 1494 2078 se
1543 2036 1624 2078 an
1674 2017 1921 2094 Deum3
1973 2024 2218 2078 constat
2265 2015 2342 2076 de

843 2115 1171 2177 intellectu
1216 2114 1516 2188 humanu,
1552 2115 1720 2196 quod
1764 2114 1905 2195 ejus
1950 2114 2227 2196 cognitio
2265 2131 2343 2174 ex

845 2213 1153 2275 creaturis
1209 2213 1287 2274 ad
1349 2213 1707 2276 Creatorem
1764 2213 2081 2287 ascendat,
2144 2220 2207 2273 et
2262 2210 2342 2272 ab

844 2311 1410 2374 universalioribus
1449 2311 1526 2373 ad
1570 2310 2049 2392 particulariora
2088 2310 2343 2372 descen-

842 2412 969 2484 dat,
1003 2429 1039 2470 a
1078 2409 1492 2472 sensibilibus
1532 2427 1787 2490 quoque
1826 2410 1903 2470 ad
1944 2415 2231 2489 separata
2269 2425 2342 2468 ac

844 2508 1060 2570 divina
1100 2508 1557 2591 progrediatur.
1594 2507 1670 2569 Et
1700 2507 1993 2589 quamvis
2032 2507 2342 2569 Henricus

843 2607 1221 2680 Quodlibeto
1258 2606 1485 2668 ultimo
1524 2614 1587 2668 et
1629 2606 1694 2667 in
1736 2607 1997 2668 Summa
2034 2603 2338 2678 affirmet,

843 2704 1012 2786 quod
1062 2703 1421 2765 intellectus
1464 2722 1717 2785 quoque
1766 2703 2089 2785 angelicus
2133 2703 2344 2784 primo

846 2800 1157 2882 intelligat
1196 2801 1551 2864 universale
1593 2801 1833 2864 directo
1872 2821 1945 2862 ac
1987 2800 2200 2863 lineali
2240 2800 2345 2861 ad-

845 2907 1089 2981 spectu,
1109 2899 1489 2980 particulare
1520 2916 1692 2973 vero,
1711 2899 1846 2961 sive
1878 2919 1967 2972 se,
1988 2900 2122 2961 sive
2152 2897 2345 2980 quod-

2445 741 2527 803 rit
2572 741 2917 814 Avicenna,
2969 749 3194 802 natura
3252 747 3461 801 creata
3505 757 3584 799 ex
3637 755 3704 798 se
3753 753 3950 798 avara

2445 846 2562 912 est,
2597 845 2660 900 et
2698 839 2930 920 cupida
2974 838 3217 921 proprii
3260 835 3600 900 commodi.
3635 833 3748 897 Cui
3794 851 3950 894 con-

2447 944 2625 999 sonat
2673 937 2842 1019 quod
2901 945 3156 999 sanctus
3205 943 3474 998 testatur
3517 933 3876 996 Bernardus
3931 951 3947 993 :

2446 1035 2679 1097 Natura
2728 1055 2982 1117 semper
3029 1035 3096 1096 in
3145 1054 3213 1096 se
3261 1052 3455 1096 curva
3500 1039 3615 1094 est.
3659 1031 3837 1093 Unde
3887 1037 3956 1091 et

2449 1152 2667 1196 rursus
2719 1134 2783 1194 in
2833 1134 3258 1216 Metaphysica
3306 1150 3420 1194 sua
3473 1130 3754 1212 loquitur
3799 1127 3955 1190 Avi·

2447 1250 2648 1293 cenna
2684 1251 2697 1294 :
2731 1231 2980 1296 Nullius
3023 1239 3262 1294 naturae
3302 1231 3468 1292 actio
3507 1247 3679 1291 mere
3717 1226 3952 1288 libera-

2449 1327 2526 1390 lis
2575 1337 2692 1404 est,
2745 1328 2868 1392 nisi
2919 1328 3116 1391 solius
3166 1330 3314 1409 Dei3
3363 1345 3620 1391 omnem
3669 1343 3954 1406 namque

2447 1428 2708 1490 alterius
2756 1429 3070 1490 actionem
3129 1427 3419 1509 sequitur
3475 1425 3730 1507 aliquod
3778 1441 3958 1485 com-

2451 1525 2709 1589 modum
2741 1526 3002 1606 agentis.
3020 1525 3286 1588 Dilectio
3313 1532 3524 1586 autem
3556 1542 3683 1605 qua
3709 1529 3958 1584 creatu-

2451 1644 2519 1687 ra
2558 1623 2768 1705 diligit
2800 1625 2998 1686 Deum
3041 1631 3300 1705 propter
3339 1623 3684 1704 ipsummet
3717 1621 3949 1692 Deum,

2450 1740 2578 1784 non
2637 1722 2839 1784 fertur
2885 1723 2962 1783 ad
3023 1723 3354 1803 proprium
3405 1719 3833 1782 commodum.
3867 1753 3954 1764 —-

2376 1827 2424 1890 B
2453 1820 2762 1893 Secundo,
2789 1820 3234 1882 intellectualis
3265 1827 3550 1881 creatura
3578 1817 3958 1878 naturaliter

2450 1919 2694 2000 appetit
2733 1937 2912 1980 suam
2957 1917 3351 1992 felicitatem,
3387 1937 3528 1999 quae
3570 1924 3666 1978 est
3707 1916 3958 1997 optima

2452 2017 2736 2098 operatio
2763 2017 2927 2097 ejuS,
2961 2025 3024 2078 et
3052 2017 3130 2078 ad
3161 2035 3298 2078 eam
3339 2014 3534 2078 refert
3563 2022 3770 2077 cetera
3807 2014 3960 2074 uni-

2454 2135 2634 2179 versa
2680 2135 2694 2178 :
2737 2134 2886 2197 ergo
2935 2123 3000 2178 et
3047 2117 3266 2178 Deum.
3301 2151 3381 2160 —
3418 2114 3648 2186 Tertio,
3686 2112 3956 2192 diligere

2453 2215 2654 2276 Deum
2698 2213 2778 2276 ob
2823 2233 3002 2276 suam
3051 2213 3371 2296 propriam
3417 2211 3786 2283 bonitatem,
3819 2227 3956 2272 non

2454 2312 2690 2373 intuitu
2740 2311 3008 2392 praemii,
3062 2311 3539 2400 videtur-actus
3588 2308 3960 2391 praecipuus

2454 2410 2731 2471 caritatis
2767 2429 2780 2473 :
2816 2427 2945 2471 non
2984 2427 3133 2490 ergo
3172 2418 3269 2470 est
3305 2415 3484 2470 actus
3525 2407 3829 2469 naturalis
3861 2407 3962 2469 di-

2456 2508 2764 2569 lectioniS.

2534 2606 2603 2667 In
2662 2606 3024 2688 oppositum
3083 2613 3200 2680 cst,
3252 2605 3422 2687 quod
3480 2604 3730 2666 nullum
3792 2622 3962 2685 pure

2455 2704 2739 2765 naturale
2770 2712 2865 2765 est
2895 2703 3234 2782 vitiosum3
3272 2703 3383 2765 sed
3412 2702 3675 2783 diligere
3707 2719 3772 2762 se
3802 2701 3962 2782 plus

2454 2821 2646 2883 quam
2690 2803 2913 2875 Deum,
2947 2809 3042 2864 est
3086 2800 3538 2874 inordinatum,
3581 2819 3963 2882 perversum

2454 2909 2516 2960 et
2548 2900 2850 2963 vitiosum
2886 2916 2900 2960 :
2936 2918 3061 2963 non
3101 2917 3250 2980 ergo
3289 2907 3386 2960 est
3423 2906 3602 2960 actus
3646 2897 3964 2960 naturalis

845 3015 1119 3079 cumque
1175 2997 1371 3072 aliud,
1424 2998 1797 3060 secundario
1856 3016 1927 3060 ac
1986 2995 2224 3059 reflexe
2281 3003 2424 3068 etc
2454 2998 2836 3071 dilectioniS,
2871 2999 2980 3060 sed
3027 2998 3385 3060 libidinosae
3425 2996 3806 3059 affectionis.

845 3095 1027 3177 quasi
1065 3094 1360 3177 oblique;
1401 3095 1509 3157 alii
1552 3103 1763 3159 tamen
1809 3094 2204 3177 probabilius
2247 3099 2343 3154 tu-

845 3200 1032 3254 entur
1067 3211 1142 3254 ac
1176 3201 1393 3255 tenent
1430 3193 1815 3275 oppositum.
1851 3192 1988 3254 Non
2029 3192 2202 3253 enim
2240 3210 2347 3252 an-

845 3290 1025 3371 gelus
1074 3291 1240 3352 sicut
1281 3291 1493 3364 homo,
1536 3290 1835 3371 intelligit
1881 3289 2342 3368 abstrahend03

846 3388 1197 3470 eodemque
1246 3397 1391 3450 actu
1441 3395 1648 3470 potest
1698 3386 2053 3449 universale
2101 3393 2165 3447 et
2209 3405 2347 3467 par-

848 3486 1113 3548 ticulare
1144 3486 1367 3548 saltem
1398 3485 1654 3568 aliquod
1694 3485 2065 3565 intelligere.
2104 3485 2178 3546 Et
2211 3485 2345 3567 ipse

848 3603 965 3666 per
994 3603 1171 3646 suam
1202 3584 1545 3646 essentiam
1578 3583 1876 3664 intelligit
1904 3602 1971 3645 se
2003 3583 2264 3657 directe,
2284 3589 2346 3644 et

848 3701 926 3744 ex
947 3680 1041 3743 sui
1064 3681 1286 3743 notitia
1306 3681 1661 3743 Creatorem
1682 3680 2009 3760 cognoscit,
2024 3699 2212 3762 quem
2234 3697 2348 3761 per

852 3799 1031 3842 suam
1066 3779 1417 3860 angelicam
1454 3780 1793 3842 essent-iam
1826 3779 2180 3859 intelligere
2211 3798 2349 3860 per-

850 3876 1126 3951 hibetur,
1140 3895 1265 3939 non
1299 3877 1436 3938 sine
1468 3877 1847 3938 intermedio
1874 3884 2017 3938 actu
2050 3895 2180 3938 suae
2210 3893 2350 3958 pro-

851 3976 1009 4059 priae
1036 3975 1377 4057 agnitionis
1404 3993 1417 4037 :
1446 3975 1665 4057 sicque
1699 3975 2051 4056 intelligere
2082 3994 2169 4047 se,
2207 3993 2351 4037 con-

850 4074 1028 4138 venit
1057 4074 1179 4136 sibi
1210 4093 1326 4156 per
1358 4074 1569 4156 prius3
1596 4074 1706 4136 sed
1740 4073 2091 4154 intelligere
2123 4075 2346 4147 Deum,

2533 3194 2625 3256 Ad
2672 3195 2792 3256 hoc
2833 3193 3368 3256 Antisiodorensis
3409 3193 3472 3254 in
3515 3193 3776 3254 Summa
3814 3209 3961 3263 sua,

2458 3292 2620 3354 libro
2669 3292 2970 3366 secund0,
3012 3293 3352 3374 respondet
3395 3309 3409 3353 :
3452 3290 3730 3370 Angelus
3777 3297 3967 3350 natu—

2456 3390 2571 3452 rali
2618 3389 2958 3451 dilectione
3011 3389 3210 3470 magis
3267 3387 3572 3469 diligebat
3620 3406 3688 3448 se
3736 3387 3960 3468 ipsum

2455 3507 2647 3570 quam
2688 3488 2908 3549 Deum.
2944 3488 3071 3550 Nec
3111 3487 3420 3569 sequitur,
3454 3503 3604 3566 ergo
3641 3485 3960 3568 peccavit,

2457 3592 2716 3668 propter
2777 3584 3093 3647 fallaciam
3157 3585 3623 3666 consequentis.
3686 3583 3964 3646 Dilectio

2457 3702 2732 3765 namque
2775 3703 2901 3766 qua
2951 3684 3094 3765 quis
3143 3683 3353 3764 diligit
3395 3701 3461 3744 se
3512 3682 3712 3762 magis
3760 3700 3962 3763 quam

2458 3783 2682 3856 Deum,
2735 3782 3077 3864 dupliciter
3134 3781 3326 3843 habet
3385 3801 3472 3842 se.
3523 3781 3733 3843 Primo
3791 3780 3968 3842 sicut

2460 3879 2679 3955 libido,
2724 3880 2811 3941 ita
2851 3880 3020 3962 quod
3063 3880 3190 3941 frui
3238 3879 3376 3941 vult
3419 3887 3704 3940 creatura
3737 3895 3752 3940 ε
3786 3879 3966 3960 quod

2458 3987 2554 4042 est
2594 3979 2857 4042 mortale
2902 3987 3255 4060 peccatum.
3293 3977 3368 4039 Et
3409 3977 3528 4040 ista
3565 3977 3824 4040 dilectio
3861 3984 3970 4039 est

2461 4077 2856 4139 innaturalis.
2883 4077 3194 4150 Secundo,
3220 4076 3308 4138 ita
3337 4094 3403 4138 se
3434 4076 3621 4138 habet
3653 4075 3966 4138 naturalis

852 4173 1271 4257 principalius
1300 4182 1489 4255 atque
1519 4173 1799 4235 finalius.
1828 4173 1903 4234 Et
1935 4172 2102 4234 istud
2133 4173 2211 4234 de
2242 4192 2349 4234 na·
2381 4181 2430 4243 D
2461 4175 2738 4248 dilectio,
2773 4175 2941 4256 quod
2983 4193 3096 4256 per
3125 4194 3265 4236 eam
3307 4193 3488 4237 mens
3529 4172 3738 4254 diligit
3776 4191 3966 4236 suam

853 4273 1036 4336 turali
1063 4272 1492 4335 intellectione
1516 4271 1720 4353 augeli
1746 4271 1905 4334 dico.
1922 4271 2009 4333 De
2033 4281 2179 4333 actu
2204 4289 2352 4334 vero

856 4371 1253 4452 intelligendi
1286 4378 1684 4454 competente
1714 4371 1770 4432 ei
1806 4389 1921 4453 per
1945 4370 2108 4433 dona
2136 4370 2352 4451 gratiae

856 4481 965 4536 aut
1002 4472 1240 4554 gloriae‚
1274 4470 1522 4533 acutius
1563 4470 1962 4534 considerare
2003 4476 2286 4532 restaret.

1260 4741 1735 4826 QUAES'r-IO
1802 4741 1956 4807 v11

982 4969 1236 5057 Eptimo
1266 4969 1705 5056 principaliter
1729 4971 2193 5052 quaeritur‚An
2223 4983 2358 5036 an.

2463 4273 2800 4336 utilitatem
2832 4281 2894 4335 et
2925 4273 3490 4336 conservationem.
3524 4271 3652 4335 Nec
3691 4279 3788 4334 est
3816 4289 3967 4353 pec-

2463 4380 2696 4446 catum,
2731 4373 2784 4434 si
2825 4372 2934 4434 tali
2975 4372 3314 4434 dilectione
3358 4371 3629 4435 naturali
3671 4379 3965 4434 creatura

2464 4472 2608 4554 plus
2639 4471 2860 4551 diligat
2889 4489 2956 4533 se
2988 4489 3178 4553 quam
3211 4472 3410 4533 Deum
3448 4487 3462 4532 ε
3497 4469 3798 4552 quoniam
3829 4486 3966 4531 non

2464 4579 2559 4633 est
2597 4571 2813 4632 datum
2853 4570 2911 4632 ei
2954 4570 3196 4652 aliquid
3243 4569 3613 4631 naturaliter
3650 4586 3780 4651 quo
3821 4568 3970 4630 dili-

2463 4677 2568 4751 gat
2597 4671 2795 4732 Deum
2837 4670 2982 4751 plus
3012 4688 3204 4751 quam
3237 4689 3324 4744 se,
3359 4688 3476 4732 nec
3510 4687 3622 4751 per
3651 4686 3719 4730 se
3755 4668 3966 4749 ipsam

2459 4769 2586 4830 hoc
2633 4775 2857 4848 pot-est.

2546 4866 2666 4928 Sed
2727 4874 2966 4941 contra,
3017 4865 3280 4946 angelus
3338 4863 3708 4927 naturaliter
3758 4864 3966 4926 Deum

2468 4967 2762 5048 cognovit
2804 4974 2867 5028 et
2907 4965 3107 5027 voluit.
3141 4983 3153 5027 :
3189 4982 3339 5044 ergo
3379 4963 3652 5025 maxime
3694 4963 3968 5024 delecta—

998 5075 1231 5154 gelus
1260 5073 1687 5140 dilectione
1718 5069 2069 5138 naturali
2099 5070 2358 5146 magis
2469 5065 2657 5126 batur
2698 5065 2764 5125 in
2809 5065 2970 5145 ipso,
3003 5063 3301 5124 videlicet
3349 5061 3493 5144 plus
3540 5079 3732 5142 quam
3777 5060 3844 5122 in
3895 5079 3966 5122 se

860 5173 1238 5240 dilexerit
1266 5173 1518 5239 Deum
1556 5185 1793 5252 quam
1832 5184 1917 5237 Se
1956 5170 2246 5249 ipsum,
2278 5169 2361 5233 et
2470 5165 2630 5246 ipsu,
2675 5163 2976 5244 quoniam
3023 5160 3285 5242 angelus
3335 5159 3560 5222 habuit
3601 5159 3808 5222 cordis
3859 5179 3970 5241 pa-

860 5272 1265 5354 prox1mos
1303 5285 1489 5338 suos
1529 5270 1739 5336 sicut
1778 5282 1862 5335 se
1903 5269 2192 5348 ipsum.

2473 5262 2670 5324 latum
2713 5279 2841 5324 non
2877 5258 3206 5322 infectum.
3242 5257 3408 5321 Deus
3439 5275 3692 5340 quoque
3731 5275 3808 5320 ex
3849 5277 3968 5322 sua
