4334 6242
895 479 1015 547 394

1565 504 1630 550 IN
1669 503 1892 549 Limum
1932 503 1976 547 11
2018 501 2500 547 SENTENTIARUM.
2546 518 2626 528 -·
2666 502 2819 547 msr.
2856 500 2982 563 V113
3026 500 3249 555 QUAEST.
3292 504 3338 549 11

893 674 1183 736 videnda.
1219 674 1496 737 Primum
1544 682 1659 749 est,
1693 678 1860 739 unde
1905 677 2239 739 conveniat
2280 676 2391 738 ali·
2418 670 2471 733 A
2500 672 2716 734 silium
2768 692 3040 755 sequens
3083 676 3159 737 de
3202 675 3414 757 aliquo
3457 675 3821 756 particulari
3866 672 3995 756 agi-

893 776 994 837 cui
1047 777 1215 858 quod
1267 795 1528 858 peccare
1579 795 1705 839 non
1756 776 1974 858 possit.
2024 776 2388 838 Secundum

890 882 1007 948 est,
1040 895 1119 937 an
1165 877 1276 938 illa
1317 895 1506 939 causa
1547 877 1898 958 reperiatur
1943 876 2005 938 in
2051 876 2276 937 Beatis.

970 975 1286 1049 Quantum
1322 975 1400 1036 ad
1443 977 1719 1057 primum
1754 976 1918 1049 dic0,
1955 975 2121 1055 quod
2153 993 2231 1035 ex
2268 974 2387 1035 hoc

889 1076 1181 1155 provenit.
1215 1084 1544 1156 peccatum
1577 1077 1640 1137 in
1673 1076 2003 1147 electione,
2029 1076 2198 1157 quod
2230 1094 2386 1155 prae-

888 1171 1054 1234 cedit
1103 1172 1335 1254 aliquis
1385 1173 1670 1235 defectus
1729 1174 1792 1235 in
1853 1174 2094 1236 ratione
2147 1191 2161 1235 :
2217 1173 2386 1235 defe-

887 1277 1048 1342 ctus,
1095 1272 1377 1352 inquam,
1424 1273 1677 1345 erroriS,
1719 1274 1817 1335 vel
1865 1271 2249 1345 nescientiae‚
2284 1272 2384 1333 vel

886 1368 1498 1432 inconsiderationis.
1535 1370 1611 1431 Et
1653 1370 1762 1431 nbi
1815 1389 1941 1433 non
1991 1378 2198 1451 potest
2246 1388 2383 1431 esse

885 1467 1170 1529 defectus
1203 1469 1268 1529 in
1300 1468 1756 1542 ratione,nullo
1789 1470 1977 1532 modo
2007 1476 2216 1550 potest
2244 1487 2382 1529 esse

885 1566 1170 1628 defectus
1210 1568 1273 1628 in
1319 1567 1646 1629 electione.
1683 1568 1856 1641 Quod
1903 1575 2075 1649 patet
2118 1567 2384 1647 triplici-

885 1673 998 1725 ter.
1043 1666 1271 1737 Prim0‚
1320 1666 1470 1746 quia
1517 1666 1810 1727 voluntas
1863 1685 2188 1746 nunquam
2241 1684 2383 1746 pec-

885 1772 986 1825 cat
1031 1764 1153 1826 nisi
1203 1764 1494 1844 eligendo
1555 1765 1814 1832 malum,
1865 1774 1972 1825 aut
2023 1765 2382 1847 respuendo

2498 772 2633 834 bili.
2672 774 2760 835 Ex
2804 774 2903 836 his
2954 776 3037 837 ita
3081 776 3412 856 arguitur:
3446 777 3993 851 Quemadmodum

2498 890 2565 933 se
2609 872 2801 934 habet
2844 874 3090 955 primus
3138 881 3317 937 actus
3360 876 3705 938 voluntatis
3747 877 3825 938 ad
3868 877 3994 957 pri-

2500 990 2677 1033 mum
2720 981 2935 1034 actum
2981 975 3263 1047 rationiS‚
3303 975 3387 1036 ita
3426 976 3745 1037 secundus
3787 976 3863 1038 ad
3904 994 3997 1037 se-

2498 1072 2799 1133 cundum.
2837 1072 2955 1134 Sed
2988 1074 3234 1153 primus
3271 1082 3449 1137 actus
3480 1075 3827 1137 voluntatis
3866 1092 3993 1136 non

2497 1178 2704 1250 potest
2752 1189 2891 1233 esse
2936 1171 3224 1245 vitiosuS,
3260 1173 3563 1254 quoniam
3608 1173 3859 1255 primus
3898 1192 3997 1235 ae-

2496 1276 2597 1329 tus
2648 1268 2909 1331 rationis
2960 1288 3087 1332 non
3137 1279 3344 1351 potest
3382 1290 3520 1333 esse
3564 1271 3991 1334 defectuosus.

2494 1366 2658 1447 Ergo
2708 1369 3025 1431 secundus
3078 1377 3258 1431 actus
3307 1371 3651 1432 voluntatis
3699 1369 3997 1451 eligentis

2492 1466 2733 1547 aliquid
2778 1474 2919 1547 post
2964 1468 3303 1530 consilium
3344 1477 3405 1531 et
3444 1468 3992 1541 deliberationem,

2494 1565 2717 1645 nequit
2762 1565 3030 1628 vitiosus
3080 1567 3448 1635 consistere,
3500 1567 3622 1629 nisi
3672 1567 3995 1629 secundus

2492 1670 2670 1724 actus
2720 1663 3003 1737 rationiS,
3046 1665 3156 1745 qui
3202 1673 3299 1727 est
3340 1665 3692 1727 deliberare
3740 1673 3807 1726 et
3848 1682 3996 1727 con-

2493 1759 2714 1831 siliari,
2740 1760 3005 1823 vitiosus
3036 1762 3297 1824 exsistat
3327 1763 3679 1825 secundum
3708 1763 3993 1844 aliquem

884 1861 1147 1934 bonum,
1182 1870 1288 1923 aut
1321 1861 1714 1943 praeferendo
1745 1862 1957 1923 minus
1999 1862 2239 1924 bonum
2271 1860 2379 1923 bo·
2419 1858 2464 1919 B
2496 1859 2939 1939 praedictorum
2989 1860 3376 1923 defectuum.

885 1978 966 2021 no
999 1960 1242 2039 majori.
1271 1961 1390 2023 Sed
1424 1960 1671 2022 nullum
1707 1960 1974 2022 istorum
2005 1967 2213 2041 potest
2242 1978 2381 2021 esse

885 2059 948 2120 in
999 2058 1322 2121 voluntate
1373 2059 1494 2121 nisi
1557 2060 1952 2140 praecedente
2011 2059 2227 2140 aliquo
2276 2058 2379 2119 de-

883 2157 1168 2219 fectuum
1213 2165 1650 2239 praetactorum
1687 2158 1751 2219 in
1782 2158 2042 2219 ratione.
2079 2157 2379 2219 Voluntas

882 2257 1054 2319 enim
1099 2256 1188 2317 nil
1229 2256 1407 2337 eligit
1450 2256 1571 2318 nisi
1614 2256 1732 2319 sub
1775 2257 2015 2318 ratione
2054 2256 2229 2327 boni,
2264 2274 2380 2317 nec

883 2354 1116 2416 refutat
1159 2354 1283 2416 nisi
1327 2356 1678 2417 secundum
1724 2355 1892 2436 quod
1943 2362 2207 2437 apparet
2252 2374 2379 2415 ma-

884 2453 1038 2514 lum.
1082 2452 1323 2514 Idcirco
1371 2470 1498 2514 non
1551 2460 1757 2533 potest
1805 2452 2097 2513 voluntas
2145 2451 2379 2531 eligere

885 2552 1121 2613 malum
1155 2551 1510 2613 refutareve
1543 2550 1805 2622 bonum,
1841 2551 1962 2613 nisi
2001 2551 2238 2611 malum
2270 2569 2378 2632 ap-

883 2656 1100 2730 pareat
1146 2649 1408 2721 bonum,
1459 2657 1568 2710 aut
1615 2648 1854 2711 bonum
1906 2656 2205 2729 appareat
2254 2668 2380 2711 ma-

885 2747 1052 2811 lum:
1075 2765 1346 2828 quorum
1375 2756 1715 2828 utrumqne
1748 2746 2056 2827 contingit
2085 2766 2160 2808 ex
2194 2747 2379 2808 ratio-

883 2845 983 2907 nis
1015 2864 1226 2908 errore
1255 2865 1367 2907 seu
1401 2845 2073 2907 inconsideratione.—
2089 2845 2380 2907 Secundo

883 2952 1052 3024 patet
1097 2944 1214 3006 hoc
1259 2943 1350 3005 sic
1386 2944 1610 3006 :Sicut
1655 2964 1720 3005 se
1765 2943 1956 3005 habet
1997 2943 2253 3004 habit-us
2301 2944 2377 3004 ad

2584 1958 2672 2019 Ex
2730 1958 2967 2039 quibus
3027 1967 3198 2040 patet
3254 1961 3631 2034 secundum,
3692 1961 3995 2023 videlicet

2493 2056 2661 2136 quod
2708 2056 2879 2118 Beati
2926 2075 3051 2119 non
3097 2058 3311 2119 valent
3359 2078 3642 2139 peccare,
3676 2078 3877 2141 quum
3925 2060 3989 2121 in

2494 2151 2651 2233 ipsis
2690 2173 2827 2216 esse
2868 2172 2991 2216 non
3035 2155 3234 2235 possit
3268 2157 3527 2219 rationis
3556 2156 3843 2220 defectus
3882 2166 3989 2219 aut

2492 2270 2685 2313 error.
2724 2288 2805 2297 —
2842 2253 2985 2315 Haec
3028 2254 3381 2316 Durandns.

2572 2349 2806 2411 Verum
2836 2350 3145 2413 Henricus
3175 2351 3550 2424 Quodlibeto
3580 2353 3788 2433 primo
3820 2354 3993 2415 circa

2492 2447 2611 2507 hoc
2641 2447 2824 2509 aliter
2855 2450 3134 2511 sentiens
3160 2467 3173 2511 :
3198 2450 3730 2530 Distinguendum
3760 2460 3879 2525 est,
3904 2452 3995 2513 in·

2493 2546 2651 2625 quit,
2686 2546 2763 2607 de
2797 2547 3149 2625 ignorantia
3190 2548 3449 2610 rationis
3479 2556 3542 2611 et
3571 2550 3993 2613 deordinatio-

2493 2664 2571 2707 nc
2612 2646 2957 2708 voluntatis
3001 2656 3189 2728 prout
3230 2647 3488 2709 fuerunt
3525 2649 3589 2710 in
3630 2650 3841 2730 primo
3886 2651 3995 2713 ho-

2496 2743 2666 2805 mine
2707 2764 2783 2805 ex
2826 2744 3033 2825 primo
3071 2754 3351 2827 peccato,
3385 2755 3449 2807 et.
3479 2756 3667 2827 prout
3697 2748 3761 2809 in
3805 2748 3991 2811 nobis

2492 2850 2660 2904 sunt.
2712 2842 2869 2903 Nam
2927 2843 3136 2923 primo
3194 2844 3382 2906 modo
3427 2844 3715 2906 absolute
3772 2846 3989 2909 dicen-

2492 2939 2668 3014 dum,
2694 2940 2861 3020 quod
2894 2941 3286 3003 deordinatio
3316 2942 3661 3004 voluntatis
3692 2943 3817 3005 fuit
3848 2963 3992 3007 cau-

884 3042 1197 3115 habitum,
1233 3040 1318 3103 ita
1364 3050 1542 3103 actus
1584 3042 1660 3102 ad
1710 3048 1944 3103 actum.
1980 3042 2099 3103 Sed
2147 3041 2380 3121 impos·
2420 3036 2463 3099 C
2494 3058 2563 3100 sa
2591 3039 2823 3100 erroris
2861 3039 2925 3100 in
2957 3041 3216 3101 ratione.
3250 3040 3673 3102 Nescientiam
3712 3061 3990 3125 namque

884 3139 1072 3202 sibile
1111 3148 1206 3201 est
1250 3159 1387 3202 esse
1429 3141 1719 3202 habitum
1759 3140 2037 3221 aliquem
2078 3140 2380 3201 vitiosum

887 3238 953 3300 in
983 3239 1306 3301 voluntate
1347 3257 1493 3299 cum
1537 3238 1820 3319 perfecto
1859 3238 2078 3299 habitu
2122 3236 2383 3299 rationis

889 3337 1200 3417 practicae.
1236 3337 1576 3398 Prudentia
1620 3356 1917 3418 namque,
1960 3356 2102 3418 quae
2142 3344 2239 3397 est
2280 3336 2385 3396 ha-

887 3435 1058 3497 bitus
1093 3435 1378 3521 ,rationis
1439 3436 1754 3517 practicae,
1816 3435 2087 3515 coexigit
2143 3441 2383 3495 ceteras

888 3534 1154 3595 virtutes
1200 3533 1492 3606 moraleS,
1528 3552 1668 3615 quae
1707 3540 1768 3594 et
1809 3540 2275 3595 connectuntur
2318 3532 2381 3593 in

887 3650 981 3703 ea,
1015 3650 1131 3693 nec
1173 3650 1318 3692 curn
1365 3631 1502 3712 ipsa
1545 3637 1751 3711 potest
1791 3638 1956 3693 stare
1998 3630 2253 3691 habitus
2296 3630 2385 3690 vi-

887 3728 1108 3801 tiosus,
1142 3730 1492 3790 secundum
1538 3728 2010 3809 Philosophum.
2049 3728 2213 3807 Ergo
2256 3744 2383 3789 non

891 3834 1096 3907 potest
1139 3826 1200 3887 in
1246 3826 1570 3887 voluntate
1614 3844 1752 3887 esse
1794 3834 1972 3887 actus
2019 3824 2254 3905 aliquis
2296 3824 2386 3885 vi-

891 3924 1109 3995 tiosuS,
1145 3924 1267 3985 nisi
1313 3924 1377 3984 in
1428 3924 1668 3985 ratione
1711 3923 1792 3984 sit
1841 3930 2018 3984 actus
2063 3922 2383 3984 defectuo-

887 4042 1014 4084 sus.
1057 4058 1138 4067 —
1184 4022 1392 4083 Tertio
1443 4029 1612 4103 patet
1661 4022 1780 4083 hoc
1831 4021 1922 4081 sic
1967 4038 1980 4081 :
2027 4020 2229 4093 Quum
2282 4038 2386 4082 vo-

888 4120 1096 4181 luntas
1129 4128 1431 4201 sequatur
1463 4119 1806 4201 practicam
1840 4119 2173 4191 rationem,
2207 4124 2384 4179 actus

2495 3137 2701 3219 potuit
2749 3138 2997 3217 primus
3055 3138 3244 3200 homo
3292 3139 3525 3201 habere
3580 3147 3725 3202 ante
3774 3160 3995 3221 pecca-

2492 3243 2652 3306 tum,
2694 3235 2859 3296 sicut
2908 3244 2971 3297 et
3020 3237 3318 3317 angelus;
3364 3255 3493 3298 non
3543 3237 3989 3317 ignorantiam,

2493 3351 2691 3414 quum
2748 3333 3099 3414 ignorantia
3145 3335 3225 3395 sit
3271 3352 3459 3415 poena
3506 3336 3770 3416 peccati.
3804 3373 3888 3382 -
3926 3339 3991 3401 Si

2493 3448 2643 3491 vero
2688 3430 3023 3512 loquamur
3060 3432 3141 3493 de
3184 3432 3284 3493 his
3328 3433 3610 3494 secundo
3652 3435 3863 3507 mod0,
3902 3436 3994 3497 vi-

2493 3528 2723 3589 delicet
2753 3536 2940 3610 prout
2970 3529 3035 3590 in
3067 3529 3251 3591 nobis
3282 3538 3445 3603 sunt,
3460 3530 3787 3593 sciendum
3820 3534 3990 3615 quod

2493 3644 2669 3688 error
2706 3646 2819 3688 seu
2860 3626 3213 3706 ignorant-ia
3254 3627 3516 3689 rationis
3556 3628 3623 3690 in
3666 3630 3855 3693 nobis
3896 3638 3993 3692 est

2494 3722 2765 3804 duplex3
2817 3724 3113 3786 similiter
3169 3725 3562 3788 deordinatio
3620 3727 3986 3791 voluntatis.

2494 3820 2787 3894 Quaedam
2830 3829 2924 3881 est
2965 3828 3208 3882 tantum
3252 3823 3543 3903 poenalis‚
3577 3826 3867 3905 quaedam
3902 3827 3993 3887 vi·

2495 3918 2670 3980 tiosa.
2723 3919 2991 3981 Poenalis
3051 3919 3403 3998 ignorantia
3460 3930 3555 3983 est
3604 3942 3745 4003 quae
3802 3924 3991 3987 nobis

2494 4016 2741 4078 inflicta
2770 4024 2865 4079 est
2896 4036 2971 4079 ex
3002 4026 3263 4098 peccato
3302 4018 3592 4099 originali
3625 4021 3988 4101 dumtaxat3

2493 4124 2556 4177 et
2604 4115 2771 4177 idem
2829 4115 3171 4178 dicendum
3230 4117 3306 4177 de
3354 4117 3833 4181 deordinatione
3886 4140 3993 4182 vo-

4031 2468 4177 2520 qmt.
4196 2467 4251 2506 ιῗ.

887 4218 1230 4279 voluntatis
1271 4217 1766 4297 correspondent
1806 4217 2053 4278 actibus
2089 4216 2384 4298 practicae
2414 4216 2463 4277 D
2497 4214 2754 4276 luntatis
2794 4221 3133 4275 consecuta
3170 4233 3247 4276 cx
3293 4215 3647 4296 ignorantia
3682 4216 3808 4278 illa.
3846 4218 3989 4281 Cul·
4038 4282 4045 4288 ,

888 4315 1166 4377 rationis.
1195 4314 1387 4377 Actus
1418 4322 1628 4375 autem
1663 4314 1924 4376 rationis
1956 4314 2249 4394 practicae
2279 4314 2389 4374 du·

889 4412 1034 4495 plex
1065 4420 1160 4475 est
1195 4432 1208 4474 :
1246 4432 1411 4474 unus
1443 4420 1734 4493 respectu
1771 4412 2120 4493 primorum
2153 4420 2211 4473 et
2247 4412 2385 4472 uni-

887 4511 1228 4573 versalium
1288 4510 1751 4591 principiorum
1802 4509 2252 4591 op'crabilium,
2294 4516 2385 4569 ut-

889 4616 1056 4690 pote,
1091 4610 1258 4689 quod
1303 4608 1542 4671 bonum
1588 4616 1682 4669 est
1719 4607 2105 4687 eligendum,
2144 4607 2382 4669 malum

886 4725 1038 4768 vero
1084 4706 1446 4783 vitandum3
1488 4706 1650 4767 alius
1707 4714 1998 4787 respectu
2049 4705 2386 4785 particula-

887 4804 1080 4875 rium,
1132 4824 1271 4886 quae
1330 4804 1732 4865 deducuntur
1778 4822 1854 4864 ex
1915 4802 2383 4865 universalibus

887 4903 1014 4964 illis
1063 4901 1400 4984 principiis
1458 4920 1572 4983 per
1620 4901 2138 4963 deliberationem
2192 4909 2382 4981 atque

887 5000 1247 5062 consilium.
1285 5000 1592 5062 Similiter
1623 4999 1684 5059 in
1718 4999 2039 5060 voluntate
2080 5000 2206 5060 duo
2236 5006 2385 5060 sunt

886 5106 1088 5170 actnS,
1117 5098 1433 5180 praedictis
1465 5097 1713 5159 duobus
1743 5096 1989 5158 actibus
2022 5116 2387 5178 correspon-

889 5196 1148 5257 dentes:
1183 5216 1348 5257 unus
1376 5213 1648 5277 sequens
1683 5194 2036 5255 universale
2064 5194 2381 5274 judicium

889 5293 966 5355 de
1012 5294 1309 5375 agendis;
1351 5293 1511 5357 alius
1561 5292 2084 5355 deliberationem
2133 5298 2197 5353 et
2239 5310 2383 5355 con-

2496 4312 2724 4393 pabilis
2765 4330 2914 4374 vero
2954 4312 3309 4391 ignorantia
3350 4322 3447 4375 est
3484 4334 3561 4376 ex
3606 4314 3991 4395 negligentia

2494 4418 2709 4471 nostra
2754 4409 3075 4487 discendi:
3128 4410 3545 4473 consimiliter
3592 4412 3990 4475 deordinatio

2494 4508 2837 4569 voluntatis
2868 4510 3317 4570 concomitans,
3346 4510 3520 4571 Unde
3552 4510 3837 4591 loquitur
3864 4512 3989 4573 Au-

2492 4606 2783 4685 gustinus
2819 4622 2832 4665 :
2866 4605 3003 4666 Non
3048 4605 3163 4666 tibi
3218 4606 3569 4688 imputatur
3608 4608 3687 4668 ad
3730 4608 3987 4689 culpam

2493 4702 2660 4783 quod
2722 4701 2969 4782 ignoras
3030 4702 3289 4775 invitus,
3341 4704 3449 4765 sed
3501 4704 3667 4784 quod
3720 4705 3989 4786 negligis

2493 4818 2775 4880 quaerere
2833 4799 3001 4880 quod
3062 4799 3329 4880 ignoraS.
3384 4800 3541 4862 Nam
3602 4800 3760 4862 illud
3818 4803 3987 4883 quod

2496 4897 2787 4977 ignorans
2827 4896 3099 4977 quisque
3140 4916 3265 4959 non
3309 4907 3477 4960 recte
3519 4897 3689 4971 facit,
3722 4906 3787 4960 ct
3818 4901 3987 4982 quod

2494 5004 2663 5057 recte
2714 4993 2921 5055 tacere
2966 4995 3207 5067 volens,
3253 5013 3378 5057 non
3430 5004 3658 5077 potest,
3708 4996 3849 5060 ideo
3897 4999 3987 5061 di-

2495 5100 2727 5155 cuntur
2758 5101 3035 5173 peccata,
3055 5093 3205 5173 quia
3233 5094 3310 5153 de
3343 5102 3603 5174 peccato
3634 5095 3742 5157 illo
3774 5096 3987 5160 liberae

2494 5189 2837 5253 voluntatis
2881 5190 3189 5271 originem
3235 5193 3511 5273 ducunt3
3554 5192 3619 5253 in
3665 5212 3733 5253 se
3774 5202 3983 5255 autem

2498 5308 2623 5353 non
2656 5297 2803 5351 sunt
2836 5297 3093 5372 peccata
3121 5306 3135 5351 ε
3164 5289 3467 5372 quoniam
3508 5290 3673 5353 sicut
3704 5290 3863 5354 ratio
3892 5300 3985 5353 est
