4334 6242
136 4444 233 4499 Sap.
248 4460 295 4495 nx.
312 4454 363 4494 1⁵.

496 524 723 579 Qnffisr.
758 523 822 569 IX
852 524 867 568 :
899 523 984 569 AN
1022 522 1234 569 ANtMAE
1270 522 1598 569 RATIONALI
1632 520 1965 567 Iunonum
1999 518 2376 565 coNVENOENs
2415 516 2630 563 Fcnm'r
2660 517 2829 563 UNuu
2861 515 3134 573 CORPORI,
3166 512 3294 561 mc.
3355 492 3471 560 107

362 714 551 769 cum,
594 696 1131 777 quemadmodum
1181 694 1272 755 sol
1321 691 1731 755 inferioribus
1766 709 1779 753 :
1812 698 1873 752 et
1903 690 1954 753 A
1982 691 2092 753 sed
2136 697 2314 751 actus
2356 688 2707 750 activorum
2749 694 2897 749 sunt
2937 686 3004 747 in
3044 684 3314 767 passivis
3352 684 3476 746 dis-

363 793 501 855 tale
549 812 741 876 agens
791 812 920 856 non
974 792 1287 875 imprimit
1338 791 1605 854 formam
1667 809 1870 862 suam,

362 893 487 954 sed
518 892 797 974 aliquam
828 892 969 973 ejus
1008 890 1518 954 similitudinem.
1554 890 1663 951 Est
1699 888 1873 951 aliud

366 1010 569 1071 agens
631 991 1178 1073 proportionatum
1227 988 1512 1063 effectui,
1564 996 1633 1048 ut
1681 1006 1872 1068 agens

370 1089 761 1171 particulare
804 1098 994 1172 atque-
1036 1089 1405 1161 univocum,
1444 1096 1513 1148 ut
1557 1086 1723 1168 ignis
1769 1104 1873 1166 ge-

370 1189 659 1251 nerando
708 1188 944 1269 ignem,
984 1196 1047 1251 et
1099 1196 1277 1269 pater
1323 1185 1535 1248 silium
1582 1203 1596 1247 :
1639 1192 1701 1247 et
1750 1184 1873 1246 tale

370 1306 570 1367 agens
615 1286 929 1369 imprimit
970 1306 1151 1348 snam
1200 1284 1490 1348 formam.
1527 1282 1875 1347 Conformi-

375 1392 475 1447 ter
513 1386 750 1467 duplex
789 1392 888 1447 est
929 1384 1082 1447 finis
1120 1384 1384 1464 agentis.
1423 1383 1596 1445 Unus
1640 1382 1872 1463 impro-

377 1484 773 1566 portionatus
806 1482 1066 1546 effectui
1093 1500 1107 1544 ε
1132 1490 1195 1545 et
1224 1482 1328 1544 hic
1362 1499 1483 1543 non
1521 1481 1876 1563 acquiritur

376 1582 459 1642 ab
509 1598 585 1643 eo
627 1582 793 1662 quod
838 1588 935 1642 est
978 1581 1056 1642 ad
1099 1580 1335 1661 ipsum,
1371 1587 1440 1640 ut
1488 1579 1628 1659 ejus
1674 1578 1875 1659 perfe-

379 1680 527 1751 cti0,
562 1679 671 1741 sed
711 1680 925 1761 aliqua
966 1678 1107 1760 ejus
1149 1677 1523 1740 similitudo.
1566 1676 1674 1738 Est
1712 1676 1874 1738 alius

376 1777 532 1840 finis
564 1778 1099 1859 proportionatus,
1121 1784 1307 1858 prout
1336 1776 1572 1838 sanitas
1603 1783 1699 1837 est
1721 1775 1873 1837 finis

1984 788 2228 871 positis.
2264 786 2490 849 Anima
2530 794 2742 847 autem
2782 784 3107 847 rationalis
3150 804 3349 866 quum
3395 783 3478 845 sit

1983 887 2278 969 simplex,
2311 885 2548 959 divina,
2575 892 2901 967 perpetua,
2923 892 3020 946 est
3050 883 3325 946 maxime
3357 883 3478 946 dis-

1984 986 2215 1049 similis
2246 985 2494 1067 corpori
2526 984 2752 1065 spisso,
2789 982 3316 1064 complexionato‚
3343 982 3480 1065 pin-

1982 1086 2091 1167 gui
2121 1104 2194 1147 ac
2226 1084 2480 1147 sordido
2514 1101 2528 1145 ε
2565 1082 3004 1145 innaturaliter
3031 1100 3181 1162 ergo
3212 1081 3476 1163 conjun-

1983 1184 2154 1265 gitur
2199 1183 2312 1245 illi.
2356 1219 2436 1227 —
2485 1181 2716 1254 Terti0,
2767 1180 2980 1242 anima
3029 1179 3478 1241 intellectualis

1982 1289 2078 1345 est
2125 1282 2189 1343 in
2231 1300 2298 1343 se
2342 1280 2719 1354 subsistenS,
2757 1298 2956 1361 quum
3003 1277 3356 1359 intelligere
3395 1277 3478 1341 sit

1982 1383 2147 1445 actio
2187 1380 2626 1443 immaterialis
2661 1398 2674 1441 ε
2711 1397 2836 1441 non
2874 1397 3025 1459 ergo
3059 1387 3156 1441 est
3193 1379 3475 1461 corporis

1984 1482 2206 1544 forma.

2051 1582 2121 1643 In
2152 1580 2516 1662 oppositum
2551 1579 2845 1661 est‚quod
2877 1577 3226 1658 unicuique
3257 1574 3476 1638 formae

1984 1678 2386 1741 substantiali
2422 1687 2643 1740 auctor
2681 1684 2920 1739 naturae
2955 1684 3169 1758 aptam
3208 1674 3475 1756 conjun-

1984 1778 2075 1839 xit
2104 1796 2178 1838 ac
2217 1776 2461 1858 paravit
2503 1776 2850 1838 materiam.
2885 1810 2962 1819 —
2993 1775 3192 1837 Homo
3221 1791 3475 1856 quoque

380 1875 779 1938 medicinalis
824 1876 1209 1957 operationis
1254 1892 1268 1937 :
1312 1883 1374 1937 et
1425 1874 1528 1937 hic
1578 1873 1729 1935 finis
1777 1892 1873 1934 ac·
1901 1874 1947 1936 B
1982 1883 2078 1937 est
2108 1894 2220 1937 ens
2251 1875 2558 1949 naturale,
2593 1874 2657 1935 in
2690 1892 2804 1935 sua
2841 1882 3065 1934 natura
3095 1872 3476 1934 convenien-

379 1975 673 2057 quiritur.
709 1975 898 2037 Porro
928 1973 1177 2036 bonitas
1210 1973 1321 2036 Dei
1353 1973 1503 2035 finis
1535 1980 1631 2034 est
1661 1991 1872 2033 rerum

378 2091 501 2136 non
546 2072 1063 2155 proportionatus
1103 2072 1317 2145 rebuS,
1352 2071 1483 2133 imo
1522 2071 1871 2152 impropor-

376 2171 769 2234 tionabiliter
797 2189 904 2233 eas
932 2171 1245 2233 excedens
1278 2188 1293 2231 ε
1328 2171 1471 2233 ideo
1506 2188 1630 2233 non
1664 2168 1874 2251 acqui-

378 2270 537 2332 ritur
582 2289 621 2331 a
669 2270 861 2331 rebus
910 2278 979 2331 ut
1024 2288 1242 2331 earum
1301 2268 1613 2330 exsistens
1673 2266 1874 2349 perfe-

380 2368 525 2440 ctio,
560 2369 673 2430 sed
715 2368 929 2449 aliqua
975 2367 1117 2449 ejus
1167 2367 1541 2439 similitudo,
1575 2366 1874 2427 videlicet

380 2466 627 2528 bonitas
666 2465 1043 2547 participata
1078 2482 1091 2526 :
1128 2484 1267 2547 quae
1308 2464 1509 2545 maj0r
1542 2471 1638 2525 est
1678 2464 1742 2525 in
1785 2461 1875 2524 in-

378 2563 849 2626 tellectualibus
898 2564 1227 2637 creaturis,
1274 2563 1425 2645 quia
1474 2562 1537 2624 in
1586 2561 1729 2625 aliis
1778 2570 1873 2623 est

381 2661 752 2723 assimilatio
790 2668 1037 2723 tantum
1078 2662 1429 2723 secundum
1470 2667 1760 2722 naturam
1807 2658 1869 2719 in

386 2760 621 2822 ratione
651 2759 826 2832 linis,
862 2760 923 2820 in
958 2757 1248 2820 rationali
1288 2767 1501 2820 autem
1538 2765 1599 2819 et
1632 2756 1872 2819 intelle-

388 2858 571 2920 ctuali
604 2865 892 2920 ereatura
928 2866 1023 2920 est
1062 2858 1255 2920 etiam
1294 2857 1645 2919 secundum
1690 2855 1870 2918 intel-

390 2955 615 3018 lectum
662 2956 728 3017 in
770 2955 1013 3017 ratione
1056 2954 1311 3035 objecti.
1358 2955 1500 3017 Haec
1548 2954 1785 3017 PetruS.

810 3281 1283 3356 QUAESTIO
1351 3282 1463 3344 IX

516 3546 651 3609 Ono
693 3545 1134 3628 principaliter
1176 3545 1503 3627 quaeritur,
1536 3546 1665 3610 An
1707 3546 1871 3612 ani·

542 3659 693 3711 mae
737 3643 1118 3710 rationali
1166 3644 1605 3710 immortali
1648 3645 1873 3710 natu-

382 3745 546 3811 rale
579 3746 817 3825 atque
856 3744 1336 3810 conveniens
1372 3742 1618 3808 fuerit
1656 3744 1872 3809 uniri

384 3842 715 3923 corpori,
745 3843 827 3907 et
854 3842 1300 3922 praesertim
1328 3838 1644 3920 corpori
1674 3842 1874 3906 mix-

383 3942 489 4021 to,
531 3954 831 4019 grosse,
876 3939 1224 4005 mortali.

460 4039 724 4102 Videtur
753 4039 923 4120 quod
964 4056 1111 4099 non.
1146 4036 1375 4109 Primo,
1409 4038 1559 4117 quia
1594 4056 1709 4118 per
1738 4037 1876 4098 uni-

386 4156 567 4200 onem
608 4135 999 4218 bujusmodi,
1041 4134 1255 4196 anima
1298 4133 1645 4215 impeditur
1682 4154 1719 4196 a
1762 4154 1876 4197 sua

1985 1981 2080 2035 ter
2126 1974 2531 2055 dispositum,
2583 1980 2772 2055 atque
2819 1973 2896 2033 ad
2947 1971 3235 2033 ordinem
3284 1971 3474 2051 perti-

1981 2090 2139 2133 nens
2191 2072 2492 2133 universi.
2540 2106 2620 2115 —
2667 2071 2925 2141 lterum,
2972 2068 3137 2130 sicut
3185 2067 3478 2150 probavit

1982 2170 2422 2251 PhilosophuS,
2457 2170 2661 2231 forma
2697 2176 2794 2230 est
2832 2168 2984 2230 finis
3014 2166 3313 2239 materiae,
3347 2183 3474 2228 non

1981 2275 2239 2331 econtra
2290 2286 2303 2329 :
2358 2286 2482 2330 non
2541 2285 2689 2347 ergo
2750 2266 2968 2328 unitur
3013 2266 3292 2329 materiae
3352 2266 3473 2327 nisi

1982 2374 2243 2449 propter
2285 2366 2613 2448 proprium
2658 2366 2918 2428 bonum.

2062 2564 2151 2625 Ad
2194 2562 2313 2625 hoc
2344 2562 2613 2623 Thomas
2653 2562 2992 2642 respondet
3026 2577 3040 2622 ε
3076 2560 3274 2623 Causa
3314 2560 3474 2622 sina-

1983 2662 2059 2725 lis
2101 2660 2570 2742 conjunctionis
2609 2660 2838 2722 animae
2872 2666 2936 2721 et
2975 2660 3258 2741 corporis
3295 2657 3476 2721 suisi-

1982 2761 2224 2823 cienter
2251 2760 2608 2840 assignatur
2637 2777 2674 2819 a
2703 2758 2996 2838 Magistro
3027 2757 3091 2819 in
3124 2757 3349 2820 littera.
3383 2758 3477 2819 Fi-

1980 2858 2079 2920 nis
2111 2876 2388 2939 namque
2417 2855 2730 2938 accipitur
2758 2863 2885 2917 tam
2915 2874 2994 2917 ex
3027 2862 3200 2938 parte
3232 2856 3477 2937 agentis

1980 2976 2173 3038 quam
2213 2956 2443 3037 operiS.
2480 2955 2568 3016 Ex
2609 2962 2785 3036 parte
2823 2961 3035 3016 autem
3081 2953 3346 3034 agentiS,
3388 2955 3478 3017 vi-

1906 3057 1949 3120 C
1980 3055 2211 3117 delicet
2253 3054 2387 3128 Dei,
2423 3053 2576 3116 finis
2625 3061 2720 3115 est
2761 3052 3009 3115 bonitas
3058 3052 3220 3134 ejuS,
3255 3072 3476 3115 secun-

1980 3154 2132 3215 dum
2177 3154 2344 3234 quod
2389 3153 2556 3214 cadit·
2593 3152 2659 3213 in
2690 3151 3012 3213 voluntate
3054 3150 3254 3233 ipsius
3293 3171 3474 3214 suam

1980 3250 2344 3314 diffundere
2385 3250 2750 3312 bonitatem.
2786 3248 3014 3330 Sicque
3053 3248 3255 3311 voluit
3293 3269 3474 3312 suam

1983 3349 2331 3413 bonitatem
2377 3348 2849 3411 communicare
2895 3347 3084 3410 rebus
3129 3349 3470 3430 corporeiS,

1982 3449 2075 3511 eis
2105 3448 2350 3510 animas
2391 3446 2689 3509 sociando
2723 3464 2736 3509 :
2772 3455 2834 3509 et
2865 3447 2998 3511 haec
3036 3455 3133 3509 est
3163 3447 3320 3512 ratio
3351 3450 3476 3530 pri-

1983 3567 2087 3609 ma
2134 3546 2431 3628 Magistri.
2468 3547 2655 3608 Porro
2702 3565 2778 3608 ex
2829 3554 3005 3628 parte
3052 3547 3284 3627 operiS,
3323 3546 3475 3609 finis

1983 3648 2263 3710 intentus
2307 3654 2402 3707 est
2445 3645 2801 3726 pertingere
2846 3644 2911 3705 in
2949 3644 3473 3708 assimilationem

1981 3743 2394 3807 beatitudinis
2437 3744 2545 3805 Dei
2583 3761 2596 3803 ε
2632 3744 2816 3823 cujus
2858 3742 3268 3806 beatitudinis
3309 3764 3476 3826 quae-

1982 3844 2125 3905 dam
2168 3842 2521 3904 similitudo
2549 3850 2645 3903 est
2685 3841 3052 3903 immediata
3083 3842 3312 3905 animae
3343 3861 3477 3906 cor-

1982 3942 2283 4023 porisque
2315 3938 2718 4021 conjunctim
2749 3947 2812 4002 et
2848 3959 2924 4001 ex
2956 3939 3076 4002 hoc
3108 3941 3276 4020 quod
3308 3942 3474 4004 Deus

1982 4041 2070 4102 ita
2101 4038 2433 4121 conjunxit.
2465 4037 2944 4100 immaterialem
2977 4057 3049 4100 ac
3084 4040 3473 4102 materialem

1981 4137 2425 4210 substantiam,
2477 4136 2780 4198 credibile
2829 4136 2906 4197 fit
2957 4137 3126 4219 qnod
3177 4137 3474 4219 spiritum

386 4236 629 4298 actione
660 4234 1021 4317 principali,
1056 4252 1197 4314 qnae
1235 4240 1331 4295 est
1363 4251 1583 4295 vacare
1613 4233 1870 4307 diviniS,
1904 4241 1953 4303 D
1984 4244 2265 4299 creatum
2313 4254 2458 4296 cum
2505 4234 2744 4316 Spiritu
2789 4234 3068 4298 increato
3111 4235 3476 4298 immediate

388 4342 445 4397 et
481 4355 519 4398 a
559 4334 691 4396 l'ine
736 4352 866 4395 suae
909 4331 1269 4404 creationis,
1311 4331 1420 4412 qui
1463 4339 1554 4393 est
1600 4338 1879 4395 contem-

390 4434 543 4515 plari
576 4434 957 4505 Creatorem,
991 4450 1189 4513 quum
1224 4430 1532 4512 seriptum
1567 4429 1649 4492 sit
1683 4448 1697 4491 z
1732 4430 1876 4493 Cor-

390 4552 503 4613 pus
541 4532 712 4615 quod
754 4529 1207 4613 corrumpitur,
1241 4537 1534 4611 aggravat
1571 4529 1873 4601 animam,

389 4637 446 4691 et
505 4630 808 4712 deprimit
868 4636 1119 4691 terrena
1180 4627 1554 4690 inhabitatio
1616 4647 1875 4690 sensnm

392 4728 583 4790 multa
624 4728 1027 4810 cogitantem.
1063 4726 1237 4789 Unde
1280 4735 1344 4788 et
1384 4726 1555 4789 Plato
1596 4726 1880 4807 loquitur

394 4825 453 4888 in
502 4827 833 4899 Phaedone,
884 4827 1050 4907 quod
1105 4843 1335 4906 corpus
1393 4826 1613 4887 decem
1676 4826 1877 4888 millia

393 4924 985 5006 contemplationum
1019 4922 1460 5004 impedimenta
1492 4923 1722 5003 ingerit
1750 4924 1880 4985 ani-

395 5042 521 5085 inae.
566 5059 649 5069 —
695 5022 1008 5095 Secundo,
1057 5028 1282 5082 natura
1329 5038 1455 5083 non
1507 5021 1792 5103 procedit
1840 5042 1877 5084 a

393 5120 653 5183 distante
704 5120 769 5181 in
817 5120 1058 5181 distans
1104 5117 1230 5179 nisi
1285 5137 1399 5199 per
1448 5118 1753 5193 medium,
1806 5127 1877 5181 ut

392 5219 447 5281 S.
480 5218 813 5301 Dionysius
844 5223 1261 5299 protestatnr;
1290 5224 1480 5298 atque
1522 5225 1592 5279 ut
1622 5217 1707 5279 ait
1736 5218 1874 5280 Phi-

396 5315 1161 5398 losophuS,susceptivnm
1194 5332 1319 5377 non
1352 5320 1446 5376 est
1478 5314 1872 5396 contingenS,

1986 4354 2099 4417 per
2128 4333 2494 4397 beatificam
2535 4332 2902 4395 fruitionem
2938 4332 3299 4415 conjunget.
3333 4334 3476 4397 Haec

1983 4442 2077 4496 est
2126 4433 2405 4496 secunda
2457 4432 2617 4494 ratio
2662 4450 2856 4512 quam
2912 4432 3113 4513 tangit
3163 4433 3473 4513 Magister.

1982 4533 2191 4595 Tertia
2249 4540 2365 4605 est,
2417 4530 2719 4614 quoniam
2770 4530 2982 4592 anima
3039 4550 3152 4612 per
3197 4532 3478 4596 actiones

1984 4650 2129 4692 suas
2162 4630 2226 4692 in
2259 4649 2522 4712 corpore
2553 4628 3012 4691 beatitudinem
3044 4639 3474 4710 promeretur:

1984 4736 2047 4790 et
2075 4729 2168 4789 sic
2207 4728 2463 4809 expedit
2491 4729 2547 4789 ei
2592 4726 2840 4808 corpori
2883 4726 3248 4789 immediate
3285 4728 3472 4792 uniri.

1983 4826 2348 4888 Intellectus
2380 4826 2618 4907 qnippe
2657 4826 2886 4887 animae
2928 4824 2992 4887 in
3025 4825 3122 4887 sui
3160 4826 3478 4908 principio

1983 4933 2079 4987 est
2120 4933 2418 5004 tanquam
2464 4922 2678 4983 tabula
2720 4942 2878 4996 rasa,
2914 4922 2979 4984 in
3019 4941 3144 5005 qua
3184 4922 3344 4985 nihil
3383 4932 3480 4987 est

1985 5021 2295 5103 scriptum
2345 5039 2462 5082 nec
2512 5020 2754 5101 pictum
2799 5038 2814 5082 τ
2859 5020 2999 5083 ideo
3048 5021 3334 5083 naturale
3383 5031 3480 5084 est

1986 5121 2043 5183 ei
2077 5118 2302 5202 persici
2337 5138 2450 5201 per
2487 5118 2730 5200 species
2766 5139 2802 5181 a
2841 5138 3029 5181 sensu
3071 5128 3382 5201 acceptas,
3415 5128 3479 5181 et

1984 5218 2253 5300 adipisci
2285 5216 2602 5279 scientias
2622 5253 2702 5261 —
2720 5217 3192 5291 Verumtamen,
3221 5227 3478 5300 propter

1985 5316 2576 5379 dissimilitudinem
2636 5322 2824 5397 atque
2885 5315 3250 5377 distantiam
3308 5316 3476 5379 inter
