4334 6242
1211 499 1295 544 AN
1340 499 1401 544 [N
1442 497 1699 544 ANGELIS
1744 497 1835 542 SIT
1875 494 2244 542 PERSONALIS
2287 493 2598 541 mscme'rlo

3335 476 3454 540 205

344 668 637 742 materia,
692 669 971 731 dicimus
1028 677 1241 731 tamen
1310 688 1451 731 eam
1509 666 1852 749 multiplici
1881 668 1934 729 A
1960 666 2224 749 aliquid,
2259 667 2351 728 sic
2390 665 2594 747 accipi
2641 671 2865 747 potest.
2901 663 3325 745 Intelligentia
3366 682 3458 724 se-

344 766 816 848 compositione
866 787 1003 830 esse
1048 769 1484 849 compositam.
1531 766 1639 828 Est
1678 765 1853 827 enim

346 865 707 946 composita
735 884 814 927 ex
846 869 1018 945 quod
1045 877 1135 927 est
1166 874 1230 928 et
1259 886 1389 926 esse
1418 887 1441 925 .·
1472 883 1546 928 60
1587 864 1755 946 quod
1788 864 1853 924 in

346 962 491 1045 ipsa
515 963 695 1026 aliud
736 973 833 1026 est
872 966 1041 1046 quod
1082 965 1222 1046 ipsa
1257 972 1374 1038 est,
1407 971 1471 1026 et
1506 963 1680 1024 aliud
1716 981 1855 1024 6556

348 1060 573 1142 ipsiuS.
610 1062 721 1124 Est
762 1080 1016 1144 quoque
1058 1062 1123 1124 in
1167 1063 1305 1144 ipsa
1343 1061 1721 1144 compositio
1764 1067 1855 1122 to-

346 1159 479 1220 tius
527 1161 915 1240 potestativi,
958 1161 1309 1223 secundum
1359 1167 1486 1222 tres
1538 1158 1853 1221 naturales

346 1256 519 1320 vires
564 1276 691 1320 seu·
722 1259 1141 1340 proprietates
1184 1277 1341 1339 quas
1388 1256 1579 1319 habet
1621 1257 1685 1318 in
1730 1275 1796 1318 56
1836 1273 1851 1318 :

348 1362 571 1436 utpote
612 1363 802 1437 prout
844 1357 907 1418 in
948 1376 1061 1418 sua
1102 1365 1325 1418 natura
1366 1353 1555 1416 habet
1585 1354 1715 1417 vim
1759 1353 1853 1415 in-

348 1452 764 1527 tellectivam,
796 1461 863 1516 et
906 1455 1037 1516 vim
1088 1454 1279 1515 habet
1328 1453 1472 1515 coeli
1524 1453 1850 1526 motivam,

346 1557 574 1632 estque
602 1551 819 1632 gratiae
852 1552 1144 1614 minister
1173 1570 1285 1634 per
1315 1551 1851 1634 comparationem

345 1648 427 1708 ad
473 1649 699 1710 Deum.
754 1649 832 1711 Et
882 1657 1106 1712 neutra
1162 1648 1389 1710 harum
1450 1647 1853 1731 compositio-

346 1765 505 1808 num
546 1756 644 1810 est
682 1748 1057 1811 essentialis.
1095 1748 1203 1810 Est
1244 1766 1393 1828 ergo
1432 1746 1853 1827 intelligentia

1960 765 2242 827 cundum
2292 765 2532 847 aliquid
2578 764 2675 826 sui
2722 771 2818 825 est
2867 763 2932 825 in
2983 762 3282 844 potentia,
3317 781 3459 843 quae

1963 863 2029 924 in
2074 882 2456 945 unaquaque
2502 862 2919 942 intelligentia
2959 869 3052 924 est
3097 861 3356 943 propria
3397 867 3461 922 et

1962 962 2264 1024 distincta
2291 981 2328 1023 a
2361 961 2642 1044 potentia
2681 959 3027 1041 cujuslibet
3063 959 3325 1021 alterius
3365 959 3458 1019 in-

1962 1060 2349 1141 telligentiae,
2383 1060 2920 1142 quemadmodum
2950 1067 3014 1121 et
3044 1058 3198 1140 ipsae
3228 1056 3460 1119 intelli-

1962 1159 2192 1238 gentiae
2239 1158 2320 1220 ab
2365 1156 2639 1220 invicem
2685 1164 2833 1219 sunt
2881 1157 3215 1219 distinctae.
3250 1156 3456 1230 Quum

1963 1275 2111 1337 ergo
2152 1256 2451 1338 quaelibet
2491 1255 2910 1337 intelligentia
2947 1254 3172 1317 habeat
3219 1255 3463 1337 propri-

1963 1373 2066 1416 am
2096 1374 2278 1417 suam
2310 1354 2678 1435 potentiam,
2713 1373 2854 1435 quae
2885 1352 3108 1415 fundat
3134 1361 3323 1435 atque
3353 1353 3460 1415 de-

1965 1452 2262 1514 terminat
2320 1453 2672 1514 secundum
2732 1469 2870 1513 esse
2929 1451 3051 1513 sibi
3111 1453 3459 1533 proportio-

1964 1558 2207 1623 natum,
2258 1559 2472 1613 actum
2523 1569 2710 1611 suum
2759 1550 2836 1610 ad
2896 1567 3083 1612 omne
3143 1558 3348 1612 ratum
3397 1557 3460 1612 et

1963 1648 2454 1711 determinatum
2497 1649 2562 1710 in
2603 1656 2848 1722 natura,
2883 1656 2945 1709 et
2983 1649 3070 1711 ita
3107 1648 3457 1711 individuat

1962 1754 2174 1808 actum
2225 1746 2450 1825 illum3
2491 1747 2585 1807 sic
2631 1745 3048 1827 intelligentia
3095 1754 3190 1810 est
3231 1746 3460 1809 indivi-

346 1845 469 1908 hoc
514 1845 759 1928 aliquid
810 1847 897 1909 ita
945 1847 1393 1928 compositum,
1435 1845 1675 1908 habens
1726 1845 1851 1907 duo
1888 1846 1936 1907 B
1963 1846 2089 1907 dua
2136 1844 2512 1918 substantia,
2559 1844 2725 1905 sicut
2777 1844 2840 1905 in
2889 1842 3325 1927 corporalibus
3370 1844 3462 1906 in-

346 1943 415 2005 in
457 1963 573 2006 sua
611 1952 859 2019 natura,
904 1944 1201 2007 videlicet
1234 1963 1248 2006 ε
1282 1953 1519 2018 actum,
1553 1945 1619 2005 in
1659 1962 1855 2024 quan·

348 2049 487 2103 tum
536 2050 634 2104 est
676 2062 713 2104 a
758 2043 969 2124 prima
1014 2061 1237 2122 causa3
1270 2051 1331 2104 et
1380 2042 1750 2124 potentiam,
1786 2040 1849 2102 in

344 2149 659 2220 quantum
693 2159 809 2223 per
838 2142 1201 2204 distantiam
1245 2142 1411 2204 cadit
1440 2161 1477 2203 a
1516 2141 1723 2222 primo
1753 2133 1853 2202 ac-

344 2247 437 2300 tu.
480 2239 714 2321 Sicque
759 2247 909 2302 sunt
958 2241 1023 2302 in
1074 2240 1513 2322 intelligentiis
1562 2247 1739 2300 actus
1789 2245 1853 2300 et

346 2337 655 2417 potentia,
707 2338 1063 2401 secundum
1119 2339 1288 2420 quod
1348 2345 1497 2400 sunt
1555 2337 1620 2399 in
1675 2337 1850 2398 omni

344 2443 605 2516 creat03
658 2444 721 2498 et
770 2437 837 2499 in
885 2445 1109 2500 natura
1159 2435 1519 2498 intelle-ctus
1569 2435 1853 2517 potentia

346 2533 459 2594 illa
486 2541 583 2595 est
624 2535 909 2615 potentia
946 2533 1253 2608 formaliS‚
1286 2540 1350 2596 et
1388 2543 1565 2595 actus
1608 2532 1715 2594 ille
1755 2539 1851 2594 est

342 2638 526 2694 actus
596 2633 877 2696 materiae
947 2633 1106 2695 nulli
1176 2633 1535 2695 immersus
1608 2631 1851 2693 Idcirco

342 2730 658 2793 Averroes
714 2731 967 2794 solvens
1026 2731 1445 2813 quaestionem
1496 2730 1851 2813 Theophra-

342 2828 451 2902 sti,
502 2829 781 2910 qualiter
837 2829 1093 2892 differat
1147 2829 1431 2912 potentia
1490 2828 1850 2891 intellectus

344 2927 679 3008 possibilis
728 2947 765 2990 a
816 2929 1100 3010 potentia
1146 2928 1447 3003 materiae,
1481 2928 1637 2989 dicit
1680 2929 1850 3010 quod

1963 1943 2314 2005 dividuatio
2343 1949 2441 2004 est
2479 1961 2593 2023 per
2622 1942 2969 2025 potentiam
3011 1943 3289 2005 materiae
3319 1942 3462 2005 11111-

1961 2043 2214 2104 dantem
2243 2050 2306 2104 et
2335 2042 2854 2105 determinantem
2885 2041 3156 2105 formam.
3170 2043 3460 2117 Quamvis

1960 2142 2133 2203 enim
2194 2141 2402 2203 unitas
2454 2141 2543 2203 rei
2593 2141 2892 2203 consistat
2951 2141 3016 2203 in
3064 2141 3292 2216 forma,
3344 2162 3461 2203 nu-

1961 2257 2176 2300 merus
2207 2247 2420 2300 tamen
2461 2239 2526 2301 in
2559 2246 2869 2321 quantum
2905 2238 3282 2302 divisionem
3316 2258 3462 2302 con-

1960 2337 2270 2420 sequitur,
2303 2345 2600 2400 causatur
2629 2357 2666 2400 a
2705 2338 2988 2412 materia,
3023 2339 3124 2402 vel
3163 2358 3200 2402 a
3239 2346 3458 2421 poten-

1960 2437 2048 2498 tia
2086 2436 2366 2499 materiae
2403 2436 2622 2511 simili,
2655 2445 2966 2519 quantum
3007 2438 3082 2499 ad
3124 2437 3244 2500 hoc
3287 2437 3458 2519 quod

1960 2535 2244 2615 potentia
2273 2543 2370 2596 est
2401 2553 2588 2598 causa
2618 2535 2950 2598 divisionis
2988 2535 3210 2599 formae
3240 2555 3462 2599 secun-

1960 2632 2113 2694 dum
2157 2651 2316 2695 6556.
2363 2633 2506 2696 Haec
2551 2633 2897 2696 Udalricus.

2040 2731 2235 2812 Cujus
2265 2731 2502 2814 scripta
2531 2732 2915 2795 concordant
2942 2732 3222 2806 Alberto,
3242 2741 3305 2794 et
3336 2739 3464 2795 tam

1959 2830 2230 2893 obscura
2279 2830 2577 2892 videntur
2627 2839 2695 2893 ut
2741 2830 2933 2893 verba
2987 2830 3353 2913 praehabita.
3398 2831 3462 2894 Si

1958 2929 2131 2990 enim
2189 2928 2606 3010 intelligentia
2659 2937 2754 2991 est
2812 2928 3017 2992 forma
3076 2936 3347 3004 tantum,
3399 2937 3464 2991 et
3517 2929 3520 2932 ’

342 3043 609 3088 11666556
640 3034 736 3088 est
776 3045 915 3089 esse
944 3027 1066 3089 alia
1106 3027 1424 3110 principia
1461 3045 1675 3089 rerum
1716 3045 1851 3090 cor·
1887 3029 1929 3093 C
1959 3025 2163 3089 forma
2211 3026 2320 3088 illa
2367 3034 2465 3089 est
2509 3048 2634 3107 quo
2683 3037 2798 3098 est,
2847 3046 2959 3090 seu
3009 3047 3124 3089 sua
3166 3036 3390 3090 natura
3442 3046 3457 3090 ε

342 3139 713 3204 porcarum,
752 3124 879 3186 alia
925 3124 1439 3207 incorporearum
1476 3143 1490 3186 :
1524 3126 1675 3207 quia
1720 3143 1850 3188 cor-

346 3237 543 3301 porea
601 3222 839 3284 habent
898 3223 1227 3284 materiam
1286 3230 1349 3284 et
1403 3221 1697 3296 formam,
1756 3223 1851 3285 in-

343 3337 657 3402 corporea
684 3329 897 3383 autem
937 3321 1200 3384 omnino
1229 3329 1379 3382 sunt
1417 3322 1655 3384 formae.
1691 3321 1850 3383 Hinc

344 3418 713 3480 intellectus
758 3419 1083 3500 possibilis
1133 3419 1294 3482 nihil
1342 3420 1533 3482 habet
1582 3420 1659 3481 de
1708 3438 1849 3503 pro-

344 3516 731 3600 prietatibus
792 3517 1093 3591 materiae,
1156 3517 1279 3580 nisi
1335 3517 1678 3598 aequivoce.
1742 3519 1851 3581 Est

345 3618 565 3698 itaque
595 3615 1017 3697 intelligentia
1048 3617 1169 3679 1106
1196 3617 1462 3699 aliquid,
1495 3618 1850 3680 secundum

342 3715 519 3798 quod
558 3733 752 3776 omne
790 3716 1192 3796 suppositum
1233 3734 1346 3798 per
1384 3735 1451 3779 56
1496 3715 1849 3779 subsistens

342 3822 539 3896 atque
582 3821 827 3876 naturae
872 3815 1197 3877 communi
1242 3814 1559 3890 substanS,
1594 3817 1727 3878 sive
1768 3817 1851 3878 sit

344 3912 715 3975 communis
746 3911 1017 3974 univoce
1056 3913 1192 3974 sive
1226 3913 1571 3995 analogice,
1607 3934 1850 3977 nuncu-

344 4018 537 4093 patur
587 4011 709 4072 hoc
767 4008 1030 4090 aliquid.
1082 4011 1273 4072 Porro
1329 4011 1733 4092 suppositum
1785 4013 1849 4075 in

344 4125 739 4190 unoquoque
768 4116 866 4169 est
894 4108 1014 4170 1106
1043 4109 1212 4190 quod
1245 4109 1456 4190 ipsum
1487 4117 1603 4183 est,
1622 4117 1685 4171 et
1715 4109 1849 4173 haec

1960 3125 2279 3207 quomodo
2317 3128 2490 3204 quod
2527 3135 2620 3185 est
2663 3125 3017 3187 individuat
3061 3125 3234 3187 illam
3281 3133 3459 3188 natu-

1962 3242 2095 3285 ram
2139 3242 2253 3284 seu
2297 3222 2589 3297 formam,
2625 3241 2824 3304 quum
2866 3226 3039 3301 quod
3073 3233 3164 3283 esc
3204 3207 3461 3304 sit'ipsa

1960 3322 2182 3383 eadem
2235 3320 2440 3384 forma
2495 3331 2558 3383 et
2610 3321 2820 3403 ipsum
2880 3321 3236 3404 hyliathim,
3289 3322 3458 3403 quod

1962 3427 2143 3482 vocat
2175 3419 2500 3482 Udalricus
2539 3419 2849 3482 formam?
2884 3420 3008 3482 nisi
3044 3419 3206 3483 forte
3247 3420 3457 3502 ipsum

1961 3521 2134 3598 quod
2162 3527 2254 3578 esc
2295 3537 2407 3580 seu
2448 3517 2874 3601 suppositum,
2911 3517 2975 3579 in
3016 3527 3324 3600 quantum
3365 3527 3462 3582 est

1962 3616 2266 3698 potentia,
2293 3615 2691 3678 individuare
2723 3616 2988 3678 dicatur.
3009 3617 3458 3678 Verumtamen

1963 3715 2534 3777 individuationem
2597 3722 2847 3796 oportet
2903 3714 3256 3796 intelligere
3313 3724 3458 3777 ante

1962 3813 2364 3896 suppositum
2405 3814 2626 3876 ordine
2671 3822 2932 3888 naturae,
2968 3820 3271 3894 tanquam
3316 3813 3459 3875 rati-

1961 3929 2147 3974 onem
2182 3931 2294 3973 seu
2337 3930 2591 3973 causam
2631 3911 2965 3974 formalem
2997 3911 3310 3992 suppositi
3341 3929 3454 3974 seu

1964 4009 2300 4084 individui,
2325 4009 2491 4092 quod
2525 4009 3092 4071 individuationem
3126 4008 3450 4091 supponit,

1960 4095 2500 4190 quemadmodum
2531 4107 2749 4169 album
2788 4106 3140 4169 secundum
3171 4108 3342 4188 quod
3370 4107 3456 4168 al-

344 4205 775 4287 intelligentia
801 4213 899 4268 est
930 4206 993 4267 id
1033 4207 1204 4288 quod
1232 4226 1269 4267 a
1300 4207 1427 4268 Deo
1470 4208 1848 4288 productum
1879 4213 1930 4274 D
1961 4206 2138 4280 bum,
2191 4205 2571 4268 albedinem.
2632 4204 2751 4266 Sed
2809 4204 3036 4267 horum
3096 4204 3454 4268 intellectus

342 4312 444 4366 est
483 4303 567 4366 ad
610 4303 1045 4385 receptionem
1089 4323 1227 4367 esse
1262 4323 1277 4366 :
1311 4305 1453 4368 ideo
1496 4314 1590 4367 est
1634 4305 1700 4367 in
1746 4324 1853 4387 po-

344 4403 550 4464 tentia
598 4402 1040 4484 dependentiae
1087 4403 1164 4464 ad
1219 4403 1477 4484 ipsum;
1526 4412 1589 4465 et
1638 4412 1734 4466 est
1784 4404 1850 4466 in

344 4500 709 4583 privatione
749 4500 815 4562 in
854 4508 1165 4582 quantum
1206 4519 1284 4562 cx
1314 4501 1516 4564 nihilo
1550 4508 1667 4576 est,
1702 4502 1852 4584 quia

345 4599 443 4660 sic
472 4598 829 4660 secundum
862 4617 929 4660 se
959 4599 1121 4660 nihil
1152 4606 1266 4660 est.
1302 4599 1531 4680 Sicque
1562 4601 1854 4682 supposi-

348 4704 491 4758 tum
540 4696 701 4758 illud
753 4697 819 4758 in
868 4696 968 4758 his
1014 4696 1486 4759 conditionibus
1536 4697 1854 4760 similatur

348 4794 656 4857 materiae.
711 4794 863 4856 Esse
908 4803 1120 4857 autem
1182 4795 1707 4878 uniuscujusque,
1758 4804 1853 4858 est

347 4911 467 4956 sua
506 4900 753 4966 natura,
786 4891 889 4954 cui
928 4892 1175 4955 substat
1207 4913 1395 4956 suum
1436 4898 1610 4974 quod
1638 4904 1753 4965 est,
1788 4895 1850 4957 id

344 4999 447 5054 est
484 5009 679 5053 suum
718 4991 1143 5072 suppositum.
1178 4992 1513 5074 Propterea
1554 4991 1755 5054 fertur
1786 4992 1850 5053 in

346 5091 520 5154 libro
566 5091 645 5152 de
694 5091 934 5165 CausiS,
981 5091 1151 5172 quod
1200 5091 1621 5172 intelligentia
1665 5090 1855 5153 habet

344 5189 717 5272 hyliathim,
750 5190 813 5251 id
844 5190 979 5252 est*
1010 5189 1302 5252 formam.
1338 5225 1417 5235 -—
1447 5190 1724 5262 Qualiter
1755 5209 1858 5253 ve-

346 5306 427 5354 ro
458 5287 882 5369 intelligentia
911 5306 1026 5370 per
1054 5288 1354 5369 praedicta
1384 5287 1708 5350 efficiatur
1736 5287 1855 5351 hoc

1960 4323 2037 4368 ex
2081 4303 2496 4386 sequentibus
2539 4303 2738 4383 magis
2789 4302 3049 4384 patebit.

2037 4403 2325 4485 Denique
2368 4403 2530 4465 libro
2570 4403 2648 4464 de
2688 4402 2764 4464 IV
2803 4402 3186 4483 Coaequaevis
3234 4402 3458 4464 scribit

1959 4502 2255 4565 Albertus
2293 4502 2513 4563 eadem
2555 4521 2696 4583 quae
2731 4501 2863 4581 jam
2903 4520 2980 4562 ex
3021 4501 3283 4564 Summa
3315 4501 3456 4582 ejus

1961 4603 2221 4664 inducta
2267 4607 2416 4662 sunt
2467 4617 2482 4662 z
2532 4600 2632 4661 Nil
2685 4599 2880 4674 aliud,
2935 4601 3252 4681 inquienS,
3302 4599 3456 4662 facit

1961 4717 2296 4782 personam
2347 4717 2460 4780 per
2507 4718 2573 4760 se
2622 4718 2836 4772 unam,
2877 4699 3002 4761 nisi
3052 4699 3454 4780 particulatio

1960 4797 2180 4860 formae
2211 4816 2402 4878 super
2432 4797 2594 4859 hanc
2639 4797 2984 4858 materiam.
3020 4796 3354 4878 Quumque
3387 4797 3453 4859 111

1958 4895 2199 4977 angelis
2230 4895 2307 4956 sit
2341 4915 2469 4954 esse
2499 4903 2562 4956 et.
2591 4898 2764 4974 quod
2791 4903 2907 4965 est,
2925 4913 3054 4954 esse
3080 4894 3453 4957 distinctum

1959 5014 2152 5076 super
2183 4996 2355 5073 quod
2383 5003 2471 5054 esc
2501 4993 2654 5055 facit
2681 4993 2978 5074 angelum
3015 5011 3127 5076 per
3157 5012 3224 5055 se
3258 5013 3455 5056 unum

1961 5092 2027 5153 in
2068 5098 2294 5153 natura
2333 5089 2619 5171 angelica
2654 5097 2718 5151 et
2745 5108 2884 5152 esse
2925 5108 3280 5171 personam.
3313 5091 3458 5154 Haec

1963 5190 2073 5252 ibi.
2108 5226 2189 5235 —
2231 5188 2470 5262 Quibus
2521 5195 2870 5252 consonant
2917 5188 3152 5271 scripta
3199 5189 3339 5270 ejus
3391 5189 3456 5251 in

1966 5287 2422 5352 commentario
2465 5305 2658 5369 super
2695 5286 2774 5348 de
2815 5287 3054 5361 Causis,
3091 5287 3203 5350 ubi
3247 5288 3460 5369 saepis-
