4334 6242
902 480 1023 549 204
1573 511 1637 556 m
1676 510 1899 557 manum
1940 512 1983 556 11
2026 511 2507 558 anTEN‘rtAnnx.
2553 530 2634 540 —
2675 513 2827 559 nisr.
2874 513 2982 576 1113
3027 515 3248 570 QUAEST.
3294 515 3340 562 11

907 873 1041 936 sola
1090 877 1472 957 proprietate
1522 881 1942 961 cognoscitur.
1992 882 2272 956 Quilibet
2317 891 2405 945 et-

908 971 1079 1034 enim
1136 976 1399 1056 angelus
1448 987 1543 1040 est
1592 997 1707 1060 per
1755 999 1821 1042 se
1874 1000 2000 1043 una
2048 981 2402 1044 substantia

905 1070 1025 1131 sub
1067 1071 1186 1134 hoc
1228 1077 1551 1137 communi
1594 1078 1761 1159 quod
1804 1087 1899 1140 est
1934 1081 2258 1142 rationalis
2289 1099 2400 1142 seu

904 1169 1351 1234 intellectualis
1410 1181 1651 1237 natura.
1703 1212 1784 1222 ——
1833 1177 2100 1240 Persona
2147 1197 2400 1261 quoque

902 1276 999 1330 est
1029 1285 1258 1332 nomen
1302 1270 1512 1346 civile,
1546 1281 1609 1335 et
1647 1274 1937 1339 homines
1979 1277 2401 1340 individuales

904 1366 1189 1448 insigniti
1222 1370 1599 1452 praelaturis,
1625 1391 1911 1455 personae
1941 1383 2249 1437 vocantur
2283 1394 2296 1437 :
2331 1383 2400 1436 ut

902 1485 1155 1547 praeses,
1221 1468 1537 1544 tribunus,
1600 1473 1957 1552 proconsul.
2012 1473 2190 1536 Tales
2250 1492 2400 1537 vero

902 1565 1255 1646 praelaturae
1284 1568 1359 1628 ad
1392 1569 1763 1649 dignitatem
1804 1572 2216 1652 pertinentes,
2252 1581 2401 1634 sunt

902 1665 969 1727 in
1009 1667 1271 1747 angeliS,
1306 1676 1523 1750 utpote
1566 1669 1945 1732 hierarchici
1988 1681 2165 1734 actus
2209 1679 2398 1754 atque

902 1763 1122 1826 officia
1163 1783 1237 1826 ac
1287 1767 1704 1846 praesidentiae
1750 1787 2007 1850 prorsus
2059 1771 2392 1852 praeclarae.

636 689 877 732 Sumam.
986 674 1082 737 Ad
1129 676 1249 740 hoc
1293 681 1632 761 respondet
1674 682 1971 744 Albertus
2005 700 2019 743 :
2051 683 2403 746 Personalis
2434 680 2485 743 A
2515 681 2755 745 ralibus
2793 692 2889 746 est
2928 685 3220 749 collectio
3260 686 3688 750 accidentium
3735 706 3878 769 quae
3920 685 4016 748 in-

591 753 800 855 }{J’m'
834 765 876 806 ‘¹‘
906 773 1231 839 distinctio
1264 780 1560 854 convenit
1589 781 1866 862 angelis3
1900 801 2041 863 quae
2079 783 2404 846 distinctio
2513 779 2682 842 dicat
2712 781 2776 842 in
2810 781 2929 846 hoc
2961 785 3272 865 corporali
3306 785 3636 849 individuo
3671 784 4016 866 singularis

2511 887 2573 940 et
2620 878 3243 945 incommunicabilis
3293 882 3677 946 exsistentiae
3722 883 4010 956 modum,

2512 976 2600 1038 ita
2659 977 2721 1038 in
2783 977 2902 1040 hoc
2961 979 3276 1059 spirituali
3331 980 3662 1042 individuo
3719 981 4014 1061 quaedam

2513 1076 2970 1156 proprietatum
3003 1077 3293 1141 collectio
3331 1085 3448 1152 est,
3483 1086 3553 1140 ut
3593 1078 3878 1142 localitas
3909 1080 4017 1141 de-

2512 1171 2784 1249 finitiva,
2827 1174 3143 1250 officium,
3187 1177 3484 1258 proprius
3525 1184 3726 1250 actus,
3759 1197 3904 1258 quae
3947 1176 4016 1238 in

2511 1272 2734 1334 eodem
2775 1273 3114 1354 singularis
3145 1282 3209 1337 et
3240 1275 3867 1338 incommunicabilis
3905 1295 4017 1337 ex-

2511 1370 2814 1434 sistentiae
2864 1373 3146 1436 indicant
3197 1374 3476 1436 modum.
3527 1375 3862 1456 Quumque
3909 1375 4018 1436 Ri-

2511 1468 2784 1531 chardus
2836 1478 3122 1546 testetur,
3157 1473 3327 1554 quod
3376 1491 3662 1554 personae
3709 1473 4020 1554 angelicae

2509 1568 2642 1630 sola
2673 1570 3056 1650 proprietate
3089 1571 3578 1652 distinguantur,
3613 1573 3814 1652 tangit
3844 1572 4026 1654 prin-

2511 1666 2752 1748 cipium
2802 1668 3278 1731 distinctionem
3332 1671 3694 1744 ostendenS,
3745 1687 3874 1733 non
3925 1671 4021 1733 fa-

2511 1764 2706 1826 ciens,
2751 1767 2990 1848 ltaque,
3025 1768 3318 1848 quamvis
3365 1768 3429 1830 in
3473 1768 3714 1849 angelis
3759 1786 3884 1831 non
3929 1769 4022 1832 sit

903 1863 1274 1926 Personatus
1314 1873 1527 1928 autem
1570 1884 1697 1928 non
1742 1869 2229 1931 committuntur
2272 1870 2394 1931 nisi
2435 1867 2482 1928 B
2512 1862 2795 1937 materia,
2829 1871 2925 1926 est
2974 1873 3186 1928 tamen
3231 1866 3295 1927 in
3345 1867 3436 1928 eis
3479 1869 3653 1945 quod
3693 1877 3786 1926 est
3834 1867 4022 1929 velut

903 1960 1002 2023 his
1042 1963 1152 2044 qui
1194 1965 1544 2026 secundum
1590 1974 1880 2028 naturam
1922 1986 2207 2049 personae
2251 1975 2398 2030 sunt

903 2061 1216 2124 distinctae
1259 2062 1378 2125 sub
1423 2063 1543 2125 hoc
1588 2065 1913 2127 communi
1957 2066 2126 2148 quod
2168 2074 2265 2128 est
2309 2085 2402 2128 ra-

903 2158 1155 2222 tionalis
1185 2161 1729 2226 natura.-—-Porro
1757 2165 2105 2227 Richardus
2138 2165 2204 2226 in
2237 2164 2400 2227 libro

900 2276 1017 2320 suo
1064 2259 1142 2320 de
1191 2259 1494 2322 Trinitate
1529 2279 1542 2322 :
1577 2261 1865 2337 Persona,
1916 2262 2145 2344 inquit,
2192 2263 2398 2325 tribus

898 2357 1313 2438 distinguitur
1344 2360 1569 2434 modiS,
1605 2360 1923 2433 videlicet,
1956 2361 2223 2442 origine,
2259 2380 2398 2443 pro-

899 2456 1185 2538 prietate,
1219 2464 1282 2518 et
1312 2465 1599 2540 utroque.
1632 2458 1886 2540 Origine
1917 2466 2163 2522 tantum
2193 2477 2206 2521 :
2233 2460 2398 2522 sicut

896 2555 963 2617 in
997 2556 1124 2618 Deo
1153 2564 1281 2617 tres
1321 2557 1803 2638 supergloriosae
1835 2577 2121 2640 personae
2152 2558 2400 2622 relatio·

896 2673 978 2716 ne
1011 2654 1275 2735 originis
1307 2661 1553 2717 tantum
1589 2656 2091 2738 distinguuntur,
2126 2676 2256 2721 non
2295 2677 2395 2720 ac-

897 2752 1197 2815 cidentali
1244 2754 1647 2835 proprietate.
1695 2755 2077 2836 Proprie'tate
2122 2763 2392 2830 tantum,

898 2859 967 2913 ut
996 2851 1242 2932 angeli:
1271 2869 1543 2933 quorum
1578 2873 1742 2914 unus
1774 2871 1901 2916 non
1932 2855 2285 2934 originatur
2314 2855 2394 2916 ab

896 2950 1057 3030 alio;
1090 2951 1199 3013 sed
1231 2949 1297 3013 in
1338 2951 1457 3013 hoc
1496 2951 1950 3014 discernuntur
1978 2953 2057 3015 ab
2089 2954 2391 3029 invicem,

2512 1962 2856 2036 materiale,
2893 1964 2958 2026 in
2999 1964 3120 2026 hoc
3159 1964 3329 2045 quod
3367 1973 3463 2026 est
3494 1963 3887 2047 principium
3919 1966 4020 2027 in-

2509 2060 2962 2126 dividuationis
2992 2069 3232 2126 naturae
3264 2063 3623 2125 communis
3653 2063 3718 2124 in
3751 2064 4018 2144 angelo;

2507 2167 2699 2240 atque
2747 2179 2860 2241 per
2905 2160 3022 2223 hoc
3069 2159 3146 2222 sit
3190 2161 3422 2224 divisio
3469 2161 3860 2236 substantiae,
3897 2181 4020 2244 per

2510 2277 2700 2340 quam
2761 2277 3046 2340 personae
3106 2259 3230 2322 illae
3287 2259 3595 2322 differunt
3655 2261 4018 2323 secundum

2509 2356 2928 2419 substantiam
2981 2376 2996 2420 z
3049 2378 3190 2440 quae
3239 2358 3605 2421 differentia
3653 2359 4022 2421 ostenditur

2509 2455 2881 2519 collectione
2925 2457 3631 2520 incommunicabilium
3662 2458 4019 2541 proprieta-

2506 2560 2664 2614 tum.
2697 2590 2780 2599 —
2817 2554 2960 2618 Haec
3002 2555 3319 2618 AlbertuS.

2587 2653 2782 2734 Cujus
2830 2653 3058 2734 positio
3100 2653 3352 2716 videtur
3395 2652 3685 2728 obscura,
3717 2654 3871 2735 quia
3907 2655 4018 2734 (ut
4305 2711 4307 2752 j

2507 2754 2797 2816 habitum
2850 2754 2974 2834 est)
3019 2753 3372 2814 secundum
3431 2753 3572 2834 ejus
3624 2753 4010 2828 doctrinam,
4083 2769 4307 2842 tou-1114

2505 2873 2644 2916 esse
2683 2860 2746 2915 et
2786 2853 3061 2914 essentia
3101 2851 3354 2913 realiter
3392 2851 3560 2914 idem
3601 2860 3748 2913 sunt
3790 2851 3854 2913 in
3900 2872 4018 2915 an·
4047 2838 4268 2892 ⁹·⁴⁰⁷”'·
4305 2843 4307 2866 ⁴

2504 2951 2682 3033 gelo;
2733 2949 3031 3012 similiter
3076 2953 3250 3030 quod
3293 2959 3408 3020 esc,
3459 2950 3524 3011 id
3571 2957 3669 3012 est
3716 2952 4018 3033 supposi-

897 3051 1066 3132 quod
1131 3049 1387 3131 propria
1450 3051 1670 3124 uniuS,
1732 3070 1875 3132 quae
1932 3058 2396 3115 convertuntur
2431 3055 2473 3118 C
2506 3058 2664 3124 tum,
2707 3057 2770 3111 et
2817 3069 2942 3128 quo
2993 3057 3110 3118 est,
3157 3048 3221 3110 id
3269 3056 3364 3110 est
3414 3056 3640 3110 natura
3681 3067 3695 3110 ε
3737 3049 3890 3130 quia
3942 3049 4016 3112 in

895 3167 1043 3210 cum
1096 3147 1254 3230 ips0,
1288 3155 1351 3210 et
1398 3148 1905 3229 singularitatem
1954 3150 2095 3229 ejus
2138 3151 2396 3213 demon-

892 3253 1107 3319 strant,
1132 3264 1258 3308 non
1291 3254 1663 3328 competunt
1691 3247 1892 3310 alteri.
1914 3248 2214 3310 Homines
2245 3267 2395 3311 vero

893 3354 1163 3427 utroque
1208 3346 1395 3408 modo
1438 3345 1518 3407 ab
1563 3346 1838 3408 invicem
1889 3347 2392 3428 distinguuntur,

897 3463 1095 3526 quum
1139 3464 1303 3505 unus
1343 3451 1679 3524 generetur
1705 3444 1787 3506 ab
1828 3444 1974 3520 ali0‚
2008 3453 2069 3507 et
2114 3446 2396 3528 proprie-

895 3536 1131 3605 tatibus
1162 3542 1587 3604 accidentium
1627 3542 1961 3618 differunt,
1996 3564 2137 3626 quae
2169 3564 2395 3607 secun-

896 3642 1049 3703 dum
1080 3641 1368 3703 Boetium
1400 3649 1569 3714 sunt,
1590 3642 1811 3722 patria,
1836 3644 2177 3724 parentela,
2203 3645 2394 3718 locus,

897 3747 1172 3820 tempuS,
1218 3739 1403 3814 actio,
1451 3740 1682 3821 passm,
1730 3748 1791 3802 et
1833 3742 2211 3804 consimilia.

976 3838 1209 3899 Verum
1241 3837 1338 3899 his
1369 3837 1564 3919 objici
1598 3846 1827 3920 potest,
1862 3840 2013 3921 quia
2043 3841 2398 3902 secundum

895 3936 1053 4009 haec,
1111 3937 1317 4017 angeli
1377 3937 1922 4017 distinguerentur
1978 3938 2057 4000 ab
2119 3938 2398 4000 invicem

898 4035 1371 4098 accidentaliter
1402 4043 1671 4109 tantum,
1707 4054 1831 4098 non
1873 4037 2397 4109 substantialiter,

901 4153 1101 4216 quum
1152 4141 1362 4196 tamen
1409 4135 1537 4196 sint
1581 4135 1847 4197 diversa>
1897 4135 2286 4198 subst-antiae.
2321 4171 2402 4180 ——

2503 3149 2730 3230 angelo
2784 3147 3189 3228 suppositum
3239 3146 3399 3208 nihil
3451 3146 3528 3208 de
3577 3165 3805 3228 genere
3855 3149 4015 3210 sub-

2505 3247 2752 3309 stantia}
2801 3245 3170 3328 superaddit
3217 3253 3475 3309 naturae.
3523 3245 3587 3308 Si
3638 3264 3785 3328 ergo
3831 3251 4020 3326 quod

2505 3356 2597 3406 esc
2637 3345 3006 3407 substantia}
3046 3351 3142 3406 est
3179 3343 3432 3406 realiter
3470 3344 3639 3406 idem
3678 3345 3849 3427 quod
3879 3366 4017 3424 qao

2505 3455 2614 3512 εει,
2629 3462 2756 3506 non
2789 3450 2992 3526 potest
3023 3462 3218 3504 unum
3251 3442 3636 3504 individuari
3669 3462 3780 3524 per
3807 3443 4010 3505 aliud.
4306 3497 4307 3500 ,

2504 3542 2797 3604 Attamen
2837 3559 3003 3622 saepe
3047 3541 3202 3603 dicit
3243 3540 3561 3613 Albertus,
3595 3545 3768 3620 quod
3809 3551 3904 3602 esc
3943 3549 4017 3603 et
4105 3564 4181 3616 cs.
4213 3563 4307 3604 ita-1..

2507 3660 2632 3718 quo
2671 3648 2763 3699 esc
2802 3657 2940 3700 esse
2982 3639 3230 3700 diversa
3271 3639 3334 3699 in
3375 3638 3600 3720 angelo
3635 3647 3698 3700 et
3734 3657 3874 3701 esse
3913 3657 4020 3702 es·
4049 3640 4096 3679 Ρ·
4123 3625 4270 3668 *⁰³⁸²
4306 3663 4307 3716 j

2507 3738 2802 3800 sentiales
2835 3744 3044 3819 partes
3079 3736 3281 3818 ipsius
3315 3753 3329 3797 ε
3365 3736 3533 3818 quod
3573 3745 3645 3798 ut
3683 3736 4016 3800 interdum

2509 3836 2845 3918 probatum
2887 3843 3003 3910 est,
3038 3854 3163 3898 non
3205 3835 3459 3897 videtur
3498 3853 3682 3916 posse
3721 3836 3952 3898 salvari
3996 3854 4013 3899 t

2508 3943 2646 3996 tum
2692 3935 2843 4016 quia
2884 3935 3138 3996 realiter
3181 3934 3348 3995 idem
3394 3941 3564 4008 sunt,
3600 3933 3836 3997 idcirco
3877 3953 4016 3998 non

2509 4033 2752 4095 faciunt
2798 4032 3366 4114 compositionem3
3413 4038 3552 4094 tum
3601 4033 3750 4114 quia
3797 4051 4022 4096 essen-

2508 4131 2690 4193 tiales
2723 4138 2930 4212 partes
2971 4130 3340 4193 substantiae
3379 4148 3505 4193 non
3546 4139 3695 4193 sunt
3728 4130 3852 4193 nisi
3884 4131 4022 4194 sor-

903 4232 1277 4306 Dicendum,
1311 4233 1479 4314 quod
1523 4233 1590 4294 in
1636 4233 1878 4312 angelis
1922 4233 2093 4294 aliud
2140 4241 2237 4295 est
2278 4234 2402 4295 dis·
2431 4233 2480 4292 D
2511 4249 2613 4292 ma
2662 4227 3095 4290 substantialis
3137 4235 3326 4309 atquc
3374 4228 3638 4291 materia
3679 4247 3870 4310 quam
3917 4229 4022 4291 in-

904 4330 1252 4392 cretionem
1301 4329 1671 4392 substantiae
1721 4329 1984 4404 facienS,
2033 4330 2206 4393 aliud
2257 4331 2403 4394 sub-

904 4428 1199 4490 stantiam
1230 4427 1569 4490 discretam
1601 4429 1957 4490 ostendens
1994 4429 2406 4503 Quemadmo-

904 4527 1065 4588 dum·
1123 4525 1295 4587 enim
1354 4525 1420 4587 in
1484 4525 1917 4588 materialibus
1985 4527 2402 4591 individuatio

796 4671 801 4677 .
904 4631 1144 4686 naturae
1192 4623 1549 4686 communis
1600 4623 1665 4684 in
1721 4623 1837 4685 hac
1888 4625 2153 4687 materia
2204 4625 2403 4688 deter-

904 4721 1142 4784 minata
1187 4739 1260 4783 ac
1310 4721 1585 4803 propria,
1631 4719 1783 4782 facit
1834 4721 1951 4783 hoc
1998 4721 2283 4803 aliquid3
2317 4723 2404 4786 ita

903 4820 967 4883 in
1021 4827 1245 4881 natura
1294 4818 1633 4901 spirituali,
1673 4818 1737 4880 in
1790 4838 1915 4899 qua
1962 4817 2183 4882 differt
2233 4825 2406 4899 quod

902 4928 995 4980 est
1038 4937 1075 4980 a
1118 4939 1244 4997 quo
1292 4927 1408 4987 est,
1442 4924 1666 4979 natura
1716 4917 2099 4991 communiS,
2134 4937 2276 4999 quae
2325 4919 2404 4981 si-

902 5016 1248 5098 gnificatur
1287 5034 1400 5096 per
1430 5035 1555 5094 quo
1594 5025 1711 5086 est,
1746 5016 2119 5098 particulata
2158 5015 2226 5078 in
2267 5016 2406 5099 ipso

905 5118 1079 5194 quod
1136 5123 1227 5173 esc
1284 5112 1693 5192 singulariter
1747 5114 2197 5189 demonstrato,
2253 5114 2406 5176 facit

906 5209 1247 5291 singularis
1288 5208 1675 5273 exsistentiae
1724 5211 1985 5272 modum
2034 5220 2098 5273 et
2150 5212 2408 5293 spiritu-

2511 4329 2742 4392 format
2770 4325 3136 4407 hujusmodi
3168 4325 3372 4388 forma
3405 4343 3419 4388 :
3452 4345 3643 4407 quam
3676 4329 4022 4392 materiam

2513 4445 2637 4489 non
2689 4425 2867 4507 ponit
2910 4426 3046 4507 ipse
3088 4425 3154 4486 in
3203 4423 3464 4506 angelis.
3499 4460 3579 4469 —
3607 4425 3766 4487 Hinc
3812 4425 4022 4490 etiam

2510 4523 2822 4586 Hannibal
2871 4522 2978 4596 ait,
3025 4523 3195 4604 quod
3243 4521 3608 4584 differentia
3657 4531 3896 4586 naturae
3945 4535 4022 4588 et

2512 4621 2825 4704 suppositi
2881 4638 3008 4684 non
3056 4621 3382 4682 invenitur
3428 4619 3555 4682 nisi
3608 4620 3673 4682 in
3723 4621 4024 4686 habenti-

2513 4721 2634 4783 bus
2684 4721 3040 4806 materiam,
3079 4720 3338 4801 Propter
3385 4719 3555 4801 quod
3602 4721 3826 4783 asserit
3865 4722 4025 4784 Avi-

2515 4838 2735 4890 cenna,
2770 4817 2939 4898 quod
2971 4817 3290 4899 quidditas
3321 4816 3635 4899 simplicis
3666 4825 3760 4880 est
3793 4818 4020 4900 ipsum

2515 4917 2804 4999 simplex.

2594 5014 2991 5077 Advertenda
3037 5022 3186 5076 sunt
3233 5031 3383 5095 ergo
3428 5013 3536 5077 hic
3583 5014 3777 5077 verba
3825 5014 4021 5079 Udal-

2517 5112 2654 5187 rici,
2706 5112 2756 5174 si
2817 5111 2980 5175 forte
3037 5131 3114 5174 ex
3171 5113 3262 5174 eis
3320 5112 3550 5175 clarior
3606 5111 3722 5174 fiat
3779 5114 4024 5195 positio

2516 5211 2911 5291 intentioque
2977 5210 3220 5272 Alberti
3283 5227 3297 5272 :
3359 5211 3701 5292 Negantes,
3771 5211 4018 5293 inquit,
4051 5201 4307 5321 pf'ffib‘ss]

909 5309 1027 5372 alis
1058 5315 1299 5371 naturae
1330 5307 1754 5372 individuum.
1791 5307 1867 5370 Et
1896 5308 2063 5372 sicut
2094 5309 2158 5371 in
2192 5327 2410 5393 corpo—
2520 5308 3047 5390 compositionem
3096 5307 3531 5390 intelligentiae
3573 5327 3652 5371 ex
3697 5308 3904 5373 forma
3955 5321 4018 5375 et
4051 5330 4154 5373 fine.
