4334 6242
1216 499 1301 545 AN
1341 500 1405 545 IN
1447 498 1703 545 ANGELIS
1746 498 1838 544 SIT
1881 495 2249 544 PEnsoNAms
2292 495 2604 544 Discnss'rto

3344 477 3462 543 207

352 669 489 744 stit,
520 669 674 751 quia
714 668 779 731 in
819 669 1035 751 aliquo
1075 668 1274 751 recipi
1314 669 1554 751 nequit.
1589 669 1660 732 In
1693 668 1861 731 idem
1892 666 1943 730 A
1975 684 2102 730 non
2143 665 2453 729 differunt
2484 666 2608 728 nisi
2649 661 2912 740 ratione,
2945 682 3021 728 eo
3049 665 3220 747 quod
3259 665 3468 726 unitas

350 767 616 829 videtur
673 766 1033 830 coincidere
1082 766 1322 828 Alberti
1374 767 1723 848 responsiO,
1766 786 1861 829 se-

356 867 649 928 cundum
694 884 888 948 quam
929 866 1056 927 dici
1098 883 1227 927 non
1268 865 1457 938 valet,
1492 866 1660 947 quod
1705 866 1864 928 indi-

352 965 647 1027 viduatio
688 965 1059 1045 angelorum
1104 963 1221 1026 siat
1265 982 1377 1045 per
1414 963 1656 1045 aliquid
1695 963 1861 1024 reale

357 1063 847 1144 superadditum
878 1081 1098 1126 eorum
1131 1070 1391 1136 naturae,
1427 1062 1718 1144 quamvis
1751 1079 1864 1142 per

356 1160 511 1222 talia
551 1161 921 1223 ostendatur
948 1179 1022 1222 ac
1052 1160 1422 1223 innotescat.

442 1355 750 1418 Praeterea
794 1357 1022 1438 quaerit
1068 1357 1439 1430 RicharduS‚
1485 1357 1705 1419 Utrum
1754 1375 1861 1418 an-

358 1453 545 1533 gelus
586 1453 669 1514 sit
708 1453 1063 1517 substantia
1107 1475 1233 1516 una
1273 1473 1541 1516 numero
1582 1454 1861 1516 formali-

362 1560 459 1613 ter
496 1570 613 1634 per
653 1552 897 1634 aliquid
948 1552 1427 1634 superadditum
1478 1572 1607 1615 suae
1656 1571 1863 1614 essen-

362 1649 487 1712 tiae.
550 1649 700 1723 Quae
757 1651 1025 1731 quaestio
1082 1650 1539 1732 praeinductam
1605 1649 1864 1731 respicit

360 1747 803 1828 quaestionem.
833 1749 1191 1830 Respondet
1226 1768 1239 1812 :
1272 1749 1537 1822 Quidam
1568 1748 1865 1809 dixerunt

1973 785 2166 847 supe-r
2196 766 2536 827 essentiam
2573 782 2699 827 non
2736 765 2924 826 addat
2953 765 3077 826 nisi
3118 762 3472 826 indivisibi-

1974 863 2216 924 litatem
2257 863 2642 944 praedictam.
2678 864 2836 925 Hinc
2869 863 3338 925 Commentator
3366 881 3469 924 su-

1974 979 2088 1041 per
2116 968 2414 1041 quartum
2443 961 2904 1044 Metaphysicae,
2922 962 3186 1042 loquens
3217 960 3295 1022 de
3325 968 3472 1022 ente

1972 1067 2036 1120 et
2078 1077 2207 1121 uno
2241 1077 2255 1122 :
2291 1059 2592 1122 Eamdem
2629 1060 2895 1141 (inquit)
2935 1060 3268 1141 designant
3311 1077 3466 1132 rem,

1973 1158 2082 1220 sed
2128 1159 2334 1221 modis
2379 1159 2670 1233 diversiS‚
2714 1176 2839 1221 non
2883 1157 3164 1220 diversas
3205 1158 3473 1240 disposi-

1973 1255 2178 1317 tiones
2220 1256 2589 1337 adjunctas3
2631 1264 2692 1318 et
2731 1255 3086 1318 substantia
3127 1255 3471 1336 cujuslibet

1975 1353 2064 1414 rei
2106 1362 2202 1416 est
2229 1354 2654 1416 essentialiter
2691 1374 2838 1428 una,
2871 1373 3000 1417 non
3041 1372 3154 1436 per
3193 1373 3326 1415 rem
3365 1353 3470 1414 ad-

1974 1451 2172 1513 ditam
2213 1452 2292 1514 ei.
2328 1451 2470 1514 Haec
2503 1452 2989 1515 Commentator.
3026 1452 3102 1513 Et
3131 1451 3222 1513 sic
3263 1450 3470 1512 unitas

1976 1549 2388 1611 individualis
2428 1557 2524 1612 est
2563 1548 2702 1631 ipsa
2739 1548 3013 1612 essentia
3057 1549 3120 1610 in
3162 1556 3470 1630 quantum

1976 1647 2410 1722 indivisibilis,
2444 1648 2616 1710 salva
2659 1667 2773 1710 sua
2823 1648 3200 1728 integritate.
3233 1682 3314 1692 —
3352 1646 3471 1709 Sed

1975 1744 2174 1826 objici
2205 1753 2431 1827 potest,
2451 1746 2601 1827 quia
2630 1747 2983 1808 secundum
3014 1747 3473 1808 Damascenum

360 1845 534 1924 quod
564 1845 782 1908 sic.De
813 1864 1085 1927 quorum
1117 1846 1417 1929 opinione
1448 1846 1699 1907 videtur
1727 1845 1865 1907 Avi·
1900 1843 1948 1905 B
1978 1843 2163 1906 tertio
2194 1842 2370 1917 libro,
2384 1844 2660 1926 capitulo
2692 1843 3044 1916 undecimO,
3063 1843 3475 1906 individuatio

360 1959 567 2004 cenna
611 1944 831 2006 fuisse.
866 1945 1098 2006 Dicunt
1141 1944 1337 2017 enim,
1371 1943 1540 2025 quod
1584 1944 1864 2006 denomi-

359 2041 577 2103 nativa
618 2041 989 2122 significant
1022 2042 1319 2105 accidens
1354 2060 1367 2103 :
1402 2063 1611 2102 unum
1648 2049 1862 2104 autem

358 2145 459 2199 est
496 2139 1065 2202 denominativum.
1103 2140 1283 2214 Item,
1316 2140 1500 2202 aliter
1540 2148 1707 2201 esset
1748 2159 1863 2201 nu-

357 2237 532 2316 gatio
573 2237 809 2310 dicere,
856 2239 989 2302 Una
1036 2237 1405 2301 substantia.
1452 2274 1533 2284 ——
1575 2239 1697 2301 Sed
1746 2239 1865 2301 ista

360 2335 583 2416 opinio
628 2335 1081 2398 irrationabilis
1124 2355 1261 2399 esse
1303 2337 1571 2400 videtur.
1607 2338 1866 2418 Propter

361 2433 535 2512 quod
586 2432 1057 2496 Commentator
1104 2452 1295 2515 super
1342 2441 1637 2515 quartum
1683 2435 1866 2497 Meta-

363 2530 649 2612 physicae
688 2531 765 2593 de
806 2530 926 2592 hoc
968 2532 1288 2612 redarguit
1326 2533 1739 2605 Avicennam‚
1774 2532 1865 2593 di-

361 2627 570 2689 cendo
624 2647 639 2692 z
690 2629 1013 2691 Avicenna
1072 2630 1348 2690 multum
1396 2629 1707 2710 peccavit,
1754 2646 1867 2690 aes-

365 2725 655 2789 tImando
719 2727 890 2808 quod
957 2746 1069 2789 ens
1136 2734 1199 2788 et
1263 2746 1465 2789 unum
1534 2726 1866 2806 designant

360 2825 820 2906 dispositiones
862 2826 1105 2887 additas
1154 2825 1443 2888 essentiae
1492 2825 1606 2897 rei,
1647 2831 1711 2886 et
1754 2824 1868 2885 mi-

362 2941 513 2984 rum
556 2931 655 2984 est
690 2923 767 2985 de
808 2922 1067 2985 bomine
1112 2923 1234 2985 isto
1275 2922 1593 3005 quomodo
1635 2921 1868 2984 erravit

1975 1943 2053 2005 fit
2096 1962 2210 2025 per
2257 1943 2627 2006 accidentia.
2663 1945 2834 2005 Idem
2879 1943 3163 2005 affirmat
3203 1942 3476 2023 Porphy-

1976 2042 2126 2104 rius.
2162 2042 2485 2104 Avicenna
2523 2059 2776 2124 quoque
2811 2041 2998 2104 tertio
3034 2040 3472 2123 Metaphysicae

1975 2160 2105 2204 suae
2129 2141 2250 2202 ait:
2272 2141 2486 2203 Unitas
2517 2139 2886 2204 substantioe
2915 2157 3040 2202 non
3074 2140 3382 2221 recipitur
3407 2140 3470 2199 in

1976 2237 2435 2300 certificatione
2465 2237 2838 2319 quidditatis
2874 2237 3147 2316 alicujus
3186 2234 3474 2297 substan-

1978 2337 2231 2410 tiarum,
2266 2337 2376 2398 sed
2407 2345 2503 2398 est
2533 2337 2834 2418 quiddam
2875 2335 3296 2398 substantiam
3325 2351 3472 2396 con-

1977 2435 2307 2496 comitans.
2324 2434 2697 2509 Dicendum,
2717 2435 2885 2516 quod
2915 2433 3318 2496 auctoritates
3349 2432 3472 2494 illae

1978 2532 2347 2606 Damasceni
2407 2539 2596 2614 atque
2645 2532 2971 2615 Porphyrii
3030 2531 3474 2612 intelliguntur
3573 2581 3578 2587 .

1977 2631 2055 2692 de
2102 2630 2426 2713 principio
2475 2630 2997 2692 individuationis
3057 2629 3472 2692 manifestati-

1978 2746 2078 2803 νο,
2114 2747 2242 2791 non
2281 2727 2533 2790 factive.
2569 2727 2924 2790 Auctoritas
2955 2746 3103 2791 vero
3132 2727 3474 2791 Avioennae

1981 2827 2045 2889 in
2090 2827 2211 2890 hoc
2254 2826 2573 2907 abjicitur.
2609 2862 2690 2872 —
2726 2826 2868 2888 Haec
2910 2825 3277 2887 RicharduS.

360 3027 545 3083 tanto
572 3038 803 3083 errore.
839 3021 903 3083 Si
933 3020 1106 3082 enim
1143 3039 1242 3082 res
1273 3027 1442 3082 esset
1470 3019 1623 3102 quid
1666 3038 1866 3081 unum
1905 3020 1949 3082 C
2060 3026 2500 3088 Bonaventura
2548 3043 2802 3108 quoque
2851 3024 2956 3085 hic
3003 3022 3227 3085 scribit
3268 3042 3282 3086 :
3331 3023 3476 3095 Qui-

362 3137 483 3200 per
510 3118 755 3200 aliquid
785 3118 1448 3200 superadditum,nihil
1480 3126 1643 3181 esset
1676 3137 1868 3180 unum

362 3237 483 3299 per
524 3237 593 3280 se
637 3226 699 3280 et
744 3237 859 3300 per
900 3236 1080 3279 suam
1124 3217 1567 3292 substantiam,
1601 3219 1711 3279 sed
1755 3235 1869 3299 per

362 3333 505 3376 rem
548 3315 921 3377 substantiae
961 3316 1240 3378 additam
1278 3333 1291 3377 :
1324 3322 1387 3377 et
1431 3316 1539 3378 illa
1585 3334 1684 3378 res
1727 3333 1869 3397 quae

361 3420 464 3475 est
512 3433 662 3488 una,
714 3413 769 3475 si
815 3414 1065 3476 dicatur
1114 3433 1239 3476 una
1288 3431 1401 3496 per
1448 3414 1867 3476 intentionem

358 3511 648 3573 additam
690 3531 821 3574 suae
864 3512 1175 3586 essentiae,
1208 3511 1514 3594 quaeritur
1554 3512 1747 3573 etiam
1790 3511 1868 3572 de

362 3610 499 3684 illa,
535 3629 650 3692 per
686 3629 881 3692 quam
921 3609 999 3672 fit
1040 3629 1185 3684 una,
1219 3629 1300 3671 an
1340 3610 1422 3671 sit
1457 3629 1584 3671 una
1624 3629 1737 3692 per
1776 3629 1865 3683 se,

360 3728 445 3770 an
480 3727 597 3790 per
626 3709 1048 3771 intentionem
1087 3708 1403 3788 additam3
1445 3708 1631 3770 etsie
1664 3727 1868 3771 rever-

364 3815 539 3868 tetur
576 3825 650 3869 ac
689 3808 989 3888 procedet
1028 3807 1093 3869 in
1134 3805 1483 3869 infinitum.
1517 3807 1660 3869 Haec
1691 3805 1869 3869 Com-

364 3911 707 3966 mentator.

450 4001 718 4065 Videtur
746 4020 895 4084 ergo
926 4002 1086 4064 mihi
1117 4002 1483 4078 dicendum,
1517 4003 1687 4086 quod
1726 4002 1871 4065 sub-

362 4100 604 4162 stantia
641 4100 849 4181 angeli
888 4109 984 4164 est
1022 4119 1291 4164 numero
1331 4121 1456 4163 una
1494 4101 1867 4175 formaliter,

1980 3125 2124 3186 dam
2157 3123 2467 3193 dixerunt,
2484 3123 2653 3204 quod
2686 3123 2750 3184 in
2782 3122 3024 3202 angelis
3053 3129 3148 3184 est
3176 3120 3476 3183 discretio

1982 3221 2354 3304 personalis,
2389 3222 2498 3283 sed
2539 3239 2666 3283 non
2703 3240 2860 3302 pura
2894 3240 2907 3284 :
2942 3220 3092 3302 quia
3131 3227 3195 3281 ut
3229 3220 3472 3293 dicunt,

1981 3321 2045 3381 in
2077 3320 2318 3401 angelis
2348 3327 2439 3380 tot
2469 3327 2618 3381 sunt
2648 3319 2894 3400 species
2932 3325 3088 3399 quot
3121 3317 3471 3380 individua.

1980 3418 2153 3491 Quod
2206 3416 2650 3498 reprobabitur
2699 3416 2879 3479 infra.
2926 3416 3034 3478 Est
3077 3434 3223 3496 ergo
3267 3415 3480 3478 sobria

1979 3525 2043 3579 et
2090 3517 2401 3578 catholica
2459 3515 2714 3596 positi0,
2763 3515 2934 3597 quod
2984 3514 3047 3576 in
3095 3513 3336 3594 angelis
3381 3521 3479 3574 est

1980 3613 2307 3676 distinctio
2353 3612 2704 3695 personalis
2753 3612 3213 3685 tantummodo,
3254 3618 3364 3672 aut
3411 3611 3479 3673 in

1981 3711 2303 3786 omnibus,
2356 3719 2466 3773 aut
2515 3711 2580 3773 in
2628 3709 2950 3792 aliquibus
3005 3710 3248 3772 saltem.
3302 3710 3377 3771 Et
3424 3709 3478 3771 si

1980 3810 2344 3891 objiciatur,
2377 3809 2545 3891 quod
2582 3808 2906 3870 distinctio
2942 3807 3148 3870 solum
3188 3825 3481 3891 persona-

1983 3909 2061 3969 lis
2102 3916 2397 3970 causatur
2433 3926 2511 3969 ex
2553 3906 2866 3969 divisione
2911 3905 3188 3969 materiae
3223 3926 3236 3970 :
3270 3906 3481 3969 dicen-

1981 4007 2134 4068 dum
2176 4006 2344 4087 quod
2390 4006 2621 4067 falsum
2661 4012 2792 4082 est3
2835 4005 2943 4067 sed
2987 4003 3327 4067 multitudo
3368 4024 3482 4086 per

1980 4105 2452 4186 generationem
2492 4103 2669 4166 venit
2705 4121 2782 4165 ex
2825 4103 3102 4166 materiae
3140 4103 3476 4178 divisione,

364 4217 497 4262 non
531 4217 648 4280 per
674 4199 830 4281 quid
870 4199 1372 4281 superadditum,
1406 4199 1517 4261 sed
1547 4218 1662 4281 per
1690 4203 1869 4261 s'uam
1903 4210 1950 4271 D
1983 4203 2282 4284 quoniam
2324 4220 2632 4283 generans
2673 4203 2779 4264 dat
2810 4201 3022 4282 genito
3063 4208 3309 4282 partem
3350 4220 3480 4264 suae

364 4297 715 4360 essentiam
774 4296 894 4359 sub
951 4296 1194 4360 ratione
1251 4317 1377 4380 qua
1436 4297 1869 4373 indivisibilis,

366 4396 549 4458 salva
590 4415 704 4458 sua
753 4396 1111 4476 integritate
1157 4416 1171 4461 ε
1214 4397 1384 4479 quod
1428 4397 1573 4458 dico
1615 4407 1875 4478 propter

368 4495 686 4557 unitatem
724 4495 981 4576 speciei.
1016 4495 1251 4557 Natura
1290 4515 1564 4577 namque
1596 4495 1875 4558 humana

368 4601 445 4654 ut
484 4593 809 4655 intellecta
855 4601 1082 4673 praeter
1132 4593 1439 4656 unitatem
1482 4601 1544 4655 et
1588 4594 1874 4656 multitu-

369 4690 615 4764 dinem,
677 4691 1055 4772 intelligitur
1112 4709 1239 4753 non
1298 4699 1369 4753 ut
1426 4692 1870 4773 multiplicata,

368 4795 588 4850 tamen
638 4795 709 4850 ut
758 4789 1291 4870 multiplicabilis,
1339 4790 1511 4853 salva
1558 4810 1671 4852 sua
1719 4791 1875 4853 inte·

366 4887 601 4967 gritate
652 4903 667 4948 ε
719 4887 1023 4968 quoniam
1071 4887 1381 4969 quidquid
1441 4888 1709 4950 debetur
1765 4888 1875 4951 ho-

369 4985 539 5048 mini
587 4985 756 5047 unde
806 4985 995 5048 homo
1040 4994 1159 5058 est,
1211 4993 1413 5047 totum
1472 4987 1751 5048 salvatur
1806 4987 1874 5048 in

368 5084 664 5167 quolibet
703 5085 962 5146 homine
999 5084 1326 5164 singulari.
1360 5085 1550 5147 Porro
1590 5085 1875 5148 indivisi-

367 5185 588 5247 bilitas
632 5201 760 5246 non
799 5183 953 5245 dicit
984 5201 1118 5246 rem
1158 5182 1439 5264 aliquam
1480 5184 1818 5266 positivam
1856 5203 1869 5246 :

366 5292 435 5348 et
463 5284 559 5346 sic
590 5282 899 5346 naturalis
939 5282 1147 5344 unitas
1188 5280 1329 5362 ejus
1358 5289 1421 5344 et
1450 5301 1564 5345 sua
1599 5284 1875 5346 essentia

1982 4301 2370 4363 substantiae.
2434 4299 2776 4362 Diversitas
2839 4306 3050 4362 autem
3109 4300 3520 4381 angelorum-

1984 4418 2110 4462 non
2160 4407 2256 4461 est
2305 4418 2420 4481 per
2466 4399 2938 4480 generat-ionem
2997 4417 3109 4460 seu
3170 4398 3480 4480 multipli-

1984 4498 2297 4560 cationem
2345 4497 2532 4558 unius
2575 4497 2656 4558 ab
2695 4497 2912 4570 altero,
2947 4496 3057 4559 sed
3099 4515 3320 4560 omnes
3364 4497 3482 4559 im-

1984 4597 2257 4659 mediate
2295 4616 2332 4659 a
2371 4597 2496 4658 Deo
2539 4596 2730 4659 creati
2777 4603 2942 4657 sunt.
2978 4596 3120 4658 Haec
3163 4596 3483 4658 Bonaven-

1982 4703 2142 4757 tura.

2063 4793 2180 4866 Qui
2239 4793 2501 4873 insuper
2549 4791 2796 4874 quaerit,
2849 4791 3068 4854 Utrum
3129 4791 3479 4873 personalis

1984 4890 2337 4973 proprietas
2381 4891 2464 4952 sit
2509 4890 2574 4951 in
2623 4888 2864 4970 angelis
2908 4889 3315 4950 accidentalis
3359 4909 3373 4952 :
3415 4895 3479 4950 et

1982 4996 2078 5050 est
2116 4988 2340 5050 eadem
2377 4987 2642 5070 quaestio
2684 4987 2818 5049 baec
2860 5005 3006 5048 cum
3053 5005 3198 5048 mox
3242 4986 3480 5068 praeha·

1982 5087 2116 5148 bita
2158 5087 2507 5168 quaestione
2555 5085 2869 5149 Richardi.
2908 5086 2999 5147 Ad
3046 5104 3238 5168 quam
3281 5084 3478 5146 Bona-

1983 5192 2251 5248 ventura
2299 5185 2637 5266 respondet
2671 5203 2685 5247 z
2725 5183 2903 5246 Circa
2946 5184 3064 5247 hoc
3107 5191 3204 5246 est
3247 5183 3478 5265 triplex

1983 5285 2220 5368 opini0.
2257 5285 2410 5358 Una,
2442 5283 2613 5365 quod
2657 5283 3005 5364 personalis
3048 5282 3346 5345 discretio
3383 5291 3480 5347 est
