4334 6242
571 3551 653 3592 art.

689 3552 729 3592 3.

807 482 928 548 548

1488 505 1551 552 m
1591 505 1813 552 LIBRUM
1855 503 1896 550 11
1939 497 2420 550 SENTENTIARUM.
2466 520 2547 529 ·—
2586 499 2739 548 DIST.
2782 497 2887 565 X13
2931 502 3154 558 QUAEST.
3197 498 3245 548 11

809 672 922 734 uni
967 673 1212 736 homini
1254 651 1592 738 adhibetur
1629 695 1796 737 unus
1839 682 2074 749 custoS,
2107 680 2169 736 et
2211 673 2305 734 in·
2332 673 2383 736 A
2415 671 2835 752 illud,Angeli
2865 689 3087 735 eorum
3119 672 3185 734 in
3216 670 3416 745 coelis,
3438 678 3585 745 etc„
3608 669 3696 732 ait
3726 667 3915 752 Chry·
3996 690 4178 734 natm.

809 770 1061 853 terdum
1091 771 1308 853 plures
1347 771 1734 854 deputantur
1762 774 1838 835 ad
1881 772 2070 834 unius
2101 779 2306 833 custo-

808 869 1000 931 diam.
1037 870 1347 946 Secundo,
1383 871 1444 932 in
1477 880 1789 953 quantum
1818 879 1915 934 est
1943 890 2088 952 pars
2117 869 2307 931 alicu·

805 965 912 1046 jus
943 967 1193 1048 collegii
1220 985 1233 1029 :
1257 976 1320 1030 et
1345 968 1438 1030 sic
1471 968 1583 1031 toti
1619 969 1885 1050 collegio
1916 987 2081 1030 unus
2111 967 2305 1029 homo

808 1065 1160 1147 praeficitur
1203 1068 1267 1129 in
1313 1069 1664 1142 custodem,
1698 1069 1776 1131 ad
1820 1086 2013 1150 quem
2062 1072 2307 1148 spectat

806 1166 1140 1246 providere
1181 1185 1254 1228 ea
1303 1186 1444 1248 quae
1486 1168 1804 1249 pertinent
1849 1167 1926 1228 ad
1974 1165 2303 1228 hominem

804 1281 1008 1325 unum
1059 1264 1124 1327 in
1174 1266 1395 1327 ordine
1444 1266 1522 1327 ad
1571 1273 1776 1328 totum
1825 1264 2189 1345 collegium,
2236 1271 2307 1325 ut

806 1369 954 1423 sunt
984 1380 1058 1424 ea
1088 1382 1228 1444 quae
1267 1363 1546 1425 exterius
1587 1370 1736 1426 sunt
1764 1364 2025 1444 agenda,
2057 1362 2134 1423 de
2172 1361 2308 1442 qui-

806 1456 926 1522 bus
985 1461 1094 1522 alii
1156 1461 1558 1524 aedificantur
1612 1469 1722 1523 aut
1779 1460 2302 1524 scandalizantur.

805 1558 1191 1638 Angelorum
1233 1567 1447 1622 autem
1491 1559 1778 1621 custodia
1817 1559 2158 1640 deputatur
2203 1557 2309 1619 ho-

806 1655 1092 1718 minibus
1130 1657 1322 1718 etiam
1367 1665 1677 1739 quantum
1720 1657 1797 1719 ad
1847 1655 2202 1719 invisibilia
2245 1662 2308 1716 et

806 1752 1056 1817 occulta
1083 1774 1225 1837 quae
1255 1755 1333 1817 ad
1375 1756 1773 1837 singulorum
1811 1763 2100 1836 spectant
2139 1753 2305 1816 salu-

2413 779 2729 834 sostomus
2764 787 2778 832 z
2810 770 2949 833 Non
2988 771 3065 833 de
3097 770 3613 853 quibuscumque
3644 767 3910 849 angeliS,
3940 767 3965 797 ¹

2414 870 2524 932 sed
2572 869 2650 931 de
2707 869 3356 951 supereminentibuS,
3405 868 3691 950 loquitur
3737 865 3915 929 Chri-

2415 974 2550 1029 stus
2595 967 2715 1029 hoc
2758 967 2996 1029 dicens.
3032 1003 3110 1014 —
3140 967 3399 1038 Iterum,
3437 967 3516 1028 ad
3559 964 3916 1028 custodiam

2416 1063 2751 1126 hominum
2812 1065 2991 1126 valde
3053 1065 3483 1127 necessarium
3548 1071 3646 1126 est
3699 1081 3917 1125 arcere

2415 1162 2735 1225 daemones
2800 1180 2813 1224 :
2876 1163 3044 1245 quod
3104 1163 3458 1225 secundum
3518 1161 3915 1242 Gregorium,

2416 1269 2659 1342 spectat
2706 1261 2784 1322 ad
2841 1261 3201 1324 PotestateS.
3254 1260 3460 1343 Atque
3508 1260 3584 1322 ad
3642 1259 3915 1321 aliorum

2417 1359 2899 1422 conversionem
2950 1359 3225 1421 multum
3272 1359 3501 1440 juvant
3546 1357 3854 1419 miracula
3899 1373 3914 1418 :

2416 1476 2559 1538 quae
2600 1456 2808 1519 faeere
2852 1458 3129 1538 pertinet
3174 1458 3251 1519 ad
3295 1457 3595 1520 Virtutes,
3646 1456 3809 1537 Ergo
3856 1462 3923 1517 et

2418 1553 2511 1616 illi
2551 1555 2677 1617 duo
2715 1555 2968 1617 ordines
3013 1555 3399 1637 deputantur
3441 1554 3519 1616 ad
3564 1554 3920 1616 custodiam

2416 1652 2775 1727 hominum,
2821 1661 2885 1714 et
2926 1671 3053 1716 non
3097 1653 3303 1716 solum
3349 1652 3615 1715 infimus
3655 1653 3832 1714 ordo.

2496 1751 2850 1814 Dicendum
2908 1752 2985 1813 ad
3051 1753 3355 1834 primum,
3416 1751 3587 1834 quod
3643 1750 3915 1813 verbum

807 1858 937 1914 tem
969 1853 1322 1915 seeundum
1363 1873 1430 1916 se
1463 1854 1652 1936 ipsos.
1688 1853 1862 1917 Unde
1894 1852 2164 1933 singulis
2194 1852 2302 1914 ho·
2341 1853 2388 1915 B
2418 1849 2846 1932 chrysostomi
2878 1857 3087 1931 potest
3109 1848 3397 1931 intelligi,
3415 1856 3487 1911 ut
3518 1849 3811 1931 loquatur
3834 1850 3915 1911 de

2416 1947 2735 2030 supremis
2774 1946 2985 2010 infimi
3026 1947 3269 2011 ordinis
3302 1965 3316 2009 ε
3357 1948 3508 2030 quia
3546 1955 3619 2009 ut
3655 1947 3914 2010 divinus
3963 1967 4215 2014 necmias.

807 1950 1092 2015 minibus
1135 1951 1370 2033 singuli
1413 1953 1621 2034 angeli
1660 1954 2046 2034 deputantur
2083 1951 2160 2013 ad
2202 1970 2308 2012 cu-

805 2049 1095 2112 stodiam.
1129 2085 1210 2096 —-
1237 2050 1330 2113 Ad
1360 2051 1534 2113 aliud
1567 2051 2104 2132 respondendum,
2138 2049 2306 2131 quod

805 2148 1012 2230 angeli
1058 2149 1282 2230 primae
1325 2149 1694 2212 hierarchiae
1735 2167 1956 2211 omnes
1997 2156 2308 2230 quantum

804 2245 883 2308 ad
920 2245 1135 2328 aliqua
1166 2247 1531 2310 immediate
1571 2247 2017 2310 illuminantur
2053 2265 2090 2308 a
2127 2248 2257 2308 Deo
2288 2263 2303 2307 ε

804 2350 1081 2407 attamen
1131 2346 1421 2427 quaedam
1470 2353 1619 2408 sunt
1666 2347 1744 2408 de
1793 2345 2030 2428 quibus
2075 2345 2310 2406 illumi-

808 2450 1040 2505 nantur
1104 2444 1463 2525 superiores
1531 2452 1779 2507 tantum
1849 2443 2217 2506 immediate
2272 2462 2309 2504 a

805 2538 956 2614 De0‚
991 2558 1132 2621 quae
1163 2539 1575 2604 inferioribus
1607 2541 1910 2603 revelant.
1944 2541 2116 2604 Idem
2153 2556 2308 2622 quo-

807 2657 932 2721 que
964 2637 1030 2699 in
1073 2638 1484 2701 inferioribus
1525 2647 1620 2701 est
1650 2639 2183 2702 considerandum
2213 2657 2309 2701 or-

804 2735 1064 2798 dinibus
1099 2753 1112 2797 :
1148 2755 1295 2798 nam
1341 2737 1602 2817 angelus
1646 2737 1878 2818 aliquis
1927 2735 2193 2798 infimus
2239 2736 2309 2798 il-

806 2833 1158 2896 luminatur
1206 2842 1516 2916 quantum
1564 2835 1643 2897 ad
1692 2835 1906 2917 aliqua
1962 2835 2043 2897 ab
2092 2835 2309 2917 aliquo

803 2950 1105 3014 supremo
1137 2951 1249 2994 seu
1279 2932 1509 3007 altiori,
1541 2940 1605 2994 et
1634 2940 1944 3015 quantum
1984 2933 2061 2994 ad
2093 2933 2308 3015 aliqua

2416 2046 2752 2129 Dionysius
2798 2054 3207 2122 contestatur,
3255 2047 3321 2109 in
3364 2047 3651 2129 quolibet
3689 2047 3913 2110 ordine

2416 2153 2566 2207 sunt
2595 2145 2809 2228 primi,
2839 2145 3035 2208 medii
3064 2153 3126 2207 et
3158 2146 3388 2209 ultimi.
3425 2145 3659 2227 Estque
3692 2144 3918 2227 proba-

2418 2243 2568 2318 bile,
2601 2243 2769 2326 quod
2809 2244 3064 2307 altiores
3102 2244 3311 2326 angeli
3355 2244 3570 2307 infimi
3616 2244 3792 2307 chori
3836 2244 3917 2305 ad

2418 2342 2675 2405 illorum
2714 2343 3101 2424 deputentur
3140 2342 3494 2405 custodiam
3528 2342 3638 2425 qui
3677 2342 3757 2404 ad
3790 2361 3919 2404 ma-

2414 2440 2620 2521 jorem
2668 2441 2936 2522 gradum
2982 2440 3199 2522 gloriae
3252 2448 3401 2502 sunt
3452 2441 3657 2502 electi.
3700 2475 3783 2486 -—
3824 2440 3919 2502 Ad

2418 2539 2793 2614 secundum,
2846 2538 3015 2621 quod
3073 2539 3268 2601 etiam
3324 2538 3659 2601 inferiores
3706 2537 3918 2619 angeli

2416 2645 2714 2700 exercent
2742 2636 3038 2700 officium
3068 2638 3495 2720 superiorum,
3515 2638 3581 2698 in
3612 2643 3919 2719 quantum

2415 2735 2658 2818 aliquid
2687 2736 2765 2799 de
2797 2735 3180 2818 proprietate
3211 2744 3274 2799 et
3302 2737 3487 2799 donis
3524 2753 3745 2798 eorum
3779 2753 3919 2817 par-

2416 2834 2705 2916 ticipant,
2738 2843 2801 2896 et
2830 2835 2910 2897 ad
2949 2836 3309 2918 superiores
3348 2853 3415 2898 se
3445 2834 3684 2897 habent
3711 2843 3785 2896 ut
3812 2852 3921 2896 ex-

2416 2911 2736 2996 secutores
2767 2932 2971 2996 officii
3002 2952 3115 2996 seu
3145 2933 3403 2996 virtutis
3433 2933 3717 3015 ipsorum
3754 2949 3770 2994 τ
3806 2932 3921 2994 sic·

801 3028 883 3091 ab
914 3047 990 3092 eo
1031 3031 1140 3112 qui
1179 3031 1237 3091 ei
1281 3031 1646 3092 immediate
1687 3030 2040 3113 praefertur.
2074 3032 2306 3112 Sicque
2340 3041 2383 3104 C
2417 3051 2541 3114 que
2578 3033 2773 3094 etiam
2809 3032 3020 3114 angeli
3065 3032 3276 3094 infimi
3313 3032 3556 3096 ordinis
3598 3033 3919 3095 daemones

805 3126 1110 3210 possibile
1156 3136 1274 3202 est,
1309 3129 1478 3210 quod
1517 3128 1752 3209 aliquis
1790 3128 2051 3210 angelus
2083 3130 2306 3192 imme-

806 3226 974 3288 diate
1015 3226 1336 3289 illuminet
1363 3225 1714 3299 hominem,
1747 3227 2040 3309 quamvis
2079 3227 2309 3290 habeat

806 3323 1054 3406 aliquos
1092 3325 1348 3406 angelos
1388 3324 1507 3386 sub
1550 3343 1617 3387 se
1658 3344 1816 3407 quos
1857 3326 2196 3388 illuminat.
2229 3361 2309 3372 —-

811 3422 956 3486 Haec
996 3422 1266 3485 Thomas
1310 3424 1375 3484 in
1420 3422 1698 3486 Summa.

892 3519 1184 3603 Amplius
1227 3522 1475 3604 quaerit,
1509 3529 1725 3584 utrum
1773 3523 2057 3603 singulos
2108 3523 2309 3586 homi-

815 3639 927 3682 nes
958 3620 1276 3682 custodire
1306 3621 1618 3702 pertineat
1656 3621 1864 3684 solum
1896 3622 1973 3683 ad
2007 3622 2310 3684 infimum

791 3718 1123 3781 ordinem.
1157 3718 1516 3800 Respondet
1549 3737 1562 3780 :
1597 3719 1841 3801 Duplex
1881 3721 2168 3783 custodia
2202 3722 2311 3783 ho-

815 3817 976 3880 mini
1006 3816 1363 3880 adhibetur.
1398 3817 1530 3880 Una
1565 3817 1986 3898 particulariS,
2021 3819 2087 3881 in
2118 3839 2315 3902 quan-

816 3923 952 3977 tum
995 3923 1092 3978 θεῖ
1132 3915 1550 3978 determinata
1592 3934 1861 3997 persona
1895 3934 1908 3978 :
1953 3925 2015 3979 et
2058 3917 2168 3980 illa
2210 3937 2315 3981 cu-

815 4014 1020 4077 stodia
1055 4015 1134 4076 ad
1170 4013 1459 4077 ordinem
1504 4014 1780 4096 pertinet
1819 4015 2140 4078 infimum.
2177 4017 2315 4079 Alia

815 4121 913 4176 est
959 4113 1246 4175 custodia
1292 4112 1670 4175 universalis
1714 4130 1728 4175 :
1771 4133 1913 4196 quae
1960 4117 2313 4178 secundum

2417 3138 2684 3213 possunt
2712 3150 2927 3193 arcere
2956 3139 3147 3213 atque
3188 3131 3497 3194 miracula
3535 3130 3803 3213 operari.
3838 3165 3920 3175 —

2416 3228 2559 3292 Haec
2603 3227 2861 3291 ibidem.
3162 3235 3165 3240 '

2497 3325 2615 3400 Qui
2663 3326 2872 3389 denuo
2920 3325 3301 3402 sciscitatur,
3354 3326 3608 3408 quando
3654 3325 3919 3407 angelus

2420 3424 2685 3506 incipiat
2731 3424 3058 3488 hominem
3107 3425 3445 3488 custodire.
3496 3424 3859 3506 Respondet
3900 3441 3916 3484 ε

2419 3523 2965 3596 Quemadmodum
3028 3541 3221 3605 super
3275 3523 3633 3586 Matthaeum
3700 3521 3923 3584 recitat

2420 3622 2741 3703 OrigeneS,
2793 3641 2987 3704 super
3032 3623 3153 3685 hoc
3210 3621 3333 3684 fuit
3389 3622 3623 3704 duplex
3678 3621 3918 3704 opinio.

2421 3720 2687 3794 Quidam
2736 3721 2909 3783 enim
2952 3721 3271 3796 dixerunt,
3304 3721 3476 3804 quod
3513 3720 3777 3802 angelus
3816 3720 3923 3790 ,de-

2422 3827 2681 3901 putatur
2710 3819 2954 3881 homini
2992 3820 3070 3881 ad
3110 3820 3463 3882 custodiam
3504 3819 3584 3881 ab
3622 3820 3775 3882 hora
3814 3818 3925 3880 Ba-

2424 3917 2679 3999 ptismi3
2711 3917 2842 3992 alii,
2874 3918 3044 4000 quod
3073 3937 3110 3980 a
3140 3925 3425 4000 tempore
3465 3917 3837 3991 nativitatis,
3860 3925 3923 3978 et

2424 4015 2587 4078 hane
2615 4015 2985 4098 opinionem
3017 4016 3328 4098 approbat
3355 4015 3794 4098 Hieronymus,
3814 4015 3925 4078 Be-

2423 4113 2659 4176 neficia
2685 4114 2859 4176 enim
2890 4134 3031 4196 quae
3071 4114 3300 4176 dantur
3328 4113 3573 4176 homini
3615 4113 3923 4176 divinitus

815 4212 1100 4274 diversos
1129 4211 1383 4275 ordines
1413 4211 1896 4293 multiplicatur.
1931 4213 2089 4276 Nam
2121 4234 2316 4296 quan·
2344 4222 2393 4283 D
2423 4231 2501 4274 ex
2530 4230 2606 4275 eo
2636 4212 2804 4294 quod
2835 4219 2932 4275 est
2960 4211 3367 4288 christianuS‚
3403 4211 3723 4295 incipiunt
3750 4232 3789 4273 a
3814 4211 3926 4274 Ba-

817 4319 881 4373 to
909 4329 1101 4392 agens
1141 4318 1235 4373 est
1275 4309 1720 4385 universaliuS,
1755 4318 1928 4374 tanto
1966 4319 2062 4374 est
2098 4313 2308 4376 altius.

814 4409 975 4472 Hinc
1007 4409 1292 4472 custodia
1321 4409 1751 4471 multitudinis
1784 4409 2080 4475 humanae
2110 4412 2188 4473 ad
2219 4430 2314 4474 or-

817 4509 1032 4572 dinem
1093 4507 1591 4591 Principatuum,
1651 4516 1759 4570 aut
1821 4509 1981 4572 forte
2033 4510 2311 4574 Archan-

815 4607 1128 4688 gelorum,
1178 4613 1275 4668 est
1333 4607 1657 4688 pertinens
1711 4626 1724 4670 :
1777 4609 1886 4691 qui
1935 4609 2312 4692 Archangeli

817 4706 1228 4769 nominantur
1256 4705 1581 4787 Principes
1611 4706 2014 4787 Angelorum.
2047 4710 2221 4772 Unde
2251 4718 2314 4772 et

527 4823 703 4880 Dana,
721 4825 787 4871 13.
813 4804 1101 4878 Michael,
1119 4823 1311 4886 quem
1342 4804 1801 4885 Archangelum
1833 4806 2128 4882 dicimuS,
2150 4828 2315 4871 unus

818 4903 895 4966 de
936 4902 1337 4985 principibus
1377 4902 1733 4984 appellatur
1761 4923 1798 4964 a
1837 4904 2112 4967 Daniele.
2148 4907 2313 4969 Ulte-

818 5003 951 5064 rius
989 5019 1140 5064 vero
1181 5020 1374 5083 super
1415 5020 1636 5064 omnes
1681 5009 1935 5065 naturas
1981 5021 2313 5086 corporeas

818 5101 1173 5164 custodiam
1222 5101 1456 5163 habent
1505 5101 1804 5175 VirtuteS,
1847 5109 1912 5163 et
1958 5121 2150 5183 super
2197 5104 2317 5168 dae-

818 5217 1040 5262 mones
1085 5199 1239 5281 ipsae
1281 5200 1641 5262 PotestateS.

2424 4312 2660 4395 ptismo
2712 4329 2725 4372 :
2778 4311 2947 4374 sicut
3001 4311 3328 4393 perceptio
3378 4311 3812 4385 Eucharistiae,
3862 4320 3926 4373 et

2422 4410 2548 4472 alia
2586 4409 2974 4490 hujusmodi.
3010 4409 3098 4471 Ea
3135 4426 3285 4472 vero
3323 4428 3465 4490 quae
3510 4409 3927 4492 providentur

2423 4528 2461 4570 a
2496 4509 2625 4571 Deo
2668 4509 2914 4570 homini
2954 4509 3019 4570 in
3058 4515 3368 4590 quantum
3406 4507 3599 4570 habet
3634 4515 3927 4570 naturam

2426 4607 2819 4681 rationalem,
2852 4626 2929 4669 ex
2959 4615 3113 4669 tunc
3150 4606 3208 4668 ei
3250 4606 3653 4680 exhibentur,
3686 4624 3763 4668 ex
3798 4623 3926 4688 quo

2423 4707 2740 4768 nascendo
2787 4705 2980 4768 talem
3028 4705 3264 4786 accipit
3306 4712 3595 4767 naturam
3636 4721 3651 4766 ε
3698 4712 3762 4765 θῖ
3802 4705 3927 4767 tale

2426 4803 2815 4867 beneficium
2846 4811 2941 4866 est
2972 4804 3259 4866 custodia
3286 4804 3676 4885 angelorum.
3700 4838 3782 4848 —
3810 4802 3928 4865 De-

2424 4904 2619 4986 nique
2651 4922 2811 4985 puer
2840 4903 3147 4985 quamdiu
3177 4910 3274 4964 est
3306 4903 3370 4963 in
3406 4909 3691 4964 materno
3722 4909 3926 4976 utero,

2425 5020 2553 5064 non
2600 5010 2696 5063 est
2741 5002 3018 5065 totaliter
3066 5010 3392 5084 separatus
3440 5020 3477 5062 a
3526 5008 3768 5080 matre3
3816 5001 3928 5062 sed

2426 5101 2693 5183 quadam
2726 5100 3121 5181 colligatione
3150 5108 3247 5162 est
3276 5099 3514 5182 aliquid
3544 5099 3701 5179 ejus
3717 5117 3933 5181 quem-

2426 5200 2770 5263 admodum
2815 5198 3063 5262 fructus
3112 5200 3395 5281 pendens
3440 5199 3507 5260 in
3554 5198 3801 5274 arbore,
3834 5206 3933 5262 est

899 5298 1134 5360 Verum
1190 5298 1292 5360 his
1348 5297 1546 5379 objici
1601 5306 1829 5382 potest,
1893 5300 2061 5382 quod
2125 5321 2319 5385 super
2431 5300 2675 5383 aliquid
2718 5299 2980 5363 arboris.
3014 5298 3175 5360 Hinc
3216 5298 3634 5381 probabiliter
3670 5297 3929 5376 dicitur,

3968 768 4059 804 vm,
4092 757 4161 796 ¹⁰.

3942 2033 4056 2075 hice.
4078 2045 4121 2074 c.
4136 2045 4181 2073 ι.

4012 3353 4101 3391 art.
4130 3351 4173 3394 5.
