4334 6242
562 796 671 839 Gen.
688 810 716 849 ι,
734 801 770 847 ¹,
784 799 824 841 2.

576 1387 644 1429 dis

646 1390 679 1429 t.
702 1400 729 1437 1,

850 494 930 557 84
1530 509 1593 559 m
1636 512 1856 560 Limum
1899 512 1942 559 u
1985 508 2467 558 sam-ammaum,
2515 530 2593 539 -—-
2636 508 2787 557 msr.
2835 506 2896 572 13
2940 510 3162 565 ot'AEs‘r.
3211 506 3272 555 lv

854 682 997 757 hoc,
1032 682 1095 744 id
1135 692 1229 745 est
1271 685 1608 748 confusum
1654 705 1730 747 ex
1776 685 2036 747 materia
2080 683 2427 766 quatuorA
2457 701 2715 743 cursum
2765 689 2825 742 et
2874 681 3145 753 fluxum,
3195 698 3320 742 non
3372 688 3582 741 tamen
3635 676 3944 758 loquendo

855 780 1339 855 elementorum,
1374 783 1583 864 primo
1626 783 1769 856 fuit,
1804 791 1871 845 ut
1916 784 2157 865 Moyses
2201 782 2352 843 scri-

858 879 987 959 bit3
1020 898 1147 943 non
1191 890 1403 944 tamen
1448 889 1732 963 tempore
1783 881 2038 944 infinito
2082 880 2344 963 quievit.

857 978 977 1040 Sed
1018 980 1183 1041 Deus
1224 980 1376 1041 dum
1409 980 1631 1053 voluit,
1666 979 1824 1041 illud
1865 979 2218 1041 seeundum
2261 978 2351 1039 in-

854 1076 1178 1139 tellectum
1225 1078 1492 1141 idealem
1538 1098 1725 1159 quem
1776 1078 1839 1139 in
1887 1098 1954 1141 se
2004 1076 2248 1150 habuit,
2283 1077 2346 1137 in

853 1173 1089 1236 formas
1120 1176 1409 1238 distinxit
1450 1184 1637 1257 prout
1665 1176 1745 1237 ab
1784 1183 2019 1239 aeterno
2059 1174 2350 1256 praevidit

850 1280 1041 1353 atque
1092 1274 1559 1354 praeordinavit‚
1592 1274 1756 1336 sieut
1802 1274 2094 1353 Magister
2141 1273 2343 1334 dicit:

789 1418 802 1430 .
850 1371 1091 1453 Moyses
1136 1372 1376 1452 Spiritu
1423 1372 1531 1433 Dei
1574 1372 1899 1434 afflatuS...
1949 1371 2075 1433 Nec
2123 1390 2236 1452 per
2281 1370 2350 1431 li-

851 1477 980 1531 tem
1020 1477 1085 1531 et
1112 1470 1459 1532 amicitiam
1502 1470 1739 1532 factum
1780 1478 1875 1531 est
1906 1470 2047 1543 hoc,
2083 1476 2153 1530 ut
2188 1468 2348 1531 dixit

853 1567 1267 1649 Empedocles
1302 1584 1317 1629 ε
1350 1568 1652 1649 quoniam
1700 1568 1858 1629 ratio
1904 1585 2031 1629 non
2068 1566 2350 1628 admittit

851 1666 1009 1746 quin
1067 1665 1276 1727 omnis
1335 1666 1762 1727 distinctionis
1815 1673 1876 1727 ct
1928 1663 2346 1727 ordinationis

850 1782 923 1823 ac
987 1764 1439 1844 segregationis
1505 1764 1711 1845 prima
1769 1782 1958 1825 causa
2016 1762 2099 1824 sit
2156 1762 2343 1825 intel-

2457 781 2536 842 de
2587 788 2868 862 tempore
2923 779 3276 841 secundum
3327 796 3506 839 suam
3555 784 3843 838 naturam
3885 780 3946 834 et

2457 879 2791 958 originem,
2835 897 2962 960 qua
3006 877 3152 939 fluit
3193 876 3275 938 ab
3319 893 3454 939 aevo
3500 893 3613 937 seu
3663 880 3942 936 aeterno:

2459 976 2588 1039 imo
2619 978 2710 1039 sic
2744 975 3091 1039 naturalius
3131 974 3409 1037 sumitur
3438 974 3500 1035 in
3538 973 3747 1055 primo
3777 990 3948 1031 nunc

2455 1093 2494 1135 a
2540 1093 2667 1156 quo
2714 1073 2882 1147 fluit,
2919 1082 2981 1135 et
3028 1074 3093 1136 in
3138 1072 3365 1134 ultimo
3407 1072 3485 1133 ad
3528 1071 3697 1152 quod
3738 1068 3948 1130 termi-

2459 1180 2663 1245 natur,
2716 1192 2906 1254 quam
2969 1172 3034 1234 in
3095 1170 3326 1243 medi0‚
3378 1170 3548 1251 quod
3605 1176 3701 1231 est
3757 1167 3946 1230 conti-

2457 1290 2660 1332 nuans
2693 1269 2904 1353 ipsum
2946 1269 3295 1332 secundum
3341 1286 3478 1330 esse
3508 1276 3570 1329 et
3606 1267 3941 1329 decursum

2459 1368 2659 1450 ipsius
2693 1369 2756 1430 in
2789 1388 2855 1430 re
2897 1367 3250 1449 temporali.
3287 1366 3446 1428 Hinc
3488 1366 3646 1428 ratio
3681 1364 3787 1426 illa
3816 1364 3946 1425 Ari-

2456 1468 2700 1529 stotelis
2743 1467 2904 1528 nihil
2948 1466 3133 1529 valet.
3169 1501 3250 1510 —
3286 1466 3429 1526 Haec
3467 1464 3782 1526 AlbertuS.

2536 1566 2859 1639 Praeterea,
2915 1566 2979 1626 in
3034 1564 3198 1626 libro
3250 1581 3366 1626 suo
3417 1580 3610 1645 quem
3667 1561 3820 1623 fecit
3869 1561 3943 1622 de

2455 1664 2731 1737 Homine,
2746 1661 3040 1724 Albertus
3074 1661 3316 1743 prolixe
3345 1667 3569 1723 tractat
3599 1659 3762 1721 hanc
3793 1678 3948 1740 quae-

2455 1761 2747 1824 stionem.
2803 1761 2878 1822 Et
2928 1777 3170 1842 ponens
3217 1759 3600 1821 solutionem
3651 1774 3945 1839 quorum-

853 1861 1074 1934 lectus‚
1134 1862 1355 1942 utique
1412 1861 1546 1934 Dei,
1599 1861 1707 1943 qui
1764 1862 2117 1923 secundum
2173 1858 2341 1940 sapi·
2380 1859 2427 1922 B
2455 1859 2600 1921 dam
2638 1858 2887 1938 :Aliqui
2919 1856 3184 1939 (inquit)
3215 1857 3618 1938 respondent,
3653 1855 3821 1937 quod
3857 1874 3947 1916 ra-

849 1959 1110 2033 entiam,
1154 1960 1485 2021 scientiam
1532 1967 1595 2021 et
1644 1959 2109 2040 providentiam
2162 1976 2342 2019 suam

848 2057 1097 2119 ordinat
1149 2058 1405 2139 quando
1462 2066 1524 2118 et
1578 2057 1851 2138 qualiter
1904 2064 1969 2118 et
2026 2055 2344 2138 quomodo

847 2156 1143 2217 universa
1183 2164 1247 2217 et
1290 2156 1540 2237 singula
1587 2155 1731 2218 fieri
1778 2156 2070 2227 debeant,
2114 2154 2345 2236 produ-

847 2254 1059 2334 citque
1102 2254 1319 2316 omnia
1358 2254 1710 2316 secundum
1750 2254 2041 2315 ordinem
2080 2261 2141 2315 et
2187 2261 2344 2314 tem·

845 2372 965 2433 pus
1002 2370 1076 2412 ac
1120 2352 1377 2414 modum
1420 2352 1767 2433 unicuique
1810 2351 2009 2433 magis
2048 2350 2345 2414 conveni-

844 2457 1079 2523 entem,
1104 2451 1641 2531 quemadmodum
1672 2450 1844 2512 Plato
1875 2450 2108 2512 fatetur
2132 2448 2342 2511 :Nulli

842 2547 1199 2628 (inquiens)
1246 2554 1430 2628 negat
1477 2548 1719 2628 aliquid
1774 2548 2003 2609 horum
2052 2565 2194 2628 quae
2243 2564 2343 2607 ac-

844 2646 1178 2707 commoda
1230 2652 1379 2707 sunt
1426 2666 1555 2707 suae
1610 2653 1849 2708 naturae
1896 2654 1960 2707 et
2010 2644 2220 2707 ordini
2267 2664 2341 2705 ac

845 2744 1139 2826 tempori,
1174 2762 1375 2824 quum
1415 2744 1497 2805 sit
1528 2763 1793 2806 summae
1836 2743 2134 2806 bonitatis
2172 2744 2343 2824 prin-

844 2842 1111 2922 cipium,
1144 2860 1181 2903 a
1229 2860 1356 2923 quo
1404 2842 1614 2904 omnis
1660 2842 1842 2923 longe
1888 2842 2205 2923 relegatur
2251 2842 2342 2902 in-

844 2940 1034 3002 vidia.
1070 2939 1173 3001 Sic
1204 2957 1354 3020 ergo
1388 2948 1595 3002 motus
1638 2940 1897 3021 incepit,
1932 2938 2099 3001 facto
2131 2940 2341 3021 primo

2457 1958 2657 2019 tiones
2708 1956 3234 2038 philosophorum
3286 1955 3446 2017 bene
3495 1954 3945 2015 concluderent

2455 2056 2765 2117 mundum
2797 2054 2876 2116 ab
2907 2061 3142 2117 aeterno
3171 2054 3393 2128 fuisse,
3427 2054 3481 2115 si
3511 2053 3677 2115 Deus
3709 2061 3778 2114 ut
3807 2071 3946 2114 cau-

2453 2172 2519 2215 sa
2568 2152 2874 2215 naturalis
2921 2170 3033 2214 seu
3085 2152 3460 2214 necessitate
3509 2160 3750 2213 naturae
3795 2170 3942 2213 cau-

2452 2260 2650 2313 sasset
2683 2252 3031 2329 mundum3
3064 2252 3175 2312 sed
3205 2250 3508 2332 quoniam
3539 2249 3658 2312 hoc
3693 2267 3821 2312 non
3850 2257 3943 2311 est

2452 2368 2697 2422 verum,
2733 2350 2862 2411 imo
2912 2350 3150 2411 creavit
3200 2367 3312 2430 per
3353 2348 3770 2421 voluntatem,
3803 2366 3942 2429 quae

2450 2456 2546 2509 est
2585 2466 2774 2509 causa
2817 2448 3127 2519 dilatoria,
3164 2447 3306 2509 ideo
3347 2446 3596 2509 distulit
3637 2447 3938 2529 quamdiu

2450 2546 2673 2619 voluit,
2715 2554 2780 2607 et
2827 2554 2976 2607 tunc
3025 2546 3279 2608 creavit.
3324 2546 3388 2607 Si
3431 2563 3582 2607 vero
3625 2553 3942 2627 quaeratur

2449 2644 2529 2707 ab
2578 2645 2670 2705 eis
2720 2664 2909 2707 causa
2956 2644 3278 2706 dilationis
3327 2642 3522 2715 illius,
3560 2644 3942 2725 respondent

2449 2744 2618 2825 quod
2674 2762 2800 2805 una
2849 2750 3041 2824 atque·
3095 2743 3415 2825 praecipua
3469 2750 3586 2817 est,
3638 2742 3939 2824 quoniam

2449 2842 2654 2904 noluit
2712 2843 2880 2924 quod
2945 2843 3222 2904 mundus
3283 2841 3406 2903 sibi
3468 2842 3534 2904 in
3593 2842 3938 2904 aeternitate

2448 2940 2964 3023 aequipararetur.
3008 2941 3098 3002 Ex
3142 2960 3268 3022 qua
3310 2940 3625 3003 solutione
3669 2958 3939 3021 sequun-

845 3037 1065 3099 mobili
1126 3038 1405 3119 simplici
1452 3038 1873 3112 emanatione,
1927 3054 2053 3099 non
2104 3038 2341 3118 praevia
2375 3038 2419 3101 C
2451 3045 2552 3099 tur
2594 3038 2864 3101 ‚haereses
2906 3040 3065 3101 duae.
3114 3039 3246 3101 Una
3290 3046 3408 3111 est,
3441 3038 3612 3119 quod
3664 3038 3938 3100 mundus

843 3136 1211 3198 mutatione.
1260 3170 1337 3181 —
1382 3136 1715 3218 Quumque
1764 3135 2131 3198 Aristoteles
2180 3135 2341 3215 obji-

844 3234 952 3308 cit,
987 3234 1157 3315 quod
1190 3235 1544 3295 secundum
1578 3235 1711 3296 haec
1745 3234 1808 3295 in
1841 3234 2051 3315 primo
2082 3252 2340 3295 moven-

842 3341 902 3394 te
954 3332 1381 3413 praecessisset
1430 3332 1733 3410 mutatio;
1766 3333 2132 3405 dicendum,
2169 3332 2339 3413 quod

842 3430 909 3493 in
954 3429 1063 3492 illa
1104 3429 1465 3509 objectione
1512 3429 1783 3491 multum
1830 3430 2067 3492 oblitus
2106 3438 2202 3491 est
2241 3430 2340 3491 sui

842 3527 1064 3609 ipsiuS.
1101 3528 1242 3608 Ipse
1281 3528 1519 3589 etenim
1559 3528 1746 3590 tertio
1786 3528 1864 3589 de
1894 3528 2121 3589 Anima
2149 3535 2340 3608 atque

844 3624 1187 3687 undecimo
1250 3624 1473 3687 Primae
1534 3624 1953 3708 philosophiae
2022 3624 2336 3706 probavit,

843 3722 1013 3803 quod
1070 3722 1430 3784 intellectus
1478 3740 1693 3803 agenS,
1743 3722 1983 3803 absque
2032 3722 2208 3784 omni
2259 3721 2342 3783 al-

842 3821 1150 3883 teratione
1211 3822 1309 3883 sui
1376 3821 1579 3903 ipsius
1641 3821 2019 3902 quandoque
2085 3821 2217 3901 agit
2279 3829 2342 3882 et

840 3919 1221 4000 quandoque
1255 3937 1379 3981 nou
1420 3921 1570 3999 agit,
1605 3935 1720 4000 pro
1752 3918 2062 3979 libertatis
2092 3938 2224 3981 suae
2254 3937 2345 3979 ar-

840 4018 1052 4079 bitri0.
1086 4020 1229 4080 ldeo
1270 4018 1545 4080 multum
1584 4018 1708 4079 fuit
1737 4016 1975 4079 oblitus
2007 4018 2104 4080 sui
2138 4037 2340 4099 quum

840 4116 1023 4190 dixit,
1056 4117 1225 4197 quod
1268 4116 1628 4177 intellectus
1668 4116 1925 4177 divinus
1964 4134 2091 4178 non
2132 4122 2340 4197 potest

2448 3138 2656 3219 potuit
2701 3156 2839 3199 esse
2881 3137 2962 3199 ab
3007 3144 3263 3211 aeternO,
3296 3137 3404 3198 sed
3450 3137 3616 3198 Deus
3659 3154 3786 3199 non
3835 3154 3938 3199 vo·

2451 3235 2602 3313 luit3
2635 3235 2779 3308 alia,
2813 3236 2982 3317 quod
3021 3236 3314 3297 voluntas
3353 3235 3464 3297 Dei
3503 3234 3766 3296 exsistat
3811 3252 3939 3295 mu-

2448 3334 2662 3396 tabilis
2693 3334 3045 3396 secundum
3077 3332 3288 3395 volita.
3325 3332 3623 3414 Sequitur
3658 3331 3832 3394 enim
3863 3350 3937 3393 ex

2449 3433 2564 3494 hac
2604 3432 2940 3507 solutione,
2974 3431 3144 3513 quod
3187 3431 3465 3492 mundus
3507 3428 3940 3511 susceptibilis

2449 3530 2572 3592 fuit
2633 3548 2746 3592 seu
2813 3548 3010 3611 capax
3072 3528 3423 3590 durationis
3489 3535 3759 3591 aeternae.
3823 3528 3940 3591 Sed

2447 3628 2513 3689 B.
2559 3629 2895 3710 Dionysius
2938 3628 3260 3709 ait,-quod
3306 3627 3470 3688 Deus
3514 3625 3943 3688 communicat

2449 3726 3031 3801 communicabilia,
3080 3727 3142 3788 id
3191 3735 3287 3787 est
3333 3744 3408 3787 ea
3455 3741 3728 3806 quorum
3779 3742 3944 3785 crea-

2449 3834 2606 3887 turae
2635 3831 2784 3886 sunt
2814 3825 3211 3904 susceptivae,
3235 3839 3312 3884 eo
3342 3822 3513 3904 quod
3545 3821 3786 3884 invidia
3817 3823 3945 3883 lon-

2447 3942 2523 4004 ge
2573 3924 2656 3984 sit
2704 3922 2976 4003 relegata
3028 3921 3109 3982 ab
3155 3938 3248 3983 eo.
3304 3921 3368 3982 Si
3423 3920 3618 4001 igitur
3667 3920 3941 3981 mundus

2448 4019 2569 4082 fuit
2613 4020 3044 4101 susceptibilis
3083 4026 3331 4081 aeternae
3369 4018 3742 4091 durationiS,
3779 4018 3941 4081 Deus

2446 4119 2504 4180 ei
2550 4118 3083 4181 communicasset
3117 4116 3403 4197 :alioqui
3447 4116 3704 4178 invidus
3751 4124 3933 4179 esset.

841 4215 1161 4275 interdum
1217 4232 1401 4294 agere
1451 4221 1515 4275 et
1564 4214 1882 4276 interdum
1944 4233 2071 4276 non
2128 4233 2334 4295 agere,
2368 4214 2416 4276 D
2449 4217 2623 4289 Item,
2677 4234 2868 4277 causa
2924 4214 3213 4276 dilatoria
3270 4214 3489 4277 differt
3544 4233 3622 4276 ex
3673 4214 3933 4289 ratione,

839 4312 965 4373 nisi
997 4312 1263 4393 recipiat
1302 4312 1665 4393 peregrinas
1710 4312 2160 4394 impressiones
2197 4332 2338 4394 quae

841 4427 988 4471 eum
1034 4410 1310 4471 excitent
1352 4410 1432 4471 ad
1474 4411 1809 4490 agendum.

922 4508 1263 4581 Postremo,
1284 4508 1453 4589 quod
1483 4506 1706 4587 objicit
1737 4510 1814 4571 de
1846 4510 2336 4589 tempore-‚quod

841 4626 1019 4667 nunc
1062 4625 1316 4689 semper
1357 4616 1453 4669 est
1495 4606 1648 4669 finis
1692 4608 1995 4689 praeteriti
2034 4607 2338 4690 principi-

843 4724 1082 4786 umque
1112 4705 1311 4767 futuri
1350 4724 1425 4767 ac
1458 4706 1738 4767 medium
1782 4705 1891 4767 illa
1931 4707 2333 4780 continuanS,

843 4803 1116 4865 multum
1152 4803 1511 4865 mirandum
1542 4810 1660 4877 est,
1693 4823 1891 4885 quum
1934 4805 2205 4886 ipsemet
2234 4806 2339 4867 do-

842 4902 1068 4975 cuerit,
1101 4902 1271 4983 quod
1310 4919 1497 4963 omne
1538 4902 1915 4964 continuum
1954 4902 2101 4965 fluit
2130 4904 2211 4965 ab
2246 4904 2337 4964 in-

839 4998 1172 5074 divisibili,
1220 4999 1387 5061 sicut
1436 4999 1604 5061 linea
1651 5019 1687 5061 a
1736 5007 1991 5081 puncto.
2036 5002 2336 5073 Quamvis

836 5116 985 5179 ergo
1035 5098 1113 5159 de
1170 5105 1456 5179 tempore
1512 5098 1671 5159 nihil
1723 5100 1805 5160 sit
1862 5098 2151 5180 accipere
2212 5101 2336 5162 nisi

834 5216 1013 5257 nunc
1043 5195 1422 5258 continuans
1461 5215 1533 5258 ac
1568 5196 1875 5271 medianS,
1910 5196 2227 5278 loquendo
2258 5200 2335 5261 de

834 5302 1121 5378 tempore
1170 5295 1522 5357 secundum
1572 5314 1710 5356 esse
1760 5314 1949 5357 suum
1990 5303 2182 5377 atque
2233 5297 2336 5360 de-

2447 4315 2570 4377 nisi
2620 4315 2704 4376 sit
2756 4314 2948 4375 stulta
3000 4330 3013 4375 :
3066 4320 3364 4393 praetacta
3411 4330 3560 4375 vero
3616 4311 3936 4375 dilationis

2447 4431 2634 4475 causa
2662 4432 2741 4475 ex
2772 4419 2949 4493 parte
2986 4418 3082 4473 est
3111 4411 3474 4473 volitorum.
3510 4411 3740 4492 Sicque
3771 4411 3936 4472 Deus

2445 4511 2796 4573 secundum
2842 4509 3035 4572 volita
3077 4509 3569 4591 disponeretur:
3603 4508 3772 4589 quod
3816 4507 3938 4569 hae-

2445 4608 2712 4671 reticum
2758 4615 2872 4670 est.
2922 4607 3066 4669 Haec
3107 4606 3424 4669 AlbertuS.

2524 4707 2826 4780 Quocirca
2884 4707 3250 4779 dicendum,
3312 4706 3480 4787 quod
3539 4705 3771 4767 solutio
3827 4704 3936 4767 illa

2444 4824 2572 4868 non
2613 4812 2906 4867 censetur
2948 4806 3036 4867 ita
3071 4820 3370 4882 erronea3
3403 4822 3521 4865 nec
3565 4804 3932 4867 haereticum

2444 4911 2538 4966 est
2588 4904 2798 4966 dicere
2843 4905 3154 4966 mundum
3207 4922 3317 4964 seu
3373 4910 3726 4963 creaturam
3775 4901 3935 4963 fuis-

2444 5022 2512 5065 se
2561 5010 2808 5065 aeternoe
2857 5002 3208 5065 durationis
3259 5019 3556 5083 capacem
3599 5001 3936 5081 (sumendo

2444 5106 2752 5162 aeternum
2795 5116 2910 5180 pro
2939 5117 3015 5161 6ο
3046 5099 3215 5181 quod
3247 5096 3580 5179 temporali
3603 5092 3788 5158 'earet
3817 5097 3936 5157 ini-

2445 5199 2560 5277 tio)
2608 5196 2896 5260 absolute
2942 5197 3280 5279 loquendo,
3325 5215 3526 5278 quum
3574 5203 3637 5258 et
3685 5196 3744 5258 S.
3781 5195 3940 5259 Tho-

2443 5317 2575 5359 mas
2604 5305 2666 5359 et.
2697 5296 2879 5358 multi
2911 5297 3198 5359 doctores
3231 5296 3523 5359 catholici
3555 5296 3770 5359 dicant
3793 5296 3932 5375 hoc,
