4334 6242
102 4141 243 4184 Pru-t.
264 4156 367 4192 nv,

1272 509 1358 554 AN
1400 509 1599 556 oum-:s
1642 510 1863 556 ANGELI
1908 511 2044 556 SINT
2086 512 2362 558 mosomi.
2393 512 2623 559 srsscml

3377 497 3498 562 219

476 677 837 741 Dicendum
896 679 971 740 ad
1032 679 1335 762 primum,
1398 682 1567 762 quod
1620 681 1745 743 alia
1802 689 1897 744 est
1922 681 1973 744 A
2004 683 2143 763 ejus
2170 683 2348 763 jussa
2388 703 2501 765 per
2535 685 2904 765 angelorum
2934 686 3361 749 obedientiam
3392 688 3497 750 de-

383 776 561 838 ratio
590 777 1143 860 multiplicationis
1173 777 1649 842 individuorum
1681 781 1745 842 in
1778 779 1899 863 spi-

384 875 633 937 ritibus
692 876 814 938 sub
870 876 1083 959 specie
1143 896 1289 951 una,
1342 897 1534 960 quam
1587 880 1650 940 in
1708 879 1895 941 rebus

383 975 741 1056 corporeis.
779 976 849 1036 In
888 975 1220 1056 spiritibus
1259 978 1499 1059 quippe
1530 986 1624 1039 est
1654 978 1731 1039 ad
1772 997 1899 1040 ma-

386 1072 875 1136 nifestationem
925 1073 1223 1137 bonitatis
1272 1075 1527 1148 divinae,
1570 1096 1711 1157 quae
1758 1076 1897 1138 vult

386 1171 696 1254 pluribus
728 1173 1197 1235 communicare
1223 1173 1769 1256 participationem
1798 1175 1898 1236 be-

382 1271 731 1334 atitudinis
770 1290 921 1344 suae,
955 1279 1267 1354 quatenus
1308 1273 1475 1334 sicut
1514 1273 1895 1356 multiplica-

385 1377 503 1431 tur
546 1389 850 1432 numerus
889 1370 1363 1433 individuorum
1405 1370 1469 1433 in
1511 1373 1727 1455 specie
1762 1374 1895 1435 ani-

390 1489 521 1532 mae
571 1468 917 1542 rationaliS,
956 1469 1043 1530 ita
1087 1469 1550 1551 multiplicetur
1591 1490 1895 1532 numerus

386 1553 765 1649 angelorum
802 1566 923 1628 sub
954 1586 1354 1650 quacumque
1390 1568 1602 1650 specie
1631 1570 1708 1631 ad
1742 1568 1895 1631 frui-

388 1667 643 1730 tionem
678 1665 1112 1728 beatitudinis,
1147 1667 1453 1749 Denique,
1489 1669 1771 1748 potentia
1800 1688 1895 1730 re-

386 1767 493 1848 gis
547 1765 778 1828 terreni
838 1773 901 1827 et
946 1766 1179 1827 decens
1235 1766 1569 1847 dispositio
1628 1767 1695 1828 in
1751 1767 1895 1828 aula

2004 801 2197 862 super
2257 781 2718 856 ministrantur,
2781 782 3068 864 pervenit
3124 784 3329 864 jussio
3386 785 3497 846 Dei

1994 898 2131 942 -non
2181 880 2388 942 solum
2445 882 2524 942 ad
2573 881 2885 956 homine5‚
2935 901 3083 945 aves
3131 890 3195 944 et
3245 901 3496 964 pecora,

2006 977 2135 1040 imo
2175 985 2237 1040 et
2266 980 2342 1040 ad
2384 998 2458 1041 ea
2496 998 2636 1061 quae
2675 980 2867 1042 latent
2909 980 3028 1042 sub
3067 981 3250 1062 aquis
3284 1001 3298 1044 ε
3335 981 3501 1043 sicut

2003 1077 2081 1139 ad
2124 1085 2335 1138 cetum
2377 1077 2488 1159 qui
2527 1077 2863 1158 deglutivit
2888 1079 3130 1154 Ionam,
3164 1086 3228 1141 et
3255 1080 3331 1141 ad
3363 1099 3501 1143 ver·
3539 1097 3784 1202 {gelam-1.

3598 1175 3612 1201 ι
3645 1191 3656 1203 .
3677 1173 3735 1209 iv,
3781 1189 3794 1203 .

2006 1193 2175 1237 mem
2234 1175 2342 1258 qui
2405 1175 2669 1238 corrosit
2720 1177 2877 1255 (Deo
2930 1177 3224 1258 jubente)
3275 1197 3498 1240 cucur-

2004 1272 2204 1335 bitam
2263 1293 2375 1336 seu
2433 1275 2750 1336 hederam.
2805 1275 2868 1337 Si
2918 1274 3092 1337 enim
3141 1276 3496 1339 dominium

2003 1372 2264 1434 donavit
2307 1374 2470 1436 Deus
2521 1373 2787 1446 homini,
2831 1382 2901 1434 ut
2949 1392 3203 1436 carnem
3255 1375 3499 1456 peccati

2004 1478 2285 1552 portanS,
2337 1471 2538 1552 possit
2585 1490 2712 1535 non
2762 1472 2968 1535 solum
3018 1491 3246 1554 pecora
3291 1481 3354 1535 et
3400 1473 3500 1554 ju·

2006 1577 2220 1630 menta
2275 1569 2408 1630 suis
2467 1568 2688 1631 usibus
2746 1570 3065 1653 deputata,
3114 1589 3236 1633 nec
3293 1572 3500 1634 solum

2005 1686 2153 1729 aves
2203 1667 2603 1743 domesticaS,
2654 1688 2877 1731 verum
2937 1669 3130 1731 etiam
3190 1669 3506 1732 ferocissi-

2010 1786 2143 1829 mas
2188 1765 2421 1828 bestias
2464 1787 2688 1848 capere
2736 1777 3220 1850 mansuetasque
3269 1769 3499 1843 facere,

388 1865 541 1944 ejus
570 1864 949 1936 ostenditur,
983 1863 1135 1924 dum
1172 1863 1353 1925 multi
1386 1864 1739 1926 consimilis
1769 1865 1894 1926 dis·
1933 1866 1980 1928 B
2009 1875 2071 1928 et
2100 1865 2192 1927 eis
2235 1866 2504 1947 imperio
2543 1866 2826 1940 rationi5‚
2860 1886 2986 1930 non
3026 1867 3250 1931 robore
3291 1887 3506 1951 corpo·

393 1960 735 2044 positionis
766 1961 1051 2024 serviunt
1081 1961 1138 2024 ei
1172 1962 1237 2024 in
1268 1961 1488 2024 officio
1518 1962 1753 2044 alique,
1778 1983 1899 2025 ma-

390 2061 492 2143 gis
525 2079 719 2142 quam
752 2059 806 2122 si
838 2080 1003 2122 unus
1035 2061 1360 2123 dumtaxat
1386 2079 1399 2122 :
1427 2068 1495 2122 ut.
1524 2062 1678 2123 dum
1712 2063 1897 2124 multi

394 2161 725 2242 pincernae
786 2166 956 2233 sunt,
1018 2176 1145 2221 non
1208 2179 1373 2222 unus
1433 2160 1891 2222 tantummodo.

390 2260 735 2339 Quumque
778 2266 1053 2339 potestas
1094 2266 1155 2319 et
1196 2258 1671 2339 magnificentia
1712 2260 1897 2341 Regis

393 2357 661 2439 superni
712 2356 795 2418 sit
844 2374 1103 2438 prorsus
1156 2357 1759 2438 improportionaliS,
1811 2365 1897 2419 at-

392 2475 525 2537 que
557 2455 623 2516 in
656 2453 987 2516 infinitum
1018 2453 1354 2515 sublimior
1383 2455 1556 2516 omni
1590 2463 1895 2536 potestate

394 2553 565 2634 regis
606 2552 861 2622 terreni,
896 2551 1231 2633 dispositio
1273 2570 1526 2634 quoque
1568 2553 1728 2616 aulae
1773 2573 1895 2616 coe-

394 2651 577 2714 lestis
636 2651 701 2712 in
762 2650 1149 2713 immensum
1209 2650 1533 2712 decentior
1592 2652 1673 2713 sit
1720 2652 1892 2714 omni

392 2748 814 2830 dispositione
848 2747 1080 2810 terreni
1112 2749 1352 2830 palatii,
1387 2749 1769 2812 conveniens
1800 2757 1896 2811 est

390 2849 679 2929 angeIOS,
723 2849 833 2928 qui
881 2855 1029 2908 sunt
1078 2848 1245 2910 servi
1298 2847 1743 2910 ministeriales
1793 2848 1896 2910 Al-

393 2947 655 3020 tissimi,
689 2946 905 3029 plures
934 2965 1074 3008 esse
1109 2946 1228 3008 sub
1264 2946 1478 3028 specie
1513 2965 1657 3008 una.
1692 2982 1773 2992 -
1801 2946 1894 3008 Ad

2008 1965 2116 2037 τῖε,
2159 1964 2471 2045 imperare
2526 1982 2539 2026 ε
2589 1973 2826 2046 quanto
2877 1967 3076 2047 magis
3125 1967 3246 2029 hoc
3292 1968 3502 2049 angeli

2008 2070 2294 2144 possunt,
2348 2062 2457 2142 qui
2512 2063 2690 2143 jussa
2748 2064 2882 2138 Dei,
2939 2083 3132 2146 quem
3192 2074 3501 2147 perpetuo

2005 2159 2355 2234 intuentur,
2391 2161 2900 2224 incommutabili
2937 2162 3200 2225 veritate
3245 2182 3502 2247 perspe-

2006 2266 2125 2330 cta,
2173 2259 2384 2320 valent
2430 2259 2692 2322 efficere
2739 2267 2803 2322 et
2851 2260 3140 2342 implere,
3190 2264 3502 2325 movendo

2005 2376 2072 2419 se
2111 2357 2256 2439 (per
2306 2363 2589 2439 tempora
2629 2367 2690 2420 et
2733 2377 2997 2441 corpora
3047 2358 3170 2422 sibi
3221 2360 3504 2440 subdita)

2006 2475 2120 2538 per
2178 2456 2390 2518 locum
2439 2463 2502 2517 et
2551 2464 2800 2539 tempus
2863 2458 3023 2520 mira
3080 2458 3379 2539 agilitate,
3434 2466 3504 2520 ut

2006 2572 2414 2636 quocumque
2464 2555 2682 2618 venire
2729 2574 2892 2637 opus
2939 2565 3056 2631 est,
3101 2557 3504 2638 impercepti-

1983 2652 2222 2725 ,biliter
2269 2654 2708 2716 adducantur?
2752 2654 2842 2715 Ex
2885 2655 3122 2736 quibus
3163 2656 3500 2736 Augustini

2005 2751 2219 2812 verbis
2259 2751 2534 2824 elicitur,
2568 2753 2736 2834 quod
2780 2753 3136 2815 necessaria
3174 2761 3269 2815 est
3311 2753 3504 2815 maxi-

2006 2868 2111 2910 ma
2154 2849 2498 2910 multitudo
2539 2851 2908 2930 angelorum
2962 2852 3314 2914 secundum
3361 2871 3506 2915 con-

2004 2947 2362 3028 gruentiam
2402 2966 2415 3009 :
2451 2966 2577 3010 non
2609 2948 2777 3030 quod
2822 2948 3248 3011 mediantibus
3282 2951 3503 3031 paucis

392 3045 593 3118 aliud,
637 3046 807 3126 quod
855 3044 1071 3107 divina
1119 3045 1397 3106 essentia
1443 3063 1568 3106 non
1616 3063 1683 3106 se
1727 3062 1894 3107 com·
1934 3045 1977 3109 C
2008 3047 2173 3109 Deus
2219 3065 2344 3108 non
2387 3054 2576 3128 queat
2619 3055 2937 3110 creaturas
2981 3047 3092 3109 has
3137 3047 3504 3130 dispensare

398 3145 685 3206 municat
731 3143 855 3205 nisi
899 3142 957 3206 ei
1003 3143 1171 3224 quod
1223 3161 1423 3204 unum
1470 3161 1616 3204 cum
1660 3163 1735 3205 ea
1775 3151 1892 3217 est,

394 3262 599 3325 quum
646 3260 771 3304 non
814 3241 897 3302 sit
939 3240 1243 3322 possibile
1295 3239 1509 3321 plures
1552 3241 1897 3304 consistere

396 3359 581 3404 veros
614 3341 811 3419 Deos;
854 3358 979 3402 non
1019 3347 1233 3401 autem
1276 3339 1360 3400 ita
1402 3339 1467 3400 in
1506 3340 1748 3421 angelis
1778 3349 1893 3416 est,

396 3439 529 3502 imo
572 3439 664 3500 eis
709 3439 855 3521 plus
899 3437 1189 3519 congruit
1233 3438 1563 3521 pluralitas
1608 3458 1900 3521 persona-

396 3557 562 3600 rum.
606 3537 743 3601 Non
788 3537 961 3600 enirn
1009 3545 1105 3599 est
1150 3536 1361 3599 simile
1409 3538 1487 3600 de
1536 3538 1795 3601 domino
1836 3547 1899 3601 et

397 3635 713 3699 ministris
776 3653 789 3696 ε
851 3636 1151 3717 quoniam
1212 3635 1423 3697 unitas
1479 3643 1541 3698 et
1598 3637 1900 3700 indivisio

398 3734 777 3817 perfectioni
807 3733 1050 3796 domini
1079 3734 1357 3816 amplius
1387 3735 1706 3808 conve-nit,
1718 3735 1899 3815 juxta

396 3833 557 3894 illud
588 3832 975 3913 Philosophi,
1004 3832 1333 3895 Pluralitas
1370 3834 1734 3916 principum
1772 3854 1899 3896 ma-

398 3931 475 3992 la.
530 3930 743 3993 Servis
792 3947 945 3992 vero
1000 3930 1146 4010 plus
1206 3931 1505 3993 convenit
1556 3931 1897 3994 multitudo

395 4038 589 4112 atque
620 4028 973 4111 pluralitati,
1006 4048 1206 4110 quum
1238 4037 1299 4092 et
1331 4030 1625 4092 Salomon
1663 4031 1727 4092 in
1757 4031 1899 4093 Pro-

398 4127 637 4190 verbiis
694 4133 1080 4209 protestetur
1131 4144 1145 4189 :
1196 4127 1263 4189 ln
1328 4127 1735 4190 multitudine
1785 4147 1894 4210 po-

1957 3197 1961 3202 .
2006 3163 2079 3206 ac
2121 3144 2503 3218 ministrare,
2538 3145 2648 3206 sed
2683 3145 2981 3226 quoniam
3026 3145 3238 3226 potius
3279 3146 3506 3209 conde-

2008 3251 2107 3305 cet
2138 3242 2282 3304 fieri
2324 3243 2443 3305 ista
2483 3262 2595 3324 per
2638 3243 2869 3305 multos
2909 3243 3254 3319 ministrOS,
3283 3263 3502 3326 quem-

2005 3341 2349 3403 admodum
2395 3349 2459 3403 et
2499 3341 2564 3402 in
2611 3349 2865 3404 terreno
2914 3342 3235 3405 cernimus
3285 3361 3498 3423 regn0.

2005 3441 2455 3502 Verumtamen
2489 3439 2781 3521 quamvis
2826 3458 2950 3503 non
2991 3448 3202 3502 essent
3233 3440 3353 3502 ista
3381 3449 3503 3503 ter-

2009 3557 2179 3610 rena,
2241 3537 2447 3599 adhuc
2508 3538 2760 3600 deceret
2821 3557 2958 3601 esse
3023 3539 3502 3601 multitudinem

2005 3636 2375 3716 angelorum
2405 3637 2481 3698 ad
2513 3637 2948 3699 adsistendum
2987 3637 3138 3718 Regi
3179 3657 3501 3719 supreme,

2008 3741 2307 3816 tanquam
2351 3741 2634 3816 paratam
2676 3754 2929 3817 semper
2960 3754 3180 3818 parere
3209 3736 3350 3816 ejus
3391 3735 3505 3798 im-

2006 3833 2202 3914 perio.
2238 3868 2318 3877 —
2348 3832 2634 3914 Denique
2676 3833 2740 3894 in
2783 3833 3076 3915 pluribus
3116 3853 3339 3896 verum
3383 3843 3500 3908 est,

2005 3931 2174 4013 quod
2233 3931 2596 3993 distantiam
2651 3950 2688 3992 a
2741 3932 2868 3994 Deo
2919 3933 3270 3994 secundum
3331 3933 3503 3994 simi-

2006 4030 2342 4092 litudinem
2394 4029 2856 4091 concomitatur
2908 4029 3112 4110 maj0r
3159 4030 3501 4093 multitudo

2005 4146 2218 4189 rerum
2249 4126 2640 4189 distantium.
2675 4127 2933 4208 Propter
2963 4128 3132 4208 quod
3176 4127 3378 4207 major
3405 4136 3502 4190 est

400 4226 558 4308 puli,
601 4225 875 4306 dignitas
925 4226 1127 4306 regis3
1180 4226 1245 4287 in
1298 4226 1613 4308 paucitate
1664 4225 1891 4308 plebis,
1924 4223 1973 4285 D
2007 4224 2346 4287 multitudo
2379 4224 2782 4287 mineralium
2814 4243 3004 4306 quam
3037 4225 3502 4306 plantarum‚et

398 4323 749 4406 ignominia
806 4324 1137 4405 principiS.
1190 4323 1413 4404 Angeli
1470 4331 1683 4386 autem
1747 4333 1896 4387 sunt

394 4421 920 4486 administratorii
958 4421 1241 4503 spiritus
1276 4421 1403 4484 Nec
1443 4430 1537 4484 est
1566 4422 1777 4484 simile
1817 4424 1895 4485 de

394 4521 527 4584 sole
568 4529 631 4584 et
672 4520 843 4594 luna,
878 4520 1029 4603 quia
1067 4520 1132 4581 in
1174 4520 1267 4582 eis
1315 4520 1705 4602 plurificatio
1746 4542 1893 4605 sup-

394 4619 747 4702 positorum
791 4618 912 4681 sub
956 4618 1171 4700 specie
1221 4637 1347 4680 una
1392 4618 1643 4682 obesset
1684 4619 1893 4682 ordini

392 4727 456 4781 et
498 4718 667 4781 bono
712 4717 1061 4780 communi.

470 4817 948 4896 Consequenter
985 4815 1210 4897 quaerit
1238 4815 1592 4878 Alexander
1631 4817 1709 4878 de
1748 4835 1893 4878 cau-

392 4934 459 4978 sa
496 4921 687 4976 tantae
722 4914 1153 4975 multitudinis
1194 4914 1584 4994 angelorum.
1620 4915 1895 4997 Respon-

2004 4323 2363 4405 plantarum
2415 4343 2604 4405 quam
2663 4323 3057 4386 animalium.
3113 4324 3233 4387 Sed
3285 4331 3498 4386 utrum

2003 4422 2090 4483 ita
2134 4422 2218 4483 sit
2258 4422 2334 4484 de
2373 4422 2635 4502 angeliS,
2670 4420 2788 4484 soli
2832 4422 2959 4484 Deo
3007 4431 3102 4485 est
3151 4423 3495 4505 cognitum.

2001 4522 2294 4583 Attamen
2337 4520 2562 4582 finitus
2605 4528 2702 4582 est
2741 4539 3045 4583 numerus
3088 4524 3498 4602 eorumdem3

2003 4618 2373 4681 hominibus
2402 4637 2552 4681 vero
2592 4619 2870 4682 incertus
2909 4628 3026 4694 est,
3062 4629 3131 4682 ut
3164 4621 3252 4682 ait
3282 4621 3500 4684 Glossa

2004 4737 2196 4798 super
2255 4717 2412 4779 illud
2467 4717 2979 4800 lom-Numquid
3038 4727 3134 4781 est
3192 4738 3498 4782 numerus
3538 4736 3790 4787 Jobxxm.

2006 4815 2283 4877 militum
2315 4815 2498 4895 ejus?
2533 4816 2692 4878 lllud
2724 4817 2960 4880 etenim
2992 4825 3088 4881 est
3118 4818 3196 4881 de
3225 4817 3325 4880 his
3356 4837 3497 4899 quae

2004 4921 2293 4996 spectant
2319 4915 2396 4976 ad
2428 4914 2830 4977 altitudinem
2871 4917 3197 4998 sapientiae
3225 4917 3360 4991 Dei,
3393 4935 3500 4978 cu·
3527 4936 3789 4986 nonnas.

392 5013 493 5074 det
528 5031 543 5076 ε
578 5013 673 5075 Ad
704 5012 825 5074 hoc
858 5011 1201 5074 dicendum
1231 5011 1504 5084 videtur,
1530 5014 1700 5094 quod
1729 5014 1896 5076 sicut
2000 5013 2105 5093 jus
2137 5013 2810 5094 incomprehensibilia
2839 5023 3087 5076 exstant-
3111 5015 3369 5094 judicia.
3386 5016 3500 5077 Ve-

394 5111 663 5174 habetur
708 5109 792 5172 ab
840 5109 1193 5191 Augustino
1236 5128 1429 5191 snper
1471 5110 1765 5173 Genesim
1816 5113 1893 5174 ad

396 5206 691 5281 litteram,
728 5226 927 5289 quum
973 5208 1180 5289 angeli
1229 5207 1357 5269 sint
1401 5207 1674 5270 ministri
1727 5217 1898 5290 potc-

398 5305 573 5369 statis
630 5305 867 5369 divinae
916 5305 980 5368 in
1030 5304 1335 5368 creaturis
1396 5306 1641 5382 mundi,
1693 5326 1895 5389 quum

2004 5129 2148 5173 rum
2196 5113 2364 5193 quod
2418 5111 2692 5172 maxima
2741 5112 2822 5174 sit
2867 5113 3204 5174 multitudo
3251 5114 3501 5194 angelo-

2006 5229 2173 5283 rum,
2235 5209 2466 5289 conjici
2527 5217 2736 5291 potest
2792 5228 2870 5271 ex
2927 5209 3132 5272 dictis.
3196 5210 3500 5283 Quocirca

2006 5307 2204 5389 quaeri
2252 5313 2478 5389 potest,
2522 5313 2740 5370 utrum
2782 5327 3088 5370 numerus
3130 5309 3500 5390 angelorum
