4334 6242
1033 532 1238 579 mmm
1277 531 1501 581 ANGEm
1541 532 1725 579 rnAvl
1769 532 1904 579 sim·
1945 532 2261 581 onsrlNArl
2306 534 2370 581 IN
2409 533 2613 592 vl'rHS,
2652 532 2781 581 mc.

3344 512 3465 577 377

356 720 424 763 se
472 700 698 765 habuit
739 703 909 785 quod
951 704 1028 766 ad
1070 704 1301 766 vitium
1353 704 1709 778 inclinaret,
1743 705 1852 767 sed
1887 705 1939 768 A
1967 706 2192 785 deant3
2224 713 2288 768 et
2315 707 2677 769 deserentes
2710 704 2907 778 illam,
2941 702 3189 765 nullum
3222 702 3465 765 bonum

356 800 614 881 propria
645 810 993 884 spontanea
1023 802 1332 865 electione
1368 802 1609 866 malum
1638 803 1852 884 elegit,

359 898 421 960 in
474 899 697 961 eodem
758 898 1110 963 immobilis
1167 910 1586 984 permaneret.
1636 902 1854 984 Itaque

359 1004 544 1078 prout
571 997 934 1075 Tobstinatio
987 999 1106 1061 ista
1152 1006 1248 1061 est
1296 1018 1486 1081 poena
1540 1001 1850 1084 punitiva,

355 1103 450 1158 est
479 1096 784 1178 sapientis
824 1095 1118 1169 effectuS,
1153 1116 1270 1160 nec
1309 1106 1661 1161 creaturam
1700 1099 1854 1162 facit

357 1194 732 1257 deteriorem
782 1202 890 1257 aut
941 1197 1314 1278 turpiorem,
1363 1198 1473 1259 sed
1522 1197 1850 1260 meliorem

355 1310 426 1353 ac
468 1293 923 1374 pulchriorem.
971 1294 1279 1376 Iniquitas
1323 1314 1600 1377 namque
1646 1296 1852 1377 impu-

353 1391 506 1463 nita,
559 1400 656 1453 est
703 1391 946 1473 turpis3
997 1393 1222 1474 punita
1268 1411 1440 1467 ver0,
1491 1394 1854 1475 resplendet

353 1490 580 1552 decore
615 1488 882 1570 justitiae
916 1508 930 1553 :
965 1491 1132 1553 sicut
1169 1499 1426 1554 sanctus
1469 1493 1555 1553 ait
1592 1492 1855 1555 Ambro-

353 1588 505 1661 sius,
539 1588 711 1669 quod
751 1587 860 1650 fur
896 1588 1164 1671 pulcher
1206 1597 1302 1651 est
1343 1590 1409 1652 in
1451 1590 1759 1673 patibulo,
1792 1597 1854 1653 et

350 1686 538 1749 Judas
590 1687 826 1750 residet
865 1687 930 1749 in
969 1687 1221 1751 inferno
1259 1688 1435 1751 velut
1480 1689 1854 1753 carbunculi

353 1786 680 1866 gemmula
710 1785 776 1847 in
805 1786 1249 1849 auro—Hinc
1281 1788 1563 1869 loquitur
1590 1790 1856 1871 Prosper

1968 803 2132 867 velle
2172 811 2408 886 queant
2448 822 2573 885 quo
2611 820 2737 866 non
2780 808 3051 865 careant.
3085 836 3166 846 --
3194 800 3338 863 Haec
3368 799 3468 861 Al-

1968 902 2187 965 bertus
2220 902 2329 964 ibi.
2365 902 2601 980 Tamen
2632 909 2703 964 ut
2742 920 2935 983 supra
2965 900 3029 962 in
3062 899 3277 961 verbis
3307 899 3468 962 Tho·-
3518 930 3563 973 p.
3596 914 3736 961 2⁷⁵1).

1969 1020 2088 1063 mae
2130 1008 2226 1063 est
2273 1008 2535 1076 tactum,
2570 1001 2637 1062 in
2686 1000 2786 1063 his
2834 997 3353 1081 praesupponitur
3404 998 3467 1060 id

1967 1100 2152 1180 cujus
2192 1099 2352 1162 ratio
2392 1100 2651 1181 petitur,
2686 1105 2905 1181 utpote
2946 1098 3112 1179 quod
3150 1096 3468 1159 daemones

1967 1198 2175 1280 prima
2214 1198 2524 1261 electione
2555 1217 2671 1261 sua
2709 1203 3033 1279 ponuntur
3065 1196 3130 1257 in
3169 1195 3465 1257 termino.

2036 1295 2385 1358 Concordat
2416 1294 2736 1377 praedictis
2766 1293 3087 1363 Udalricus
3118 1293 3181 1354 in
3213 1292 3471 1354 Summa

1967 1413 2101 1466 sua,
2126 1392 2292 1456 libro
2321 1403 2546 1476 quarto
2580 1412 2595 1455 :
2631 1392 3077 1456 obdurationis
3106 1392 3467 1454 daemonum

1965 1499 2028 1554 et
2075 1491 2366 1554 omnium
2415 1493 2858 1555 damnatorum
2911 1508 3120 1563 causa,
3168 1497 3265 1552 est
3313 1506 3469 1571 quo-

1967 1590 2139 1652 niam
2183 1591 2319 1673 ipse
2359 1590 2468 1672 qui
2512 1590 2621 1664 ait,
2656 1590 2806 1653 Sine
2850 1606 2951 1651 me
2995 1587 3157 1649 nihil
3204 1587 3468 1669 potestis
3508 1608 3761 1659 Joannav,

1966 1688 2197 1763 facere,
2232 1689 2383 1750 dum
2425 1688 2657 1751 deserit
2700 1687 3024 1750 hominem
3058 1686 3123 1747 in
3164 1685 3281 1747 hac
3313 1684 3465 1759 vita,
3498 1674 3539 1716 ⁵·

1969 1805 2116 1850 mox
2156 1788 2448 1868 sequitur
2486 1806 2669 1849 casus
2702 1787 2766 1848 in
2800 1786 3079 1867 culpam,
3112 1784 3468 1847 secundum

356 1883 419 1945 in
451 1883 618 1947 libro
649 1883 727 1946 de
754 1885 895 1947 Vita
928 1886 1420 1967 contemplativa
1448 1905 1462 1947 :
1489 1886 1711 1969 Angeli
1744 1888 1855 1970 qui
1889 1889 1937 1952 B
1967 1886 2032 1948 id
2062 1885 2291 1948 Psalmi
2328 1902 2341 1947 :
2372 1884 2595 1947 Dimisi
2629 1902 2736 1947 eos
2768 1884 3119 1946 secundum
3155 1881 3467 1945 desideria
3537 1898 3619 1943 Pe.
3642 1911 3763 1951 mx,

355 2000 420 2043 se
451 1990 674 2044 contra
697 1982 1055 2045 Creatorem
1087 1984 1282 2065 typho
1313 1984 1516 2047 letalis
1547 1986 1858 2067 superbiae

355 2079 672 2142 hostiliter
718 2086 1078 2153 erexerunt,
1121 2081 1198 2142 de
1247 2100 1525 2163 superna
1571 2083 1715 2145 coeli
1766 2102 1858 2145 re-

356 2177 540 2258 gione
572 2176 841 2259 projecti
872 2185 1022 2241 sunt
1054 2195 1068 2240 τ
1102 2197 1261 2260 quos
1294 2178 1512 2242 divina
1545 2180 1858 2243 sententia

358 2293 430 2337 eo
457 2274 705 2355 judicio
737 2277 1205 2351 condemnavit,
1235 2284 1306 2339 ut
1336 2278 1487 2359 quia
1514 2279 1857 2341 noluerunt

360 2391 762 2454 perseverare
806 2393 1006 2455 quum
1051 2384 1330 2456 possent,
1365 2395 1482 2438 nec
1521 2376 1721 2439 velint
1762 2396 1854 2439 rc-

358 2470 562 2552 parari
615 2489 732 2532 nec
785 2471 1049 2553 possint.
1104 2472 1430 2554 Siquidem
1488 2474 1855 2555 praevarica-

357 2568 543 2631 tionis
593 2587 813 2631 eorum
863 2570 1245 2632 demeritum
1293 2571 1436 2645 fuit,
1483 2573 1652 2654 quod
1704 2573 1856 2635 irre.-

359 2666 665 2729 vocabilis
703 2667 930 2747 judicii
977 2669 1525 2732 animadversione
1569 2672 1854 2752 percussi

363 2772 538 2843 sunt3
569 2774 634 2827 et
663 2766 740 2827 ad
772 2766 1242 2829 damnationem
1269 2766 1691 2847 justissimam
1723 2787 1856 2851 pro-

363 2862 528 2925 fecto
567 2863 897 2945 pertinuit,
931 2863 1099 2945 quod
1140 2863 1506 2927 facultatem
1548 2866 1854 2928 redeundi

362 2980 432 3023 ac
461 2961 853 3023 voluntatem
887 2963 1142 3043 penitus
1177 2962 1545 3025 amiserunt.
1579 2964 1721 3027 Haec
1752 2966 1854 3027 Al-

364 3057 596 3121 bertus.

289 3178 326 3217 ·.
436 3157 554 3231 Qui
597 3164 662 3219 et
703 3156 768 3220 in
815 3157 978 3220 libro
1020 3159 1096 3220 de
1141 3159 1216 3220 IV
1251 3157 1634 3240 Coaequaevis
1668 3177 1682 3221 :
1717 3162 1856 3224 Pro-

362 3255 498 3337 pria
538 3255 804 3338 (inquit)
845 3275 1035 3318 causa
1082 3256 1589 3320 confirmationis
1631 3259 1857 3321 daemo·

361 3372 511 3415 num
545 3353 612 3415 in
644 3361 924 3435 peccato,
946 3362 1043 3416 est
1072 3371 1292 3417 eorum
1323 3355 1614 3417 voluntas
1655 3374 1670 3418 ε
1703 3375 1856 3438 quo-

360 3451 530 3513 niam
571 3451 730 3513 ratio
767 3470 990 3514 eorum
1030 3452 1122 3513 sic
1160 3460 1256 3514 est
1295 3461 1525 3527 creata,
1558 3454 1726 3535 quod
1759 3462 1856 3517 est

358 3550 508 3612 boni
557 3557 621 3611 et
663 3549 836 3623 mali,
873 3555 1132 3632 propter
1175 3549 1414 3613 bonum
1464 3552 1852 3633 eligendum,

357 3656 417 3711 et
479 3655 742 3730 propter
801 3667 1126 3711 summum
1189 3649 1429 3712 bonum
1496 3650 1854 3732 adipiscen-

360 3748 531 3809 dum.
568 3747 743 3809 Unde
787 3745 940 3808 dum
993 3747 1151 3809 illud
1198 3748 1493 3830 acquirit,
1527 3741 1680 3812 tunc
1728 3767 1855 3812 non

359 3856 451 3907 est
489 3846 767 3927 amplius
808 3844 958 3909 boni
998 3852 1060 3908 et
1100 3846 1273 3921 mali,
1309 3847 1416 3908 sed
1459 3855 1582 3909 stat
1621 3847 1685 3909 in
1722 3848 1852 3922 illo,

359 3945 578 4026 sicque
606 3952 703 4006 est
734 3944 1052 4007 indeflexa
1079 3944 1159 4007 ab
1191 3946 1318 4007 illo.
1344 3945 1645 4008 Voluntas
1679 3946 1860 4028 quip-

359 4062 437 4124 pe
487 4042 796 4124 quamdiu
840 4042 906 4104 in
953 4042 1055 4104 via
1095 4051 1211 4117 est,
1243 4044 1536 4126 quamvis
1580 4044 1856 4107 declinet

359 4141 432 4202 ad
464 4140 744 4222 culpam,
778 4157 904 4202 non
945 4132 1155 4201 tamen
1191 4141 1525 4204 induratur
1553 4142 1646 4203 sic
1678 4142 1741 4204 in
1783 4161 1857 4206 ea

1968 1984 2176 2046 cordis
2222 1984 2529 2064 ipsorum,
2565 1981 2751 2044 ibunt
2795 1983 2862 2043 in
2904 1979 3467 2043 adinventionibus
3499 1965 3563 2005 ¹³·

1967 2082 2128 2160 suis3
2152 2088 2215 2144 et
2244 2081 2405 2143 illud
2434 2079 2951 2143 Isaiae:Auferam
2985 2098 3200 2161 sepem
3233 2078 3469 2159 ejuS,et
3532 2096 3726 2145 1⁸.v‚5.

1965 2179 2084 2242 erit
2116 2179 2182 2241 in
2213 2177 2864 2262 direptionemouum
2891 2196 3039 2259 ergo
3071 2177 3342 2241 totaliter
3372 2177 3471 2238 de·

1965 2279 2119 2341 serit
2149 2279 2685 2360 qualemcumque
2715 2278 3086 2341 rationalem
3118 2286 3467 2340 creaturam

1966 2385 2277 2460 quantum
2308 2377 2384 2438 ad
2417 2394 2607 2439 omne
2638 2376 3067 2439 ordinativum
3098 2376 3163 2437 in
3202 2375 3465 2449 bonum,

1966 2492 2093 2537 non
2126 2481 2333 2556 potest
2372 2473 2643 2536 affectus
2684 2481 2988 2537 creaturae
3028 2474 3173 2536 talis
3210 2491 3468 2536 consur-

1965 2592 2113 2655 gere
2164 2572 2229 2634 in
2286 2572 2544 2653 aliquod
2607 2571 2869 2645 bonum,
2922 2572 3031 2635 sed
3093 2591 3346 2654 semper
3390 2573 3470 2634 ad

1967 2671 2208 2733 malum
2244 2688 2258 2733 :
2292 2678 2357 2731 et
2385 2671 2506 2733 hoc
2537 2676 2631 2733 est
2665 2670 2731 2731 in
2763 2670 3037 2732 termino
3068 2670 3208 2743 viae,
3233 2670 3343 2751 qui
3374 2676 3471 2731 est

1967 2769 2213 2831 homini
2246 2787 2439 2842 morS,
2474 2776 2536 2831 et
2565 2768 2787 2849 angelo
2819 2787 3021 2831 casus,
3046 2804 3125 2815 -
3155 2768 3314 2831 Hinc
3344 2767 3471 2831 dia-

1968 2867 2152 2929 bolus
2202 2866 2436 2930 habere
2484 2885 2613 2929 non
2658 2874 2862 2949 potest
2907 2865 3138 2929 bonam
3182 2866 3471 2929 volunta-

1965 2973 2118 3039 tem,
2170 2984 2289 3028 nec
2340 2984 2500 3048 opus
2549 2963 2789 3027 bonum
2835 2982 2849 3027 :
2892 2964 3042 3046 quia
3091 2965 3262 3046 quod
3307 2963 3467 3039 vult,

1893 3068 1936 3131 C
1968 3070 2077 3125 aut
2107 3080 2362 3144 semper
2390 3068 2485 3124 est
2527 3061 2803 3140 malum;
2834 3068 2939 3123 aut
2978 3062 3030 3123 si
3071 3069 3167 3124 est
3204 3061 3467 3135 bonum,

1968 3169 2181 3223 tamen
2223 3161 2358 3221 vult
2403 3160 2561 3221 illud
2604 3160 2790 3233 male,
2824 3167 2933 3221 aut
2972 3160 3112 3222 vult
3157 3160 3312 3221 illud
3354 3160 3470 3221 im-

1970 3258 2253 3340 perfecta
2281 3258 2622 3331 voluntate,
2638 3277 2779 3339 quae
2809 3276 3135 3339 nunquam
3172 3255 3472 3339 pertingit

1968 3357 2046 3419 ad
2116 3363 2330 3418 actum
2400 3356 2792 3438 completum
2858 3355 2982 3417 nisi
3047 3354 3167 3417 sub
3230 3356 3471 3417 ratione

1971 3453 2229 3517 malitiae
2266 3471 2281 3514 ι
2323 3453 2861 3535 quemadmodum
2902 3453 2961 3515 S.
3008 3452 3344 3535 Dionysius
3384 3452 3473 3514 ait

1968 3560 2195 3635 quarto
2224 3552 2495 3634 capitulo
2522 3551 2599 3613 de
2631 3551 2875 3614 Divinis
2907 3551 3471 3633 nominibus,quod

1969 3652 2290 3714 daemones
2332 3649 2701 3711 naturaliter
2731 3656 3041 3732 appetunt
3083 3648 3345 3723 bonum,
3378 3650 3470 3713 vi-

1970 3748 2201 3811 delicet
2238 3767 2398 3821 esse,
2432 3747 2669 3821 vivere,
2712 3746 3103 3828 intelligere3
3147 3749 3255 3810 sed
3296 3755 3475 3810 natu-

1970 3846 2119 3908 ralis
2151 3846 2272 3908 iste
2310 3845 2630 3928 appetitus
2670 3863 2797 3907 non
2838 3844 3124 3926 procedit
3162 3845 3228 3907 in
3258 3852 3468 3908 actum

1972 3945 2096 4006 nisi
2143 3963 2288 4006 curn
2336 3943 2737 4006 deformitate
2780 3942 3209 4007 deliberativae
3254 3944 3475 4006 volun·-

1974 4044 2140 4116 tatis,
2166 4062 2291 4124 qua
2321 4042 2454 4105 haec
2486 4040 2708 4104 volunt
2740 4040 2972 4104 habere
3002 4043 3078 4104 ad
3111 4062 3297 4105 usum
3332 4061 3474 4124 pec-

1972 4140 2177 4201 candi.
2238 4140 2410 4202 Unde
2470 4140 2534 4201 B.
2592 4139 2930 4222 Dionysius
2990 4138 3079 4201 ibi
3142 4140 3469 4222 praemisit,

359 4246 428 4299 ut
453 4238 628 4301 aliud
659 4238 962 4300 affectare
1001 4256 1128 4301 non
1159 4238 1359 4300 valeat
1401 4239 1524 4301 nisi
1558 4240 1854 4321 culpam3
1888 4248 1936 4309 D
1970 4238 2139 4319 quod
2183 4237 2304 4319 ipsi
2346 4256 2472 4299 non
2515 4238 2735 4301 vident
2776 4257 2891 4300 sua
2934 4238 3241 4300 naturalia
3282 4239 3468 4313 dona,
3512 4276 3520 4285 ·

359 4356 496 4417 quae
538 4354 689 4399 vero
727 4345 825 4399 est
865 4337 931 4399 in
972 4336 1244 4398 termino
1274 4337 1414 4411 viae,
1449 4338 1540 4399 nil
1579 4339 1856 4422 amplius

359 4436 492 4496 vult
539 4454 733 4517 quam
785 4443 1137 4515 peccatum.
1183 4472 1264 4481 —
1310 4436 1470 4498 Hinc
1516 4438 1856 4501 Anselmus

359 4532 424 4595 in
467 4532 633 4595 libro
675 4533 754 4595 de
796 4532 955 4596 Casu
995 4534 1231 4595 diaboli
1268 4552 1281 4596 ε
1316 4535 1538 4616 Angeli
1573 4535 1716 4616 (ait)
1746 4537 1856 4618 qui

359 4631 722 4693 maluerunt
766 4630 925 4692 illud
965 4629 1110 4712 plus
1149 4632 1318 4713 quod
1360 4633 1525 4695 Deus
1568 4634 1660 4695 eis
1702 4652 1856 4695 non-

358 4730 508 4791 dum
557 4730 708 4791 dare
751 4728 1022 4804 volebat,
1057 4749 1244 4812 quam
1293 4738 1457 4793 stare
1504 4732 1566 4793 in
1609 4732 1856 4812 justitia

360 4827 424 4889 in
471 4847 598 4910 qua
647 4828 840 4890 creati
889 4836 1088 4903 crant,
1133 4828 1352 4891 eadem
1400 4829 1648 4908 justitia
1693 4830 1858 4911 judi-

360 4934 560 4999 cante,
595 4932 658 4987 et
687 4925 846 4988 illud
878 4933 1138 5009 propter
1167 4928 1337 5009 quod
1367 4928 1543 4990 illam
1576 4936 1854 4991 contem-

360 5031 644 5105 pserunt,
679 5043 1078 5106 nequaquam
1121 5024 1557 5100 obtinuerunt,
1590 5036 1653 5089 et
1687 5029 1853 5109 quod

359 5121 658 5184 tenebant
697 5123 960 5196 bonum,
991 5124 1361 5186 amiserunt.
1398 5124 1500 5188 Sic
1529 5145 1688 5208 ergo
1731 5128 1856 5189 dis-

361 5220 512 5281 creti
563 5229 713 5282 sunt
759 5222 988 5303 angeli,
1023 5228 1092 5283 ut
1142 5223 1520 5287 inhaerentes
1566 5226 1851 5306 justitiae,

363 5317 609 5381 nullum
639 5319 878 5385 bonum
911 5321 1074 5387 velle
1113 5322 1360 5407 possint
1391 5342 1517 5409 quo
1551 5342 1678 5387 non
1708 5344 1854 5409 gau-

1969 4336 2336 4398 claudentes
2376 4354 2522 4398 suas
2558 4336 2825 4397 virtutes
2867 4336 3017 4399 boni
3061 4335 3467 4420 inspectivaS,

1969 4456 2048 4497 ne
2098 4434 2343 4497 scilicet
2392 4434 2647 4497 videant
2696 4434 2773 4496 ad
2822 4435 3061 4498 bonum
3112 4455 3324 4510 usum,
3358 4436 3469 4499 sed

1969 4533 2357 4596 malum.Vel
2386 4532 2514 4614 agit
2547 4553 2623 4595 ex
2655 4534 3027 4595 necessitate
3059 4540 3298 4596 naturae
3318 4551 3331 4596 :
3352 4534 3469 4596 sic-

1967 4639 2038 4694 ut
2085 4632 2443 4715 synderesis
2474 4652 2590 4694 sua
2629 4639 3055 4694 remurmurat
3097 4632 3283 4705 malO,
3316 4633 3469 4714 quia

1968 4732 2033 4793 in
2067 4731 2205 4814 ipsa
2240 4738 2389 4793 sunt
2417 4731 2654 4813 scripta
2692 4730 3003 4793 naturalia
3033 4730 3198 4810 juris
3238 4750 3468 4813 praece-

1966 4839 2095 4914 pta,
2128 4851 2272 4914 quae
2300 4830 2658 4894 necessario
2689 4830 3051 4892 renituntur
3080 4848 3195 4892 suo
3226 4838 3467 4893 contra-

1967 4930 2107 5009 rio;
2159 4948 2279 4992 nec
2336 4929 2519 4991 aliter
2572 4936 2737 4991 esset
2791 4928 2855 4989 in
2909 4928 3002 4991 eis
3060 4928 3464 4991 conscientiae

1965 5028 2223 5090 vermis,
2250 5029 2373 5090 Aut
2402 5046 2477 5089 ex
2510 5026 2832 5089 coactione
2864 5026 3095 5089 divinae
3126 5027 3459 5109 potentiae:
3532 5038 3679 5084 Marc.
3700 5052 3756 5089 ικ.

1966 5126 2503 5207 quemadmodum
2546 5144 2622 5187 ex
2654 5125 2885 5189 Christi
2928 5126 3197 5208 imperio
3234 5126 3313 5189 de
3351 5125 3459 5189 ob·
3488 5106 3753 5217 Reum...

1965 5224 2156 5285 sessis
2206 5224 2401 5286 exivit
2452 5224 2843 5306 corporibus.
2884 5224 3009 5286 Aut
3057 5224 3284 5287 timore
3331 5243 3459 5287 ser·
3492 5230 3559 5270 ¹⁶·

1966 5322 2100 5398 vili,
2157 5323 2508 5386 secundum
2572 5322 2727 5386 illud
2783 5321 2997 5389 Jacobi
3054 5340 3067 5386 :
3130 5323 3456 5389 Dae-mones
3484 5345 3755 5399 mabsam.

3750 5440 3770 5473 0
