4334 6242
678 526 903 583 QCAES'I'.
938 530 1023 573 vll
1066 523 1081 573 ἴ
1122 530 1207 575 ΑΝ
1250 526 1403 575 DEUS
1444 524 1677 575 GUNCTA
1722 522 2088 585 CONSERVET,
2130 524 2205 573 ΕΤ
2246 526 2389 584 Qun)
2431 531 2524 575 sl'r
2563 526 2977 577 CONSERVA'rto
3019 531 3151 576 ISTA

3380 508 3460 575 97

348 698 663 771 mundOS,
696 706 759 760 et
802 706 1027 761 nat-ura
1066 698 1219 762 facit
1258 700 1428 781 quod
1474 699 1700 761 melius
1744 706 1859 761 cst.
1894 697 1945 761 A
1978 699 2222 773 rialem,
2275 700 2338 761 in
2397 720 2523 781 qua
2581 709 2810 763 cuncta
2856 721 2892 763 a
2940 720 3007 763 se
3067 698 3471 781 procedentia

346 795 921 878 Respondendum‚
955 799 1123 880 quod
1160 799 1411 860 nullum
1443 818 1635 878 agens
1667 798 1867 859 inten-

344 893 447 955 dit
502 894 937 975 pluralitatem
1002 896 1395 959 materialem
1458 906 1527 958 ut
1584 896 1783 958 linem
1847 913 1862 957 ε

344 994 665 1073 quoniam
718 994 1061 1057 materialis
1110 994 1455 1057 multitudo
1501 1012 1627 1057 non
1678 994 1868 1056 habet

344 1090 713 1153 terminum
772 1099 1043 1166 certum,
1105 1093 1215 1155 sed
1275 1093 1353 1154 de
1413 1112 1481 1155 se
1537 1093 1743 1155 tendit
1800 1092 1865 1153 in

348 1187 904 1271 infinitum,quod
938 1190 1165 1253 rationi
1196 1189 1351 1253 sinis
1384 1190 1869 1273 repugnat.Por-

350 1304 429 1349 ro
496 1287 717 1370 plures
780 1289 1052 1351 mundos
1112 1308 1251 1351 esse
1316 1288 1611 1351 meliores
1674 1307 1865 1369 quam

356 1405 593 1461 unum,
626 1394 795 1449 esset
826 1389 1179 1450 secundum
1224 1387 1703 1449 multitudinem
1742 1406 1869 1449 ma·

356 1484 655 1547 terialem
693 1502 705 1545 :
740 1492 801 1547 et
838 1486 959 1547 tale
1002 1486 1231 1547 melius
1271 1504 1397 1548 non
1428 1492 1525 1547 est
1558 1486 1635 1547 de
1670 1486 1871 1547 inten-

356 1582 539 1645 tione
586 1584 699 1645 Dei
744 1585 1007 1665 agentis,
1043 1584 1197 1645 Nam
1245 1584 1463 1645 eadem
1514 1584 1775 1656 ratione,
1814 1582 1866 1644 si

356 1680 627 1744 fecisset
680 1683 859 1756 duos,
912 1682 1038 1745 dici
1094 1690 1307 1765 posset
1354 1682 1584 1745 melius
1628 1701 1767 1744 esse
1814 1682 1866 1744 si

356 1778 627 1842 fecisset
690 1789 837 1853 tres,
898 1789 962 1842 et
1024 1780 1111 1843 ita
1180 1780 1247 1843 in
1310 1780 1660 1842 infinitum.
1726 1780 1867 1843 Haec

1974 806 2164 879 atque
2195 798 2272 860 ad
2303 818 2370 859 se
2399 798 2542 878 jure
2574 799 2910 861 creationis
2946 798 3296 881 spectantia
3325 815 3473 860 con·

1976 896 2350 958 tinerentur.
2375 898 2535 958 Hinc
2565 916 2640 959 ex
2675 897 3117 959 convenientia
3147 896 3474 977 regiminis

1979 995 2261 1057 universi
2305 1003 2367 1057 et
2408 996 2635 1058 decore
2684 996 2926 1058 ordinis
2973 994 3476 1075 gubernationis-

1978 1111 2101 1173 que
2144 1092 2459 1166 omnium,
2493 1094 2858 1156 Aristoteles
2905 1091 3243 1155 undecimo
3283 1099 3474 1173 atque

1976 1190 2341 1253 duodecimo
2359 1191 2578 1253 Primae
2605 1190 3014 1272 philosophiae
3039 1188 3324 1271 probavit
3346 1187 3477 1249 uni-

1978 1296 2172 1351 tatem
2204 1289 2515 1370 principis
2547 1289 2781 1351 summi
2813 1287 3112 1350 omnibus
3145 1287 3480 1369 praesiden·

1946 1388 2081 1467 stis,
2133 1388 2440 1448 unitatem
2490 1405 2746 1468 quoque
2803 1386 3084 1448 universi
3139 1384 3472 1466 gubernati

1980 1504 2092 1567 per
2137 1486 2349 1568 ipsum
2384 1506 2398 1549 ε
2435 1486 2638 1559 Entia,
2683 1485 3001 1567 inquienS‚
3044 1484 3270 1547 nolunt
3312 1483 3476 1545 male

1979 1584 2268 1665 disponi3
2312 1583 2640 1665 pluralitas
2682 1583 3044 1664 principum
3093 1582 3278 1655 mala,
3313 1600 3477 1643 unus

1982 1682 2176 1760 igitur
2232 1682 2550 1763 princeps,
2604 1718 2684 1726 —
2730 1682 2823 1743 Ad
2882 1681 3258 1754 secundum,
3307 1680 3477 1761 quod

1982 1780 2147 1841 Deus
2178 1779 2395 1841 omnia
2424 1786 2722 1861 operatur
2759 1780 3111 1841 secundum
3143 1795 3476 1841 censuram

355 1878 759 1941 Thomas.·-—
780 1880 953 1941 Idem
985 1880 1311 1942 Udalricus
1345 1880 1407 1940 in
1439 1880 1699 1941 Summa
1729 1898 1863 1950 sua,
1906 1876 1951 1938 B
1982 1885 2043 1939 et
2072 1878 2362 1940 ordinem
2401 1878 2729 1959 sapientiae
2770 1897 2921 1951 suae,
2953 1895 3081 1939 non
3124 1877 3476 1939 secundum

359 1975 531 2039 libro
574 1986 823 2059 quarto.

444 2075 793 2149 Postremo,
828 2076 907 2137 de
939 2075 1180 2137 unitate
1224 2075 1444 2137 mundi
1482 2074 1673 2149 Plat0,
1707 2082 1769 2136 et
1799 2082 1869 2135 ut

354 2172 583 2234 verbis
616 2181 758 2235 utar
786 2174 851 2235 B.
877 2172 1220 2246 Ambrosii,
1254 2173 1713 2235 disertissimus
1744 2172 1873 2234 Pla-

358 2278 449 2343 to,
484 2270 600 2352 qui
643 2278 714 2332 ut
753 2278 1009 2333 sanct-us
1050 2271 1333 2353 loquitur
1370 2271 1761 2351 Augustinus
1803 2270 1871 2331 li-

358 2369 481 2432 bro
511 2370 593 2431 de
626 2368 891 2431 civitate
921 2369 1469 2437 Dei‚Aristotelem
1504 2368 1685 2449 longe
1717 2368 1873 2431 vicit

354 2468 647 2549 eloquio,
688 2467 777 2529 ait
822 2468 887 2529 in
933 2468 1141 2549 primo
1184 2467 1399 2529 'rimaei
1438 2486 1453 2531 :
1496 2466 1675 2529 Nunc
1724 2485 1871 2529 con-

355 2565 805 2639 siderandum,
853 2573 1069 2627 utrum
1120 2572 1289 2627 recte
1340 2566 1649 2627 mundum
1703 2565 1875 2627 dixe-

358 2664 575 2726 rimus
606 2683 927 2738 unum,an
959 2664 1173 2746 plures
1205 2664 1331 2726 dici
1363 2671 1670 2745 oporteat,
1693 2664 1875 2726 innu-

358 2762 711 2825 merabiles
754 2780 1028 2845 quoque.
1064 2762 1273 2825 Unum
1321 2761 1530 2843 plane,
1568 2762 1870 2843 quoniam

352 2862 547 2941 juxta
614 2880 815 2923 unum
873 2860 1200 2942 exemplar
1261 2859 1571 2922 formatus
1628 2867 1743 2921 est.
1806 2860 1872 2921 ld

358 2980 649 3043 namque
690 2960 859 3042 quod
908 2959 1207 3021 universa
1249 2959 1531 3021 continet
1574 2958 1871 3039 intelligi-

1980 1976 2446 2038 extremitatem
2483 1995 2612 2038 suaa
2643 1976 2959 2057 potentiae.
2995 1975 3258 2047 Idcirco,
3293 1981 3362 2035 ut
3391 1973 3479 2035 ait

1980 2074 2328 2155 Scriptura,
2359 2073 2424 2135 in
2456 2092 2744 2147 numere,
2781 2074 3056 2155 pondere
3087 2081 3148 2135 et
3181 2090 3479 2134 mensura

1981 2172 2310 2234 constituit
2359 2173 2674 2235 universa.
2714 2206 2796 2217 —
2838 2172 2928 2234 Ad
2974 2171 3256 2245 tertium,
3306 2171 3477 2251 quod

1982 2272 2266 2333 Salvator
2316 2272 2378 2333 in
2423 2270 2638 2333 verbis
2687 2270 2815 2332 illis
2867 2290 2981 2352 per
3022 2270 3334 2332 mundum
3385 2270 3477 2330 in-

1982 2369 2224 2431 tellexit
2256 2369 2546 2432 homines
2587 2369 2840 2450 impios,
2875 2366 3176 2449 reprobos
3207 2375 3270 2429 et
3299 2387 3482 2429 mun—

1982 2468 2178 2530 danos
2213 2486 2228 2546 3
2290 2468 2510 2549 sicque
2576 2468 2640 2529 in
2703 2466 3064 2547 Evangelio,
3127 2466 3476 2547 praesertim

1982 2566 2041 2628 S.
2083 2566 2363 2639 Joannis,
2407 2566 2682 2627 mundus
2730 2565 3096 2646 frequenter
3142 2564 3476 2645 accipitur,

1981 2663 2161 2743 juxta
2192 2664 2360 2745 quod
2391 2664 2617 2725 asserit
2646 2661 3122 2725 ChristustNon
3154 2679 3269 2743 pro
3301 2680 3481 2723 mun-

1983 2762 2065 2824 do
2108 2780 2277 2843 rogo.

2064 2960 2348 3042 Denique
2398 2961 2568 3022 circa
2617 2960 2750 3023 haec
2799 2962 2997 3043 aliqui
3049 2970 3362 3043 quaerunt,
3403 2983 3483 3025 an

357 3058 547 3131 bilia,
582 3078 731 3120 cum
774 3059 901 3120 alio
944 3057 1299 3119 secundum
1338 3075 1477 3119 esse
1521 3074 1648 3119 non
1700 3064 1873 3137 pote·
1910 3058 1953 3123 C
1983 3056 2100 3119 soli
2142 3058 2269 3120 Deo
2300 3058 2635 3121 conveniat
2669 3078 2768 3121 res
2810 3060 2976 3141 ipsas
3016 3061 3388 3142 producere,
3421 3069 3485 3123 et

358 3164 479 3219 rat.
518 3157 597 3219 Ut
635 3174 785 3237 ergo
822 3155 1193 3237 exemplari,
1229 3156 1413 3237 cujus
1452 3155 1873 3218 imitationem
1986 3164 2200 3217 utrum
2233 3157 2398 3218 Deus
2431 3156 2493 3219 in
2526 3158 2696 3219 omni
2729 3158 3093 3240 operat-ione
3126 3176 3327 3221 causae
3359 3177 3487 3220 cre·

356 3254 819 3327 aemulabatur,
878 3253 1339 3317 assimilaretur
1396 3253 1589 3315 etiam
1652 3272 1872 3315 nume-

358 3372 457 3427 ro,
504 3354 569 3415 id
618 3361 717 3415 est
765 3351 1083 3434 principio
1129 3352 1404 3425 numeri,
1456 3358 1675 3433 utpote
1734 3351 1871 3413 uni-

364 3460 518 3526 tate,
570 3451 805 3513 similis
854 3458 1067 3528 esset3
1122 3450 1361 3513 idcirco
1410 3468 1529 3512 nec
1581 3451 1709 3512 duo
1764 3468 1869 3511 ne-

360 3570 493 3633 que
538 3546 1039 3613 innumerabiles
1080 3567 1117 3610 a
1160 3548 1287 3611 Deo
1329 3557 1425 3610 est
1465 3547 1690 3610 sactus,
1728 3548 1869 3611 Haec

360 3650 560 3712 Plato.

472 3748 565 3809 De
626 3745 953 3809 erroribus
1020 3746 1279 3807 demum
1341 3744 1869 3827 philosophorum

360 3845 795 3929 quorumdam
855 3842 1075 3907 scribit
1138 3844 1205 3905 in
1268 3843 1693 3905 Hexaemeron
1754 3861 1869 3906 suo

356 3944 739 4007 Ambrosius
772 3961 788 4005 ε
822 3942 909 4004 De
941 3941 1181 4004 mundo
1206 3940 1485 4021 (dicens)
1515 3959 1640 4004 non
1677 3941 1870 4003 medi·

358 4043 533 4106 ocris
590 4042 757 4103 inter
806 4039 949 4102 illos
998 4039 1266 4121 quaestio
1322 4047 1438 4101 est.
1490 4038 1869 4121 Pythagoras

358 4142 541 4205 enim
574 4158 775 4202 unum
804 4137 1031 4200 asserit
1062 4137 1408 4215 mundum3
1440 4137 1549 4199 alii
1583 4137 1871 4200 innume-

362 4237 623 4309 rabileS,
654 4244 725 4298 ut
752 4236 1053 4318 opinatur
1083 4236 1497 4298 Democritus.
1522 4236 1645 4297 Alii
1687 4255 1867 4298 mun·
1900 4240 1951 4303 D

360 4336 523 4397 dum
546 4334 865 4397 {estimant
888 4350 1029 4395 esse
1056 4334 1267 4407 deum,
1286 4333 1373 4395 ita
1402 4334 1564 4415 quod
1596 4334 1654 4395 ei
1690 4352 1869 4395 mens

362 4435 523 4497 insit
562 4432 819 4511 divina3
858 4432 970 4494 alii
1015 4440 1225 4513 partes
1263 4432 1439 4513 ejus3
1481 4431 1588 4493 alii
1630 4439 1869 4493 utrum-

364 4552 515 4615 que.
560 4532 721 4595 Hinc
763 4530 985 4617 divino
1030 4529 1271 4611 Spiritu
1323 4536 1681 4611 praeventus
1728 4550 1867 4592 san-

364 4642 511 4695 ctus
554 4630 819 4713 MoyseS,
853 4629 919 4690 in
960 4628 1220 4691 exordio
1257 4628 1355 4689 sui
1400 4628 1711 4690 sermonis
1753 4629 1867 4692 hos

306 4775 317 4785 .
366 4729 709 4793 hominum
736 4726 1083 4789 excludens
1111 4744 1355 4789 errores
1386 4742 1399 4787 :
1426 4726 1497 4788 In
1530 4726 1865 4808 principio,

365 4828 481 4901 ait,
517 4825 757 4889 creavit
800 4826 965 4886 Deus
1008 4824 1245 4886 coelum
1286 4830 1350 4885 et
1388 4831 1643 4886 terram.

448 5022 545 5086 Ad
576 5022 861 5104 primum
902 5020 1095 5101 igitur
1130 5020 1667 5101 respondendum,
1699 5022 1869 5102 quod

366 5140 573 5185 unum
624 5120 831 5183 solum
880 5137 1094 5200 regem
1137 5126 1201 5180 et
1244 5119 1653 5181 monarcham
1701 5120 1871 5182 altis-

364 5222 607 5283 simum
651 5217 867 5280 decuit
902 5236 1101 5279 unum
1140 5215 1375 5279 habere
1414 5236 1679 5297 regnum
1721 5224 1873 5280 tota-

368 5320 450 5394 le,
483 5325 549 5381 et
592 5335 783 5381 unam
822 5317 1148 5379 dumtaxat
1193 5316 1626 5378 monarchiam
1676 5316 1871 5397 impe-

618 5452 683 5505 Τ.
720 5450 799 5503 21.

1981 3260 2098 3317 atae
2136 3272 2211 3316 ac
2250 3255 2544 3317 secundae
2593 3255 2961 3319 immediate
2999 3276 3071 3319 ac
3111 3255 3481 3338 principali-

1983 3359 2079 3413 ter
2121 3359 2437 3433 operetur.
2483 3354 2571 3416 De
2614 3353 2850 3436 quibus
2900 3362 3287 3436 pertranseo,
3331 3354 3481 3436 quia

1979 3450 2113 3531 jam
2155 3469 2348 3531 super
2391 3452 2674 3532 primum
2718 3452 3004 3515 discussa
3047 3459 3212 3515 sunt.

2061 3547 2325 3621 Quidam
2366 3567 2517 3611 vero
2556 3550 2660 3611 hic
2699 3559 3013 3632 quaerunt,
3047 3570 3126 3613 an
3165 3551 3292 3613 Deo
3331 3568 3478 3614 con-

1980 3647 2195 3709 veniat
2238 3654 2447 3709 creata
2490 3665 2882 3719 conservare⁸
2907 3649 2972 3711 in
3015 3668 3176 3723 esse,
3217 3657 3282 3711 et
3323 3649 3478 3731 quid

1981 3746 2063 3807 sit
2113 3745 2508 3808 conservatio
2551 3746 2690 3821 ista,
2722 3754 2913 3828 atque
2955 3766 3034 3809 an
3077 3766 3114 3809 a
3158 3748 3476 3809 creatione

1982 3843 2237 3905 realiter
2277 3842 2724 3923 distinguatur.

2381 4165 2856 4239 QUAESTIO
2917 4166 3074 4231 VII

2104 4429 2360 4511 Eptimo
2423 4445 2574 4509 ergo
2635 4428 3076 4511 principaliter
3142 4434 3472 4512 quaeritur,

2130 4530 2259 4594 An
2307 4530 2518 4594 Deus
2566 4528 2854 4593 cuncta
2900 4533 3340 4611 conservet,
3390 4536 3474 4599 et

1980 4627 2172 4709 quid
2201 4628 2312 4693 sit.
2337 4625 2842 4693 conservatio
2871 4626 3049 4706 ista,
3065 4627 3470 4712 videlicet,

1979 4740 2079 4792 an
2137 4722 2249 4790 ait
2294 4724 2504 4789 actio
2552 4724 2697 4788 aut
2740 4724 3024 4802 passio,
3074 4724 3210 4789 vel
3257 4726 3473 4793 idem

1981 4824 2190 4906 quod
2229 4821 2410 4902 ipsa
2451 4821 2770 4887 creatio.

2058 4921 2323 4983 Videtur
2358 4920 2530 5001 quod
2571 4936 2717 4981 non.
2752 4917 3046 4991 Quaedam
3089 4917 3264 4981 enim
3305 4939 3474 4985 crea-

1979 5028 2062 5093 ta,
2096 5018 2448 5081 secundum
2492 5016 2944 5097 Philosophum
2988 5018 3269 5081 secundo
3309 5020 3473 5083 Peri-

1981 5116 2364 5188 hermenia3‚
2398 5133 2523 5177 non
2562 5122 2830 5196 possunt
2862 5130 2989 5175 non
3023 5132 3184 5188 esse,
3215 5122 3278 5175 et
3307 5116 3472 5177 sicut

1982 5216 2047 5278 in
2096 5214 2523 5297 Metaphysica
2573 5212 2872 5293 loquitur,
2925 5209 3161 5272 habent
3211 5230 3468 5276 necesse

1982 5332 2121 5377 esse
2166 5330 2182 5375 :
2226 5330 2376 5393 ergo
2418 5329 2544 5374 non
2590 5309 2874 5389 indigent
2916 5311 3296 5373 conservari.

3191 5444 3221 5497 7

3506 2090 3616 2147 Sap.
3633 2103 3690 2141 xi,
3702 2092 3770 2133 21.

3507 2682 3775 2787 -goanan-n,

3559 3473 3594 3513 t.
3615 3468 3700 3521 XX.
3724 3484 3768 3525 p.

3506 3534 3583 3575 4:37
3597 3532 3662 3585 θ’,
3674 3537 3719 3576 et
3733 3546 3772 3578 ι.
