4334 6242
166 3565 257 3608 Gen.

106 3641 239 3678 turm,
262 3632 321 3672 ¹5.

126 4934 177 4986 ΓΙ-
190 4939 233 5010 '⁹5'
244 4939 323 4984 (ἰω-

1222 521 1309 567 AN
1348 520 1547 568 omas
1587 519 1811 566 Ancum
1850 519 1988 564 sim·
2026 517 2296 565 musaeu
2337 515 2568 564 SPEGIEI
3323 495 3446 562 235

346 695 611 767 Patrem,
644 701 709 756 et
736 693 1069 757 exhibebit
1104 691 1264 754 mihi
1292 692 1439 773 plus
1467 710 1658 772 quam
1693 691 1843 752 duo·
1871 688 1922 751 A
1950 689 2186 764 cordat,
2238 689 2406 769 quod
2463 687 2671 769 angeli
2728 704 2854 749 non
2913 685 3036 748 nisi
3095 705 3172 748 ex
3230 685 3450 748 divina

346 795 554 857 decim
605 793 886 874 legiones
932 791 1348 873 angelorum?
1390 792 1627 872 Itaque,
1678 790 1844 851 sicut

348 894 413 955 in
457 891 827 955 coelestibus
873 890 1383 973 multiplicantur
1426 889 1671 951 lumina
1718 907 1846 950 ma-

347 991 593 1054 terialia
629 1011 667 1052 a
704 991 923 1052 divina
960 989 1291 1071 sapientia,
1323 1005 1453 1050 non
1495 1007 1609 1069 per
1653 994 1845 1049 mate-

347 1090 457 1152 riae
504 1089 910 1160 divisionem,
956 1088 1067 1150 sed
1116 1087 1181 1149 in
1230 1086 1844 1149 administrationem

346 1187 771 1270 generationis
802 1193 863 1248 et
895 1186 1321 1268 corruptionis
1354 1184 1727 1246 inferiorum
1750 1184 1844 1262 (in

346 1286 607 1369 quibuS,
648 1293 719 1348 ut
762 1286 985 1347 dicunt
1026 1284 1415 1368 philosophi,
1457 1283 1630 1345 orbis
1680 1283 1845 1345 lunae

350 1393 563 1447 movet
608 1403 863 1466 aquam,
906 1391 971 1446 et
1018 1383 1191 1446 orbis
1240 1382 1391 1446 solis
1443 1382 1701 1464 ignem3
1748 1399 1845 1444 or-

348 1483 589 1565 besque
618 1482 887 1545 aliorum
920 1483 1205 1565 quinque
1235 1482 1843 1564 planetarum‚puta,

350 1582 625 1654 Saturni,
665 1580 859 1652 Jovis,
900 1581 1135 1654 Mart-is,
1176 1581 1460 1653 VeneriS,
1502 1588 1566 1642 et
1612 1581 1848 1642 Mercu-

349 1680 449 1753 rii,
492 1687 751 1741 movent
798 1697 1033 1752 aerem,
1076 1685 1334 1760 propter
1380 1678 1549 1759 quod
1596 1679 1660 1740 in
1704 1696 1847 1740 aere

350 1778 534 1840 multi
595 1784 744 1841 sunt
792 1784 1039 1858 motus3
1091 1775 1264 1839 orbis
1311 1794 1462 1838 vero
1520 1777 1845 1838 stellarum

1949 786 2263 868 sapientia
2303 793 2576 849 noscunt
2612 786 2784 848 hunc
2829 803 3190 847 numerum.
3223 819 3305 830 —
3331 784 3445 845 Ve-

1948 893 2310 948 rumtamen
2351 892 2594 947 certum
2631 891 2728 948 est
2758 883 2928 966 quod
2965 883 3155 946 etiam
3196 890 3446 946 natura-

1950 985 2076 1047 lem
2120 991 2186 1046 et
2227 1001 2484 1046 omnem
2529 983 2862 1045 scientiam
2905 1003 3085 1045 suam
3134 981 3371 1044 habent
3413 1001 3450 1044 a

1950 1085 2095 1146 Deo.
2112 1085 2378 1165 Insuper
2409 1083 2758 1145 secundum
2789 1082 3277 1156 Udalricum,tot
3301 1090 3450 1143 sunt

1952 1183 2198 1264 species
2228 1189 2381 1263 quot
2412 1181 2741 1243 individua
2769 1180 3176 1261 angelorum:
3201 1179 3448 1262 species

1952 1288 2165 1343 autem
2215 1300 2429 1344 rerum
2477 1281 2556 1343 ad
2605 1279 2892 1343 ordinem
2942 1279 3263 1362 pertinent
3312 1278 3450 1341 uni-

1952 1380 2117 1442 versi
2158 1398 2175 1459 ;
2237 1381 2478 1462 angelis
2541 1399 2691 1443 vero
2750 1379 3020 1442 naturali
3087 1377 3446 1459 cognitione

1952 1479 2258 1561 competit
2286 1479 2576 1541 ordinem
2610 1478 2890 1540 universi
2922 1495 3317 1558 cognoscere.
3333 1476 3450 1539 Me·

1954 1576 2079 1638 lius
2110 1594 2260 1657 ergo
2292 1576 2544 1638 videtur
2573 1576 2939 1650 dicendum,
2973 1576 3140 1658 quod
3172 1574 3290 1638 soli
3322 1575 3448 1637 Deo

1954 1694 2260 1738 numerus
2309 1675 2676 1756 angelorum
2727 1674 2962 1736 dicitur
3004 1673 3292 1755 cognitus
3336 1693 3451 1756 per

1955 1773 2378 1837 inclusionem
2429 1773 2922 1836 domesticorum
2976 1771 3450 1854 patrisfamilias

349 1877 622 1940 fixarum
671 1885 883 1939 movet
926 1884 1159 1938 terram
1207 1875 1286 1938 ad
1330 1875 1567 1956 figuras
1608 1894 1683 1936 ac
1722 1875 1846 1937 for·
1878 1872 1926 1934 B
1955 1873 2184 1934 domus
2220 1890 2293 1933 ac
2338 1871 2556 1953 patriae
2599 1871 3070 1952 supercoelestis
3105 1889 3118 1934 τ
3153 1870 3319 1932 sicut
3362 1870 3452 1931 iu-

352 1996 485 2038 mas
526 1975 918 2057 multiplices
957 1982 1402 2056 generatorum
1432 1981 1497 2036 et.
1526 1983 1847 2056 corrupto-

350 2075 555 2155 rum);
604 2074 697 2136 sic
745 2075 965 2137 eadem
1016 2073 1326 2155 sapientia
1373 2073 1673 2135 ordinans
1723 2091 1847 2136 coe-

352 2174 525 2236 lestis
594 2174 789 2236 curiae
862 2172 1428 2254 magnificentiam,
1499 2154 1687 2233 causa
1752 2179 1847 2234 est

350 2271 780 2334 multitudinis
840 2270 1194 2333 coelestium
1254 2269 1598 2351 spirituum
1660 2268 1846 2330 mini.-

346 2371 684 2432 strantium
729 2388 803 2430 ac
844 2369 1286 2431 adsistentium
1333 2386 1584 2430 summo
1626 2367 1797 2448 Regi.

455 2469 645 2531 Porro
701 2467 903 2530 Rabbi
966 2467 1208 2551 Moyses
1268 2474 1331 2528 et
1391 2465 1589 2530 Rabbi
1652 2467 1844 2540 Isaac,

344 2568 541 2631 Judaei
606 2565 995 2649 philosophi,
1057 2565 1281 2628 frivole
1339 2565 1623 2627 volentes
1680 2565 1849 2627 dicta

348 2665 879 2748 philosophorum
941 2664 1242 2726 reducere
1303 2664 1381 2725 ad
1440 2663 1634 2725 verba
1694 2663 1848 2744 legis

346 2764 655 2836 Mosaicae,
688 2762 987 2824 dixerunt
1021 2761 1191 2842 quod
1230 2760 1439 2841 angeli
1479 2768 1627 2822 sunt
1667 2761 1849 2822 intel-

347 2861 625 2944 ligentiae
657 2861 893 2942 quibus
923 2860 1142 2922 datum
1171 2867 1267 2921 est
1298 2877 1553 2922 movere
1586 2877 1848 2942 corpora

346 2960 654 3033 coelestia,
704 2966 895 3040 atque
954 2958 1031 3020 ad
1090 2976 1431 3020 numerum
1491 2958 1845 3020 coelestium

1956 1970 2206 2032 terdum
2237 1968 2512 2032 dicimus
2541 1969 2748 2032 solum
2780 1969 3302 2050 patremfamilias
3332 1977 3452 2031 ter-

1957 2087 2183 2130 renum
2221 2087 2360 2130 esse
2395 2068 2462 2130 in
2496 2068 2686 2130 domo
2724 2087 2858 2142 sua,
2893 2067 3196 2149 quoniam
3234 2067 3451 2130 nullus

1954 2174 2294 2229 extraneus
2331 2185 2550 2228 secum
2577 2173 2709 2245 est3
2748 2165 2929 2248 juxta
2958 2185 3147 2248 quem
3189 2167 3448 2228 modum

1957 2266 2240 2347 loquitur
2278 2266 2702 2327 Damascenus
2741 2265 2906 2328 libro
2945 2265 3246 2338 secundo,
3282 2265 3450 2347 quod

1956 2364 2073 2426 soli
2119 2364 2250 2426 Deo
2288 2363 2554 2444 cognitae
2598 2370 2746 2426 sunt
2785 2363 3030 2445 species
3069 2362 3450 2445 specialissi-

1956 2482 2077 2525 mae
2118 2462 2508 2543 angelorum.

2023 2562 2328 2624 Praeterea
2357 2560 2526 2622 circa
2555 2560 2689 2622 haec
2719 2559 3051 2622 Durandus
3085 2560 3284 2622 multa
3311 2577 3455 2622 con-

1957 2659 2201 2733 scribit,
2235 2659 2510 2741 probans
2554 2659 2722 2740 quod
2773 2658 3048 2721 rationes
3090 2658 3453 2740 praehabitae

1957 2761 2035 2822 de
2081 2757 2533 2820 innumerabili
2583 2757 2767 2820 nobis
2819 2757 3228 2820 multitudine
3269 2775 3454 2838 ange-

1960 2858 2187 2930 lorum,
2211 2857 2656 2919 necessitatem
2684 2874 2811 2918 non
2843 2855 3134 2918 habeant.
3159 2855 3253 2918 Ad
3283 2856 3453 2938 quod

1958 2955 2121 3028 dic0,
2157 2955 2327 3036 quod
2370 2954 2752 3036 praeallegati
2783 2955 3070 3017 doctores
3104 2973 3231 3016 non
3264 2954 3456 3016 intro-

346 3077 688 3142 corporum
720 3075 792 3120 ac
828 3065 1117 3120 motuum
1150 3056 1671 3138 multiplicantur.
1689 3057 1847 3118 Hinc
1884 3060 1927 3125 C
1956 3053 2202 3115 ducunt
2249 3053 2618 3134 hujusmodi
2671 3053 2944 3116 rationes
2993 3059 3296 3136 tanquam
3348 3053 3454 3115 de-

346 3157 546 3221 Rabbi
577 3159 823 3239 Moyses
853 3157 961 3230 ait,
982 3156 1151 3238 quod
1182 3155 1390 3236 angeli
1424 3173 1549 3216 non
1581 3155 1846 3217 veniunt

346 3258 423 3318 ad
472 3274 613 3329 noS,
657 3255 781 3318 nisi
835 3255 899 3316 in
948 3254 1147 3335 signis
1196 3273 1311 3336 per
1357 3255 1634 3316 visiones
1684 3270 1847 3315 som·

350 3356 572 3429 uiales,
604 3362 671 3418 et
710 3356 776 3417 in
816 3353 1157 3417 effectibus
1200 3373 1312 3434 per
1352 3369 1690 3434 corporum
1736 3351 1849 3413 im-

350 3454 753 3516 mutationes.
790 3453 965 3516 Unde
1004 3471 1197 3533 super
1237 3451 1397 3513 illud
1436 3450 1697 3514 Genesis
1737 3449 1848 3513 ubi

345 3554 536 3616 ludas
566 3553 727 3614 vidit
755 3551 1025 3613 Thamar
1057 3550 1123 3612 in
1154 3549 1341 3623 bivio,
1357 3549 1649 3632 perhibet
1678 3548 1848 3630 quod

348 3650 613 3733 angelus
662 3649 1199 3732 concupiscentiae
1249 3649 1456 3729 tetigit
1501 3667 1669 3710 eum.
1704 3648 1847 3710 Haec

345 3756 563 3810 autem
612 3747 967 3810 secundum
1026 3746 1224 3808 fidem
1275 3745 1651 3808 catholicam
1700 3752 1846 3807 sunt

346 3847 578 3909 frivola
620 3854 682 3908 et
726 3844 1017 3907 absurda.
1053 3880 1134 3890 —
1162 3845 1304 3908 Haec
1348 3844 1699 3933 Albanus..

422 3945 733 4018 Quocirca
780 3943 1135 4018 sciendum,
1183 3944 1350 4026 quod
1397 3943 1577 4024 juxta
1626 3950 1845 4024 praeta-

345 4051 465 4116 cta,
508 4041 712 4106 Rabbi
762 4043 1001 4125 Moyses
1047 4050 1108 4105 et
1152 4041 1291 4123 ejus
1336 4060 1637 4123 sequaces
1683 4060 1847 4103 asse-

343 4150 613 4204 ruerunt
643 4160 757 4223 per
784 4141 1041 4222 angelos
1084 4140 1403 4202 interdum
1446 4139 1715 4221 intelligi
1756 4141 1847 4201 in-

1958 3152 2551 3226 monstrativaS,sed
2581 3151 2748 3213 sicut
2773 3150 3136 3233 probabiles
3167 3169 3240 3212 ac
3273 3151 3454 3214 ratio—

1957 3249 2204 3312 nabiles
2230 3249 2686 3331 persuasioneS‚
2701 3249 3235 3331 quemadmodum
3258 3249 3338 3311 ad
3364 3267 3454 3310 ce-

1957 3356 2091 3411 tera
2124 3368 2266 3431 quae
2295 3348 2447 3411 fidei
2487 3356 2653 3423 sunt,
2677 3355 3048 3430 argumenta
3077 3347 3447 3410 formantur.

2038 3448 2260 3528 Tangit
2298 3466 2552 3530 quoque
2592 3448 2749 3511 duos
2795 3449 3014 3511 modos
3059 3447 3453 3528 intelligendi

1957 3547 2152 3608 verba
2185 3547 2242 3608 S.
2265 3546 2545 3630 Dionysii
2577 3547 2853 3609 recitata.
2870 3547 3118 3609 Primus
3149 3548 3452 3629 est,quod
3510 3566 3552 3608 r·
3576 3551 3718 3596 2³3⁰·

1958 3645 2174 3729 plures
2215 3653 2363 3707 sunt
2401 3645 2648 3726 species
2686 3645 3054 3726 angelorum
3095 3665 3287 3728 quam
3327 3645 3456 3707 sint

1957 3743 2205 3826 species
2230 3743 2653 3806 materialium
2680 3761 2920 3823 rerum3
2940 3747 3268 3819 secunduS,
3284 3745 3452 3825 quod

1956 3843 2174 3926 plures
2231 3849 2380 3904 sunt
2426 3841 2631 3922 angeli
2682 3862 2873 3924 quam
2922 3862 3021 3905 res
3074 3842 3447 3905 materiales,

1953 3945 2139 4006 Juxta
2205 3942 2487 4024 primum
2557 3942 2816 4004 modum
2885 3960 3013 4004 non
3081 3950 3454 4024 sequeretur

1959 4042 2234 4104 multum
2281 4040 2646 4102 excessivus
2703 4059 3007 4103 numerus
3055 4041 3448 4121 angelorum,

1958 4139 2312 4223 praesertim
2343 4139 2397 4201 si
2429 4137 2549 4201 sub
2581 4158 2707 4200 una
2737 4139 2947 4220 specie
2979 4157 3106 4201 non
3135 4147 3454 4220 ponantur

344 4239 741 4302 tellectuales
802 4239 1211 4313 substantiaS,
1272 4239 1491 4320 sicque
1554 4257 1691 4300 esse
1756 4246 1847 4301 tot
1878 4240 1928 4302 D
1956 4237 2163 4318 angeli
2217 4237 2450 4318 plures
2505 4236 2759 4317 Species
2806 4236 2980 4298 enim
3028 4235 3452 4298 materialium

344 4337 605 4418 angelos
643 4355 755 4400 seu
795 4337 1269 4418 intelligentias,
1303 4345 1458 4420 quot
1486 4345 1635 4399 sunt
1660 4337 1845 4399 orbes

346 4436 676 4514 coelestes3
718 4435 1039 4498 interdum
1070 4453 1221 4498 vero
1254 4454 1689 4518 quascumque
1721 4435 1845 4497 vir-

346 4543 515 4597 tutes
558 4534 878 4596 naturales
922 4534 1142 4596 divino
1187 4533 1456 4616 imperio
1497 4533 1849 4615 obsequen-

348 4641 480 4712 tes;
534 4633 918 4714 quandoque
976 4632 1265 4696 homines
1323 4630 1681 4712 angelicum
1742 4632 1847 4694 ha-

348 4730 573 4794 bentes
616 4730 934 4805 officium,
970 4739 1041 4792 ut
1084 4730 1457 4792 sacerdotes

456 4829 812 4893 Concordat
868 4828 1195 4890 Udalricus
1259 4847 1373 4909 per
1433 4827 1666 4889 omnia.
1730 4827 1845 4900 Qui

344 4928 542 4990 etiam
578 4927 775 4990 verba
814 4926 872 4989 S.
908 4925 1191 5008 Dionysii
1231 4926 1637 5006 protestantis
1677 4925 1844 5007 quod

224 5017 557 5108 f“·angeli
606 5026 810 5087 sancti
863 5031 1217 5109 agnoscunt
1264 5042 1523 5086 suorum
1576 5023 1848 5087 concivi-

346 5145 459 5187 um
480 5125 573 5207 (id
606 5132 703 5187 est
734 5124 1133 5204 angelorum)
1159 5122 1448 5185 omnium
1481 5142 1842 5197 numerum,

342 5231 409 5284 et
440 5222 634 5284 verba
662 5219 943 5302 Gregorii
987 5220 1375 5283 affirmantis
1414 5220 1581 5302 quod
1626 5239 1845 5283 nume-

344 5341 455 5384 rus
498 5321 608 5384 ille
646 5321 765 5384 soli
807 5319 1082 5384 Creatori
1126 5327 1222 5382 est
1260 5320 1533 5400 agnituS,
1568 5319 1655 5381 ita
1698 5338 1844 5384 con-

1958 4355 2087 4399 non
2112 4337 2412 4398 videntur
2441 4343 2568 4396 tam
2599 4334 2938 4396 excessivae
2969 4335 3133 4397 sicut
3161 4335 3240 4397 de
3270 4354 3455 4416 ange-

1962 4436 2039 4498 lis
2072 4435 2335 4516 legitur:
2361 4434 2555 4496 Millia
2585 4432 2860 4495 millium
2893 4433 3338 4497 ministrabant
3369 4435 3452 4510 ei,

1959 4541 2022 4597 et
2050 4535 2262 4596 decies
2295 4534 2550 4608 millieS,
2583 4541 2702 4595 etc.
2736 4534 2926 4596 Porro
2959 4535 3276 4597 secundus
3314 4554 3454 4597 sen-

1958 4651 2065 4694 sus
2096 4632 2350 4694 videtur
2379 4631 2789 4694 incredibilis
2810 4667 2888 4678 —
2911 4631 3089 4694 Circa
3112 4632 3282 4714 quod
3313 4651 3456 4695 reor

1958 4731 2326 4805 dicendum,
2379 4730 2547 4812 quod
2598 4729 2865 4792 intentio
2918 4729 3119 4792 divini
3171 4729 3452 4812 Dionysii

1955 4836 2052 4891 est
2084 4829 2258 4909 loqui
2290 4829 2366 4890 de
2399 4826 2806 4890 multitudine
2837 4827 3266 4890 inaestimabili
3304 4847 3452 4908 sup-

1958 4927 2310 5009 positorum
2359 4926 2811 5008 angelicorum.
2861 4927 2936 4988 Et
2985 4928 3039 4988 si
3085 4927 3450 5009 objiciatur,

1956 5025 2126 5107 quod
2176 5025 2528 5087 secundum
2581 5024 2700 5086 hoc
2749 5025 2962 5106 plures
3011 5033 3222 5087 essent
3265 5044 3452 5107 ange-

1956 5123 2162 5185 lorum
2196 5140 2481 5204 personae
2511 5141 2703 5204 quam
2733 5130 2926 5203 guttae
2955 5142 3286 5205 aquarum,
3318 5142 3452 5204 gra-

1956 5221 2129 5284 mina
2159 5230 2362 5294 terrae,
2396 5239 2586 5282 arena
2619 5228 2680 5282 et
2712 5220 2857 5302 pili;
2899 5221 3240 5283 dicendum
3269 5221 3450 5303 juxta

1954 5321 2213 5383 inducta
2241 5339 2318 5382 ex
2350 5318 2711 5393 Guillelmo,
2744 5319 2914 5400 quod
2956 5337 3069 5401 per
3108 5338 3446 5384 numerum
3477 5341 3576 5385 nne.

3521 5291 3565 5332 p.
3591 5281 3670 5322 230
3697 5279 3744 5324 in
