4334 6242
19 1281 62 1320 A
73 1292 194 1320 noc
215 1293 282 1330 ιιι,
297 1282 350 1322 6.

1135 503 1338 548 mmm
1379 503 1472 548 SI'I'
1511 501 1756 548 TANTUM
1799 501 1968 548 Ule
2009 500 2359 548 PRINCIPIUM
2401 501 2747 549 INGREATL'M

380 678 456 732 et
505 679 720 734 tamen
761 671 906 734 aliis
953 679 1102 734 sunt
1151 671 1378 734 nociva

382 769 548 831 dum
579 769 768 852 lupus
799 771 1090 852 quamvis
1123 770 1186 832 in
1218 790 1334 833 sua
1363 771 1573 852 specie
1603 771 1686 832 sit
1715 770 1900 852 quod·

384 867 544 929 dam
587 867 829 931 bonum
873 875 1134 943 naturae,
1167 869 1370 931 nihilo
1409 868 1621 930 minus
1661 869 1764 932 ovi
1803 876 1898 930 est

387 967 642 1046 malus3
679 974 742 1028 et
783 967 950 1048 ignis
985 987 1186 1048 aquae,
1229 967 1295 1029 in
1337 977 1648 1050 quantum
1689 986 1900 1030 corru-

385 1063 616 1146 ptivus
664 1073 760 1128 est
807 1067 967 1147 ejus,
1005 1065 1428 1129 conformiter
1473 1068 1640 1129 Deus
1687 1074 1778 1128 est
1833 1065 1896 1127 in

393 1163 773 1226 hominibus
813 1183 1004 1226 causa
1037 1165 1350 1228 malorum
1392 1184 1534 1246 quae
1572 1183 1777 1246 poenae
1807 1164 1902 1225 di-

389 1269 658 1335 cuntur,
685 1262 870 1342 juxta
913 1262 1070 1324 illud
1112 1263 1302 1326 Amos
1338 1281 1352 1324 :
1388 1264 1450 1326 Si
1496 1262 1614 1324 erit
1658 1262 1897 1325 malum

391 1359 464 1420 in
499 1361 756 1423 civitate
795 1362 964 1443 quod
995 1362 1304 1424 Dominus
1345 1379 1472 1424 non
1511 1361 1710 1423 fecit?
1739 1361 1897 1423 Hinc

387 1457 487 1518 ait
521 1457 860 1538 Gregorius
893 1477 908 1521 ε
942 1459 1165 1522 Creare
1207 1459 1372 1522 mala
1411 1459 1716 1521 Dominus
1759 1478 1898 1540 per—

387 1555 682 1630 hibetur,
714 1557 870 1619 dum
905 1576 1003 1620 res
1041 1557 1104 1620 in
1141 1577 1208 1619 se
1242 1556 1406 1619 bene
1439 1564 1680 1620 creatas
1715 1555 1900 1618 nobis

389 1654 566 1716 male
606 1654 942 1735 agentibus
982 1656 1048 1718 in
1089 1655 1418 1736 flagellum
1455 1656 1786 1718 convertit.

475 1752 825 1827 Postremo,
861 1772 975 1835 per
1011 1754 1146 1817 haec
1185 1753 1547 1816 excluditur
1583 1771 1761 1815 error
1793 1770 1901 1834 po-

3414 481 3494 544 45

1424 689 1437 732 :
1485 671 1895 754 quemadmo-
1924 671 1976 734 A
2004 670 2154 734 bilis
2184 691 2257 733 ac
2286 671 2679 734 nobilissima
2710 670 2822 733 Dei
2851 669 3125 733 essentia
3155 668 3341 731 fieret
3371 684 3503 730 cor-

2005 770 2319 852 poralium
2369 789 2581 832 rerum
2635 769 2916 842 materia,
2949 788 3090 850 quae
3138 768 3216 829 de
3268 785 3335 828 se
3384 766 3501 827 im-

2005 867 2287 948 perfecta
2339 869 2647 930 consistit.
2700 904 2781 914 —-
2826 867 2950 930 Alii
3000 883 3149 947 ergo
3204 865 3504 928 dixerunt

2007 967 2317 1028 mundum
2348 986 2425 1028 ex
2456 965 3041 1048 praeexsistentibus
3072 965 3307 1026 factum
3337 963 3507 1045 prin-

2007 1063 2219 1146 cipiiS‚
2253 1064 2497 1128 scilicet
2527 1065 2731 1126 forma
2762 1072 2824 1126 et
2856 1063 3140 1137 materia,
3173 1070 3237 1125 et
3265 1062 3501 1124 formas

2009 1162 2073 1224 in
2125 1163 2391 1225 materia
2431 1162 2712 1237 latuisse,
2749 1168 3091 1243 antequam
3140 1160 3502 1223 intellectus

2009 1260 2178 1341 ipsas
2226 1261 2665 1342 distingueret,
2698 1268 2761 1322 et
2802 1261 2921 1323 hoc
2965 1260 3145 1341 ponit
3187 1259 3505 1339 Anaxago-

2009 1378 2127 1420 ras,
2164 1396 2243 1405 —
2272 1359 2507 1421 Verum
2547 1359 2849 1441 quoniam
2889 1376 3111 1421 omnes
3149 1357 3385 1420 formas
3425 1356 3506 1418 si-

2011 1458 2142 1518 mul
2178 1458 2241 1520 in
2271 1458 2535 1529 materia
2575 1477 2713 1520 esse
2754 1475 2881 1520 non
2911 1456 3081 1538 capit
3119 1457 3278 1519 ratio
3308 1463 3499 1530 recta,

2010 1555 2179 1617 tertii
2220 1563 2571 1638 posuerunt
2612 1556 2923 1618 mundum
2954 1575 3031 1618 ex
3063 1553 3502 1636 praeexsisten-

2008 1653 2181 1715 tibus
2232 1653 2570 1736 principiis
2619 1673 2757 1716 esse
2806 1653 3173 1726 formatum,
3207 1651 3505 1715 videlicet

2009 1769 2086 1812 ex
2127 1751 2333 1815 forma
2361 1759 2551 1834 atque
2592 1753 2873 1826 materia,
2912 1760 2976 1814 et
3015 1751 3345 1814 materiam
3376 1751 3504 1832 pri-

385 1851 690 1913 nentium
725 1852 932 1934 prima
971 1871 1186 1914 rerum
1225 1852 1544 1934 principia
1581 1871 1720 1914 esse
1754 1869 1899 1914 con·
1935 1857 1982 1919 Β
2013 1867 2118 1912 mo
2164 1868 2451 1913 seorsum
2510 1851 2708 1912 fuisse
2757 1857 2819 1911 et
2878 1849 3113 1912 formas
3161 1855 3501 1930 separataS,

385 1949 588 2011 traria
617 1950 687 2011 in
725 1959 952 2013 natura
984 1968 998 2012 ε
1032 1951 1144 2032 qui
1184 1968 1361 2013 error
1397 1951 1477 2013 ab
1515 1950 1898 2032 Empedocle

349 2047 614 2142 ‘coepit,
650 2048 763 2130 qui
812 2049 974 2111 dixit
1025 2049 1202 2111 litem
1252 2058 1313 2111 et
1359 2049 1708 2111 amicitiam
1759 2067 1898 2110 esse

381 2143 604 2225 prima
633 2145 956 2228 principia
985 2146 1300 2209 contraria
1328 2153 1392 2210 et
1420 2145 1640 2219 activa,
1659 2153 1722 2208 et
1753 2145 1904 2208 ami·

384 2241 614 2304 citiam
643 2261 784 2306 esse
814 2261 1070 2307 causam
1099 2244 1548 2326 generationiS,
1569 2244 1740 2305 litem
1769 2261 1902 2306 cor-

387 2340 738 2420 ruptionis.
783 2342 997 2404 Posuit
1047 2360 1301 2424 quoque
1347 2342 1724 2425 Pythagoras
1774 2342 1901 2404 duo

385 2438 608 2518 prima
637 2440 976 2514 contraria,
995 2440 1242 2502 scilicet
1271 2440 1512 2503 bonum
1543 2448 1606 2502 et
1638 2440 1896 2514 malum,

385 2553 524 2597 non
557 2544 774 2601 tamen
813 2557 929 2621 per
959 2539 1220 2601 modum
1255 2541 1602 2619 agentium,
1635 2539 1746 2601 sed
1775 2539 1900 2601 for—

385 2633 668 2696 malium
719 2635 1206 2718 principiorum,
1254 2655 1542 2699 asserens
1591 2637 1726 2700 haec
1774 2636 1901 2698 duo

385 2749 538 2793 esse
584 2751 820 2813 genera
867 2733 988 2796 sub
1030 2733 1265 2816 quibus
1310 2735 1525 2797 omnia
1565 2734 1689 2797 alia
1730 2753 1900 2797 com-

385 2829 967 2909 prehenderentur,
988 2839 1058 2894 ut
1086 2833 1297 2914 primo
1325 2833 1766 2915 Metaphysicae
1797 2832 1901 2894 ha·

385 2927 603 2990 betur.
653 2930 780 2992 Hos
836 2929 1432 3012 antiquissimorum
1491 2930 1900 3012 philosopho-

2009 1967 2084 2010 ac
2152 1949 2559 2030 postmodum
2628 1969 2705 2011 ex
2770 1956 3055 2030 tempore
3122 1948 3201 2011 ab
3267 1946 3504 2030 opifice

2009 2065 2148 2108 esse
2198 2047 2589 2127 conjunctas
2632 2047 2707 2108 Et
2752 2047 2819 2109 hi
2868 2046 3129 2108 fuerunt
3174 2045 3498 2108 Platonici.

2009 2180 2090 2189 —
2137 2145 2417 2207 Fuerunt
2474 2152 2536 2208 et
2587 2145 2818 2226 quarti,
2869 2152 3023 2226 puta
3078 2143 3501 2227 Peripatetici,

2012 2261 2284 2324 quorum
2329 2243 2628 2325 princeps
2672 2251 2734 2305 et
2773 2243 2901 2305 dux
2944 2241 3313 2305 Aristoteles
3357 2241 3502 2314 fuit,

2009 2341 2119 2422 qui
2152 2342 2401 2403 veritati
2436 2341 2635 2422 magis
2665 2340 3506 2423 propinquanteS,dixerunt

2013 2440 2325 2502 mundum
2366 2459 2504 2502 esse
2534 2441 2796 2513 factum,
2831 2456 2955 2502 non
2988 2447 3199 2502 tamen
3240 2457 3318 2501 ex
3349 2445 3507 2520 prtia-

2010 2537 2468 2600 exsistentibus
2498 2536 2855 2619 principiis.
2876 2538 3051 2600 Unde
3082 2538 3362 2600 secundo
3392 2537 3507 2599 Ve-

2011 2637 2385 2716 getabilium
2428 2635 2795 2699 Aristoteles
2848 2635 3132 2718 loquitur
3176 2653 3191 2697 ε
3236 2635 3506 2697 Mundus

2012 2753 2265 2816 semper
2295 2734 2416 2796 fuit
2455 2735 2689 2817 plantis
2728 2741 2787 2796 et
2828 2733 3214 2797 animalibus
3253 2734 3501 2815 plenus.

2011 2833 2235 2896 Utrum
2288 2840 2501 2895 autem
2550 2833 2835 2915 posuerit
2889 2833 3219 2896 materiam
3272 2838 3336 2894 et
3383 2831 3509 2894 for-

2013 2949 2185 2993 mam
2235 2931 2430 2994 factas
2480 2951 2557 2994 ex
2605 2932 2827 3005 nihilo,
2870 2931 3087 2995 nescio
3131 2949 3144 2994 :
3188 2932 3378 2994 credo
3424 2939 3512 2993 ta-

387 3045 544 3088 rum
599 3045 868 3102 erroreS‚
929 3029 1041 3110 qui
1095 3029 1290 3092 etiam
1347 3049 1384 3091 a
1437 3028 1900 3110 posterioribus
1939 3037 1983 3101 c
2015 3047 2160 3092 men
2192 3031 2360 3112 quod
2394 3047 2519 3092 non
2552 3030 2842 3111 pervenit
2872 3031 2951 3092 ad
2980 3030 3118 3092 hoc.
3144 3029 3263 3092 Ubi
3293 3037 3507 3091 autem

387 3124 798 3208 philosophis
847 3127 1000 3189 satis
1048 3135 1198 3190 sunt
1245 3127 1587 3209 reprobati,
1639 3127 1898 3209 quidam

389 3223 684 3304 perversi
744 3243 972 3286 sensus
1030 3225 1324 3287 homines
1383 3224 1744 3289 christianae
1793 3225 1901 3287 do-

391 3323 622 3385 ctrinm
671 3330 1220 3405 praesumpserunt
1267 3323 1566 3386 inserere.
1621 3324 1900 3397 Quorum

393 3419 651 3501 primus
697 3421 942 3482 exstitit
989 3421 1256 3494 MarcuS,
1293 3439 1330 3482 a
1376 3440 1504 3503 quo
1552 3421 1704 3483 dicti
1753 3428 1902 3483 sunt

389 3518 700 3580 Marciani
733 3518 1018 3582 haeretici
1052 3536 1066 3579 :
1100 3537 1294 3600 quem
1324 3520 1528 3581 secuti
1560 3528 1708 3582 sunt
1747 3520 1902 3582 Mar-

389 3616 674 3690 cionitae,
727 3624 792 3678 et
851 3617 1077 3680 ultimo
1134 3617 1483 3692 Manichaei,
1534 3619 1645 3700 qui
1705 3618 1900 3680 istum

387 3733 678 3778 errorem
719 3715 999 3778 maxime
1039 3715 1458 3779 diffuderunt.
1492 3753 1573 3762 —
1602 3717 1746 3780 Haec
1785 3717 1896 3778 ibi.

476 3813 787 3876 Praeterea
835 3814 1065 3877 Doctor
1110 3815 1399 3887 devotuS,
1441 3814 1739 3876 dominus
1789 3815 1902 3877 Bo-

389 3920 752 3973 naventura
786 3928 800 3974 :
833 3911 978 3974 Haec
1007 3912 1274 3993 (inquit)
1312 3919 1409 3972 est
1446 3912 1699 3987 veritas,
1732 3913 1902 3993 quod

393 4009 682 4071 mundus
725 4009 792 4071 in
827 4028 968 4072 esse
1005 4010 1356 4092 productus
1395 4017 1490 4071 est
1531 4027 1656 4072 non
1694 4011 1902 4072 solum

389 4108 758 4170 secundum
797 4127 866 4171 se
907 4115 1132 4182 totum,
1167 4108 1278 4170 sed
1319 4108 1509 4170 etiam
1547 4109 1901 4171 secundum

2013 3127 2247 3190 defecit
2293 3127 2821 3210 philosophorum
2866 3128 3174 3202 doctrina,
3210 3127 3511 3190 subvenit
3572 3131 3579 3138 '

2013 3226 2198 3289 nobis
2242 3234 2639 3288 sacrosancta
2680 3225 3023 3308 Scriptura.

2091 3324 2281 3387 Porro
2323 3341 2497 3386 error
2538 3323 3027 3386 Manichaeorum
3069 3323 3146 3384 de
3192 3322 3507 3405 positione

2012 3422 2283 3484 duorum
2318 3422 2806 3505 principiorum,
2842 3440 2968 3484 non
2999 3421 3208 3484 solum
3238 3428 3333 3483 est
3364 3437 3509 3483 con-

2013 3528 2110 3583 tra
2155 3520 2376 3594 fidem,
2418 3520 2550 3582 imo
2596 3528 2661 3582 et
2706 3519 2865 3582 adeo
2906 3527 3125 3582 contra
3172 3518 3505 3592 rationem,

2015 3627 2084 3680 ut
2112 3619 2219 3681 vix
2250 3619 2503 3681 credam
2542 3618 2868 3681 hominem
2907 3618 3150 3700 aliquid
3185 3618 3263 3680 de
3301 3617 3507 3699 philo-

2013 3715 2237 3797 sophia
2284 3715 2613 3791 scientem,
2664 3734 2945 3779 errorem
2995 3717 3168 3778 hunc
3217 3714 3505 3798 posuisse

2013 3821 2121 3875 aut
2162 3814 2545 3889 defendisse,
2578 3834 2779 3897 quum
2810 3833 2984 3878 error
3027 3816 3145 3878 iste
3188 3815 3271 3876 sit
3313 3815 3510 3897 pessi-

2015 3930 2177 3974 mus,
2226 3913 2518 3976 Attamen
2571 3914 2873 3995 quoniam
2929 3913 3207 3995 aliquam
3257 3912 3510 3975 videtur

2013 4010 2291 4092 speciem
2342 4011 2595 4093 pietatis
2645 4011 3058 4092 praetendere,
3102 4009 3507 4073 attribuendo

2013 4110 2142 4171 Deo
2182 4108 2347 4172 bona
2376 4117 2440 4172 et
2478 4110 2745 4192 pulchra
2783 4117 2973 4190 atque
3004 4107 3263 4183 nobilia,
3298 4116 3508 4170 cetera

393 4207 750 4268 intrinseca
779 4226 895 4268 sua
934 4207 1274 4289 principia,
1308 4225 1450 4288 quae
1489 4224 1617 4269 non
1652 4226 1730 4269 ex
1759 4206 1902 4268 aliis
1933 4217 1984 4278 D
2013 4225 2164 4270 vero
2194 4207 2472 4289 principi
2502 4206 2935 4286 tenebrarum3
2959 4207 3109 4268 hinc
3140 4207 3335 4288 magis
3366 4205 3509 4268 sub-

390 4305 511 4367 sed
558 4304 636 4369 de
678 4305 883 4367 nihilo
928 4313 1076 4367 sunt
1119 4305 1444 4387 producta.
1486 4305 1633 4378 Quae
1671 4305 1902 4368 veritas

390 4403 696 4484 quamvis
753 4421 927 4464 nunc
977 4403 1224 4464 cunctis
1285 4402 1640 4465 innotescat
1695 4401 1902 4464 fideli-

393 4501 546 4574 buS,
581 4500 764 4563 latuit
807 4508 1018 4562 tamen
1063 4500 1496 4582 philosophoS,
1531 4499 1643 4582 qui
1686 4501 1751 4563 in
1796 4502 1904 4565 ho-

393 4617 548 4661 rum
607 4598 1022 4682 inquisitione
1081 4598 1192 4661 diu
1251 4599 1684 4662 deviaverunt.
1745 4600 1900 4664 Nam

390 4697 662 4779 quidam
705 4715 926 4759 eorum
967 4695 1265 4759 dixerunt
1305 4699 1620 4760 mundum
1661 4697 1900 4761 factum

391 4815 434 4858 a
479 4797 612 4858 Deo
657 4796 740 4858 de
787 4796 886 4856 sui
937 4795 1142 4877 ipsius
1193 4796 1488 4858 essentia.
1543 4797 1680 4859 Non
1728 4798 1901 4860 enim

393 4894 700 4956 viderunt
742 4894 1064 4975 quomodo
1104 4893 1348 4975 aliquid
1393 4894 1535 4955 fieri
1580 4896 1782 4977 possit
1823 4915 1900 4958 ex

395 4991 642 5071 nihilo;
673 4992 978 5074 solusque
1017 4992 1182 5053 Deus
1220 4991 1464 5056 exstitit
1501 4991 1580 5054 ab
1615 5000 1851 5056 aeterno
1884 5011 1898 5056 :

397 5092 550 5154 ideo
575 5091 1077 5172 dixerunt,quod
1108 5090 1262 5153 fecit
1288 5091 1505 5153 omnia
1532 5092 1610 5154 de
1641 5110 1709 5155 se
1739 5093 1896 5174 ipso.

397 5189 582 5264 Quod
608 5187 1012 5272 philosophis
1041 5206 1294 5271 quoque
1326 5197 1544 5270 postea
1573 5189 1779 5252 visum
1809 5199 1906 5252 est

399 5287 842 5351 irrationabile
900 5305 1060 5360 esse,
1111 5287 1281 5368 quod
1334 5287 1582 5350 scilicet
1637 5287 1905 5351 invaria-

2015 4305 2277 4367 intravit
2313 4325 2387 4366 ac
2430 4305 2694 4368 foedavit
2736 4305 3085 4367 Ecclesiam
3126 4323 3140 4367 ε
3176 4325 3325 4368 nam
3364 4313 3429 4368 et
3470 4325 3507 4368 a

2013 4402 2417 4484 simplicibus
2470 4403 2722 4466 facilius
2777 4403 2918 4486 capi
2967 4411 3175 4486 potest
3223 4423 3297 4467 ac
3350 4404 3508 4468 false

2013 4500 2367 4582 imaginari.
2433 4501 2552 4563 Sed
2610 4501 2688 4562 ad
2749 4519 3029 4564 errorem
3088 4502 3260 4564 hunc
3312 4503 3510 4584 pessi-

2013 4618 2193 4661 mum
2223 4599 2331 4660 alii
2366 4607 2845 4680 consequuntur
2872 4617 3118 4662 errores
3147 4600 3501 4675 vanissimi,

2013 4705 2081 4759 ut
2135 4704 2381 4759 constat
2436 4696 2789 4759 scientibus
2842 4705 3079 4759 sectam
3136 4697 3505 4760 Manichaeo-

2013 4814 2175 4858 rum.
2211 4794 2557 4858 Confundit
2602 4795 2775 4856 enim
2824 4795 3113 4858 ordinem
3163 4813 3399 4870 rerum,
3441 4804 3506 4858 et

2012 4894 2538 4976 omnipotentiam
2573 4894 2683 4956 Dei
2714 4901 3011 4968 coarctat,
3036 4894 3302 4956 dicendo
3333 4895 3504 4975 quod

2013 5011 2141 5056 non
2194 4991 2397 5075 possit
2444 4992 2795 5075 corporalia
2840 4992 3083 5072 facere3
3134 4993 3504 5055 essentiam-

2014 5111 2137 5173 que
2178 5090 2649 5154 circumscribit
2686 5091 2990 5165 divinam,
3025 5091 3294 5154 dicendo
3333 5093 3502 5175 quod

2015 5191 2181 5252 Deus
2228 5189 2434 5252 bonus
2482 5189 2563 5251 sit
2607 5197 2853 5251 tantum
2902 5190 2967 5251 in
3014 5190 3271 5270 regione
3316 5190 3496 5252 luciS.

2015 5288 2259 5351 Idcirco
2287 5289 2591 5369 deceptus
2622 5295 2718 5350 est
2752 5288 2983 5350 stultus
3018 5295 3081 5349 et
3116 5288 3353 5370 impius
3383 5289 3503 5350 Ma-
