4334 6242
1376 530 1463 576 AN
1504 532 1685 577 AEvtm
1728 530 2013 577 MENSURA
2057 532 2148 577 su·
2191 532 2557 580 ANGELORUM

3399 512 3518 577 133

409 700 863 781 correspondet
903 701 963 763 ei
1009 720 1321 764 mensura.
1367 703 1457 763 Ex
1507 710 1684 784 parte
1732 721 1909 763 nam-
1939 702 1990 765 Α
2020 702 2147 777 tiae,
2167 703 2300 766 imo
2328 704 2535 766 solum
2566 712 2660 767 est
2689 706 2767 767 de
2798 703 3039 766 ratione
3071 722 3514 766 mensurarum

411 816 539 878 que
586 800 879 863 essentiae
925 800 1061 875 Dei,
1118 819 1415 863 mensura
1462 800 1603 881 ejus
1653 808 1749 862 est
1796 802 1911 862 im-

407 896 739 970 mensita8‚
773 916 917 979 quae
946 899 1079 962 sola
1107 899 1351 962 ratione
1380 898 1601 961 differt
1629 918 1666 961 a
1693 898 1911 961 divina

403 995 700 1056 essentia.
732 1032 815 1040 —
842 996 1032 1059 Porro
1064 997 1127 1059 in
1160 997 1434 1059 essentia
1471 1004 1775 1059 creaturae
1814 1005 1909 1059 est

404 1091 643 1174 duplex
702 1094 863 1156 ratio
921 1113 1235 1157 mensurae
1288 1112 1303 1157 ε
1355 1114 1502 1168 una,
1554 1096 1907 1156 secundum

404 1191 575 1272 quod
613 1200 711 1253 est
750 1192 1026 1255 essentia
1068 1192 1481 1275 simpliciter3
1524 1192 1649 1254 alio
1694 1193 1903 1267 mode,

403 1289 761 1351 secundum
803 1290 972 1372 quod
1011 1297 1107 1351 est
1144 1297 1403 1352 extensa
1441 1309 1556 1352 seu
1596 1290 1907 1372 multipli-

403 1394 546 1449 cata
575 1406 690 1469 per
720 1396 949 1470 partes.
983 1388 1195 1451 Primo
1226 1389 1415 1452 modo
1445 1388 1746 1470 quaelibet
1778 1407 1908 1451 cre-

404 1493 587 1547 atura
634 1485 960 1567 duplicem
1009 1486 1199 1549 habet
1249 1506 1612 1549 mensuram
1659 1504 1673 1549 :
1714 1506 1907 1549 unam

404 1583 595 1656 intra,
631 1603 775 1665 quae
810 1592 907 1645 est
942 1584 1237 1647 limitatio
1277 1585 1341 1647 in
1380 1586 1579 1666 gradu
1618 1586 1908 1649 essentiae

404 1700 519 1743 seu
559 1690 841 1761 naturae3
882 1682 1071 1745 aliam
1112 1690 1309 1757 extra,
1344 1684 1406 1746 id
1447 1684 1616 1766 quod
1657 1690 1753 1745 est
1784 1684 1909 1765 pri-

406 1798 611 1853 mum,
644 1780 1051 1842 verissimum
1092 1788 1280 1863 atque
1310 1782 1758 1863 dignissimum
1791 1802 1903 1843 ens

2020 802 2109 862 rei
2167 802 2409 864 ratione
2467 803 2564 865 sui
2621 822 2781 877 esse,
2833 802 3018 883 cujus
3076 820 3376 865 mensura
3421 810 3518 865 est

2019 899 2266 961 duratio
2296 900 2361 961 in
2392 919 2552 974 esse,
2572 908 2635 962 et
2663 900 3133 963 diversificatur
3161 900 3514 962 secundum

2017 998 2343 1059 diversum
2383 1000 2644 1061 modum
2676 999 2944 1061 durandi
2975 999 3044 1060 in
3071 1016 3212 1061 esse
3245 1016 3258 1061 :
3291 1005 3516 1079 estque

2017 1094 2083 1155 in
2128 1095 2365 1176 triplici
2415 1114 2664 1177 genere.
2709 1096 2819 1157 Est
2861 1096 3035 1157 enim
3078 1095 3327 1158 duratio
3373 1095 3518 1158 abs-

2018 1213 2142 1275 que
2192 1194 2367 1256 omni
2417 1194 2841 1256 variabilitate
2885 1214 2898 1257 :
2942 1214 3084 1276 quae
3129 1202 3226 1256 est
3271 1194 3408 1268 Dei,
3451 1201 3514 1257 et

2016 1300 2279 1355 vocatur
2333 1293 2670 1356 aeternitas.
2722 1293 3018 1365 Quaedam
3065 1310 3214 1355 vero
3270 1300 3366 1355 est
3411 1312 3515 1357 va-

2019 1390 2264 1453 riabilis
2293 1392 2640 1453 secundum
2675 1392 3018 1454 contrarias
3046 1390 3511 1474 dispositioneS‚

2019 1497 2080 1551 et
2111 1490 2345 1552 dicitur
2374 1498 2630 1572 tempus
2665 1510 2679 1554 :
2713 1510 2855 1572 quae
2885 1498 2980 1553 est
3008 1510 3123 1573 per
3157 1510 3224 1553 se
3259 1510 3516 1554 mensu-

2019 1606 2088 1649 ra
2125 1596 2356 1663 motuS,
2391 1596 2452 1650 et
2483 1606 2608 1651 non
2649 1589 2910 1651 alterius
2949 1588 3074 1651 nisi
3106 1589 3172 1652 in
3201 1597 3511 1671 quantum

2018 1685 2326 1749 mutabile
2374 1695 2470 1749 est
2511 1688 2865 1750 secundum
2914 1688 3259 1750 contrarias
3306 1688 3516 1771 dispo-

2017 1784 2278 1847 sitiones
2318 1785 2382 1847 in
2413 1804 2570 1847 esse.
2607 1786 2816 1849 Tertia
2843 1787 3091 1849 duratio
3122 1794 3215 1848 est
3247 1806 3388 1869 quae
3419 1795 3514 1849 est

404 1877 473 1938 in
500 1896 736 1959 genere
768 1896 901 1941 suo.
929 1879 1380 1942 Universaliter
1408 1898 1662 1962 quoque
1699 1881 1903 1961 quoad
1942 1881 1989 1943 B
2018 1882 2343 1944 variabilis
2373 1885 2725 1946 secundum
2759 1884 3279 1947 contradictorias
3309 1885 3516 1969 dispo·

402 1994 505 2038 res
553 1976 846 2038 omnium
903 1996 1231 2058 generum,
1285 1978 1348 2039 id
1398 1979 1566 2060 quod
1624 1985 1720 2040 est
1778 1978 1905 2059 pri-

404 2094 585 2136 mum
615 2093 731 2137 ens
761 2075 1161 2157 simpliciter,
1196 2076 1364 2157 quod
1395 2084 1491 2137 est
1521 2077 1736 2138 divina
1766 2075 1911 2137 sub-

401 2173 659 2246 stantia,
700 2181 797 2235 est
840 2191 957 2254 per
995 2192 1063 2235 se
1110 2174 1557 2236 universorum
1608 2193 1908 2236 mensura

400 2271 759 2333 secundum
791 2272 961 2352 quod
992 2280 1089 2334 est
1118 2291 1194 2335 ex
1226 2292 1293 2335 se
1326 2272 1481 2354 quid
1516 2272 1903 2347 absolutum,

399 2375 466 2430 et
512 2386 645 2430 non
696 2368 761 2429 in
814 2379 1124 2451 quantum
1178 2370 1369 2432 habet
1420 2378 1779 2452 respectum
1827 2372 1905 2433 ad

400 2473 783 2540 creaturam,
837 2467 962 2530 nisi
1012 2468 1162 2549 quia
1220 2476 1504 2530 creatum
1564 2467 1753 2531 habet
1812 2488 1906 2530 re-

400 2572 699 2647 spectum
739 2566 816 2627 ad
859 2565 1087 2647 ipsam,
1121 2574 1435 2648 quatenus
1465 2586 1543 2628 ex
1578 2567 1699 2629 hoc
1738 2568 1907 2648 quod

405 2671 699 2726 creatura
736 2663 925 2727 habet
964 2672 1326 2747 respectum
1359 2666 1436 2728 ad
1468 2666 1691 2738 Deum,
1726 2665 1910 2728 ratio-

406 2779 523 2823 nes
564 2760 1049 2843 perfectionales
1088 2763 1571 2825 considerentur
1609 2764 1675 2825 in
1716 2764 1856 2845 ipso
1890 2783 1905 2827 ε

407 2854 952 2936 quemadmodum
997 2856 1197 2938 aliqui
1236 2856 1478 2930 dicunt,
1515 2857 1683 2938 quod
1728 2858 1912 2919 ratio-

408 2972 525 3015 nes
564 2953 962 3016 attributales
1003 2972 1129 3015 non
1172 2962 1489 3036 ponantur
1518 2956 1583 3016 in
1617 2955 1743 3017 Deo
1783 2955 1908 3017 nisi

2017 1980 2278 2043 sitiones
2318 1982 2664 2057 dumtaxat,
2698 1991 2760 2045 et
2793 1991 2890 2045 est
2926 1982 3180 2064 duplex.
3217 1984 3512 2058 Quaedam

2016 2080 2351 2153 transienS‚
2386 2100 2527 2162 quae
2567 2099 2694 2144 non
2733 2089 2829 2143 est
2869 2100 3168 2144 mensura
3207 2081 3332 2144 nisi
3372 2082 3512 2162 ejus

2014 2178 2184 2258 quod
2223 2186 2320 2240 est
2357 2178 2643 2240 medium
2684 2179 2850 2240 inter
2879 2178 3185 2241 terminos
3223 2179 3514 2243 variatio-

2013 2276 2114 2337 nis
2150 2294 2162 2337 :
2198 2275 2560 2356 cujusmodi
2606 2283 2701 2337 est
2747 2275 3011 2350 iustam,
3054 2276 3223 2358 quod
3266 2284 3362 2339 est-
3400 2297 3514 2359 per

2014 2394 2081 2437 se
2113 2393 2414 2436 mensura
2453 2374 2680 2437 subitae
2719 2374 3111 2453 mutationiS,
3146 2382 3335 2456 atque
3364 2374 3514 2456 ipsi-

2014 2492 2089 2533 us
2144 2473 2234 2535 rei
2295 2471 2622 2533 mutabilis
2681 2472 2746 2533 in
2797 2479 3107 2553 quantum
3158 2479 3253 2535 est
3300 2472 3511 2553 subje-

2016 2578 2190 2633 ctum
2235 2571 2380 2632 talis
2424 2569 2817 2632 mutationis.
2854 2570 3148 2643 Quaedam
3193 2588 3344 2634 vero
3387 2590 3513 2633 ma-

2014 2687 2196 2742 nens,
2229 2688 2370 2750 quae
2408 2677 2845 2731 estmensura
2883 2687 3020 2731 esse
3060 2670 3151 2731 rei
3197 2669 3512 2732 manentis

2015 2766 2080 2828 in
2130 2785 2268 2829 esse
2319 2775 2461 2847 post
2510 2785 2637 2829 non
2686 2786 2846 2841 esse,
2900 2768 2965 2828 in
3017 2774 3327 2848 quantum
3385 2786 3514 2830 ma-

2016 2882 2196 2937 nenS,
2229 2870 2442 2926 tamen
2476 2864 2802 2947 possibilis
2839 2865 3062 2927 cadere
3094 2865 3160 2926 in
3191 2883 3318 2928 non
3347 2884 3507 2940 esse,

2017 2962 2069 3024 si
2100 2962 2224 3024 sibi
2255 2962 2378 3043 ipsi
2410 2964 2808 3045 relinquatur
2835 2984 2848 3027 ε
2885 2966 3055 3046 quod
3085 2973 3180 3026 est
3209 2964 3512 3046 simplici-

408 3051 564 3131 quia
613 3070 729 3132 per
769 3051 1165 3114 intellectum
1209 3060 1512 3116 creaturae
1553 3054 1905 3115 secundum
1943 3060 1987 3125 C
2018 3067 2114 3121 ter
2152 3079 2451 3122 mensura
2493 3060 2624 3124 fixa
2663 3070 2724 3123 et
2763 3070 2935 3124 stans
2975 3062 3214 3143 absque
3257 3062 3512 3125 innova-

410 3148 1035 3230 correspondentiam
1095 3148 1323 3211 horum
1375 3169 1516 3231 quae
1566 3150 1692 3212 Deo
1738 3150 1911 3212 attri-

412 3244 721 3319 buuntur,
746 3246 1111 3308 referuntur
1138 3246 1217 3309 ad
1249 3247 1471 3321 Deum,
1497 3255 1567 3308 ut
1598 3255 1904 3329 quantum

410 3344 489 3406 ad
528 3343 671 3417 hoc,
702 3344 1020 3406 contrario
1064 3345 1254 3408 modo
1299 3346 1780 3408 considerentur
1815 3366 1909 3407 ra-

412 3441 617 3503 tiones
661 3441 895 3504 ideales
939 3450 999 3503 et
1043 3442 1319 3505 rationes
1370 3443 1853 3533 perfectionales
1889 3463 1903 3507 :

413 3539 649 3602 ideales
692 3540 931 3601 etenim
976 3540 1458 3603 considerantur
1501 3541 1565 3603 in
1609 3542 1737 3603 Deo
1780 3559 1907 3603 non

413 3658 491 3700 ex
539 3638 659 3701 hoc
710 3638 881 3719 quod
938 3648 1241 3702 creaturae
1288 3640 1524 3702 habent
1570 3640 1647 3701 ad
1705 3640 1905 3701 Deum

412 3734 659 3809 referri,
710 3736 821 3797 sed
869 3736 1243 3798 econtrario.
1297 3738 1582 3819 Denique
1634 3737 1698 3799 in
1754 3757 1909 3819 prae-

412 3834 593 3896 tactis
638 3832 845 3895 modis
894 3852 1338 3897 mensurarum
1387 3835 1564 3897 nulla
1605 3836 1775 3899 cadit
1811 3854 1909 3897 ac-

413 3932 833 4005 cidentalitaS‚
903 3931 1206 4014 nulloque
1274 3934 1500 3996 horum
1572 3936 1905 3997 modorum

414 4050 619 4094 aevum
672 4049 972 4093 mensura
1017 4038 1131 4093 est.
1168 4067 1249 4076 -—
1286 4032 1753 4095 considerando
1798 4052 1907 4096 au-

414 4137 542 4192 tem
573 4149 941 4192 mensuram
972 4131 1262 4194 essentiae
1294 4138 1363 4193 ut
1392 4139 1486 4193 est
1516 4140 1796 4208 extensa,
1816 4134 1907 4195 sic

2020 3158 2190 3220 tione
2238 3165 2300 3219 et
2349 3159 2772 3235 successione,
2815 3160 2980 3222 sicut
3030 3167 3093 3221 et
3140 3179 3276 3222 esse
3326 3162 3511 3242 cujus

2018 3275 2318 3318 mensura
2357 3264 2471 3318 est.
2504 3292 2586 3301 —
2616 3257 2680 3319 Si
2718 3266 2930 3320 autem
2964 3258 3328 3339 objiciatur,
3363 3261 3512 3341 quia

2017 3354 2371 3415 secundum
2413 3353 2868 3436 Philosophum
2911 3355 3160 3418 decimo
3198 3355 3513 3439 Metaphy-

2016 3452 2186 3525 sicae‚
2222 3470 2518 3513 mensura
2557 3459 2653 3513 est
2684 3452 2996 3533 unigenea
3033 3471 3150 3515 suo
3192 3472 3514 3517 mensura-

2016 3556 2102 3624 to,
2144 3565 2296 3631 ergo
2343 3549 2511 3611 sicut
2553 3550 2814 3631 angelus
2864 3560 2960 3613 est
3007 3549 3384 3626 substantia,
3425 3552 3512 3616 ita

2016 3656 2079 3709 et
2122 3666 2332 3711 aevum
2374 3648 2514 3727 ejus
2558 3667 2891 3728 mensura3
2931 3649 3298 3725 dicendum,
3341 3652 3510 3733 quod

2016 3746 2356 3808 auctoritas
2395 3746 2505 3808 illa
2535 3756 2629 3808 est
2661 3747 3072 3829 intelligenda
3106 3749 3182 3810 de
3216 3768 3512 3812 mensura

2016 3844 2392 3919 extrinseca,
2423 3845 2840 3907 conveniente
2883 3847 2973 3907 rei
3017 3846 3259 3909 ratione
3299 3866 3510 3911 essen-

2017 3942 2121 4005 tiae
2152 3962 2282 4004 suae
2309 3942 2708 4024 simpliciter,
2743 3952 2932 4025 prout
2965 3943 3030 4005 in
3065 3946 3240 4007 omni
3280 3964 3511 4027 genere

2017 4041 2298 4123 primum
2352 4047 2448 4101 est
2491 4059 2790 4103 mensura
2837 4042 3240 4123 sequentium
3284 4061 3300 4105 :
3343 4045 3512 4125 quod

2017 4138 2191 4200 enim
2236 4146 2331 4201 est
2375 4138 2541 4199 sicut
2589 4157 2888 4201 mensura
2935 4140 3326 4215 substantiae,
3369 4142 3516 4204 sub-

415 4228 551 4309 ejus
596 4248 897 4291 mensura
938 4230 1259 4310 quantitas
1303 4236 1396 4291 est
1436 4231 1755 4305 continua,
1789 4231 1908 4293 sub
1939 4240 1989 4301 D
2019 4236 2251 4299 stantia
2292 4243 2405 4297 est.
2429 4271 2509 4315 5—
2538 4235 2680 4299 Haec
2722 4236 3048 4299 Henricus.

415 4327 595 4408 cujus
637 4328 929 4409 partibus
970 4336 1177 4410 partes
1218 4328 1587 4392 substantiae
1625 4330 1911 4392 materia-

417 4425 490 4486 lis
531 4432 809 4499 extensas
854 4434 1001 4487 sunt
1044 4433 1107 4487 et
1148 4434 1459 4489 contentae
1502 4447 1517 4491 ε
1560 4435 1749 4509 atque
1798 4448 1910 4510 per

414 4522 832 4605 quantitatem
877 4524 1064 4585 istam
1112 4525 1568 4587 accidentalem
1617 4525 1909 4589 intrinse-

415 4640 549 4683 cam
599 4621 901 4684 convenit
943 4621 1313 4686 substantiae
1362 4624 1671 4705 corporali
1714 4644 1910 4706 quan-

416 4720 555 4783 titas
586 4720 1069 4783 dimensionalis
1100 4721 1473 4796 extrinseca,
1507 4741 1647 4804 quae
1677 4722 1913 4784 dicitur

418 4817 613 4892 locus,
658 4826 723 4879 et
770 4817 1154 4900 simpliciter
1200 4818 1493 4881 accidens
1544 4828 1674 4899 est3
1725 4829 1911 4902 prout

418 4924 627 4979 autem
672 4916 1094 4999 multiplicata
1124 4924 1241 4991 est,
1275 4918 1507 4979 accidit
1538 4918 1911 4981 substantiis

423 5015 855 5077 materialibus
900 5034 1227 5077 numerus
1262 5015 1392 5077 Nec
1434 5016 1641 5078 adhuc
1686 5016 1765 5079 de
1809 5037 1913 5080 na-

419 5118 557 5174 tura
614 5120 679 5174 et
735 5114 977 5175 ratione
1034 5114 1259 5175 talium
1319 5133 1761 5176 mensurarum
1820 5122 1915 5177 cst

424 5229 621 5273 aevum
659 5230 674 5274 :
710 5211 855 5273 ideo
893 5212 1052 5273 nihil
1091 5221 1186 5274 est
1226 5213 1291 5274 in
1332 5232 1399 5275 re
1439 5213 1763 5294 pertinens
1803 5233 1917 5295 per

428 5326 489 5371 se
525 5308 601 5372 ad
644 5308 741 5371 rei
787 5310 1126 5373 essentiam
1170 5311 1411 5374 ratione
1462 5310 1663 5392 ipsius
1706 5330 1915 5373 essen-

2098 4334 2288 4397 Porro
2335 4334 2470 4397 haec
2519 4332 2980 4397 rationabiliter
3037 4338 3242 4419 posita
3291 4338 3514 4402 Scotus

2020 4451 2196 4495 more
2235 4432 2421 4494 solito
2461 4432 2791 4514 impugnat
2829 4440 2891 4495 et
2931 4453 3292 4517 expugnare
3331 4456 3514 4501 cona-

2019 4540 2145 4601 tur,
2181 4531 2272 4592 sic
2313 4530 2632 4612 arguendo
2667 4548 2680 4592 ε
2714 4531 2978 4594 Videtur
3019 4534 3328 4599 Henricus
3370 4556 3516 4600 con-

2021 4628 2328 4691 tradicere
2388 4627 2512 4690 sibi
2574 4629 2718 4711 ipsi,
2773 4630 2924 4711 quia
2982 4650 3277 4712 expresse
3334 4636 3510 4710 dicit,

2020 4727 2190 4809 quod
2230 4726 2437 4807 angeli
2477 4745 2615 4788 esse
2650 4726 2839 4788 habet
2869 4728 3219 4803 terminari,
3251 4738 3314 4793 et
3343 4735 3513 4813 quod

2019 4844 2228 4887 aevum
2287 4830 2495 4905 potest
2543 4824 2608 4886 in
2655 4824 2941 4906 quolibet
2989 4824 3268 4901 instanti,
3321 4849 3516 4910 quan·

2021 4930 2159 4984 tum
2201 4930 2404 4983 estex
2445 4940 2535 4996 se,
2569 4922 2861 4985 deficere.
2899 4924 3061 5005 Ergo
3090 4925 3144 4986 si
3182 4925 3340 4988 illud
3371 4928 3516 4991 aevi-
3611 4945 3624 4953 ·

2021 5027 2274 5081 ternum
2336 5018 2564 5082 habeat
2609 5019 2961 5083 formaliter
3005 5041 3144 5084 esse
3197 5042 3343 5086 eum
3405 5025 3516 5088 illo

2023 5136 2217 5190 nunc,
2252 5117 2372 5179 hoc
2404 5135 2532 5180 non
2564 5125 2770 5200 potest
2799 5138 2936 5181 esse
2968 5120 3320 5183 secundum
3357 5121 3515 5186 illud

2026 5234 2186 5289 esse,
2220 5215 2524 5297 quoniam
2566 5215 2722 5276 illud
2763 5234 2900 5277 esse
2930 5215 3153 5279 habuit
3188 5219 3517 5284 terminari

2029 5331 2178 5375 cum
2227 5313 2336 5375 illo
2384 5331 2555 5375 nunc
2594 5329 2608 5375 :
2651 5330 2800 5394 ergo
2847 5321 3090 5395 oportet
3134 5324 3206 5379 ut
3245 5317 3347 5380 vel
3390 5319 3516 5382 alio
