4334 6242
161 1004 373 1047 necoenat.

199 1081 216 1109 '
279 1081 373 1111 ·¹¹¹·
399 1085 878 1167 gnificationem
919 1084 1235 1148 vocabuli.
1268 1085 1416 1147 Ideo
1452 1082 1636 1146 aliter
1673 1091 1770 1145 est
1810 1082 1899 1144 di-

1596 520 1740 576 omn
1781 519 1874 565 sn·
1913 517 2295 565 nmRARGmA

3390 493 3507 564 471

402 697 516 765 est,
577 692 926 776 recipiatur
993 691 1280 755 inferiori
1348 692 1538 754 modo
1605 691 1671 754 in
1741 691 1900 753 Filio
1927 689 1979 753 A
2010 690 2262 764 milans,
2295 697 2441 763 etc.,
2479 697 2549 751 ut
2588 707 2799 771 supra.
2834 689 3042 752 Tertia
3078 696 3176 751 est
3208 705 3224 751 ε
3264 688 3511 752 Hierar-

400 809 592 872 quam
649 798 748 853 est
805 790 869 852 in
922 791 1100 853 Patre
1155 808 1168 852 :
1222 809 1362 873 quae
1420 797 1632 852 tamen
1690 789 1898 870 requi-

401 897 630 950 runtur
656 890 734 952 ad
767 890 1077 952 rationem
1117 888 1511 960 hierarchiae,
1545 888 1896 949 secundum

403 985 821 1050 intentionem
861 988 928 1050 B.
975 987 1282 1069 Dionysii,
1324 994 1386 1049 et
1426 985 1776 1048 secundum
1819 985 1898 1046 si-

399 1184 698 1256 cendum‚
721 1182 1040 1257 videlicet,
1077 1183 1243 1265 quod
1275 1181 1630 1244 hierarchia
1661 1181 1900 1242 similat

397 1281 708 1344 deiforme
751 1282 816 1343 in
858 1288 1170 1362 quantum
1214 1299 1330 1362 per
1368 1281 1585 1341 lumen
1625 1278 1900 1360 desuper

396 1379 850 1462 participatum
893 1379 1284 1442 assimilatur
1327 1377 1596 1440 claritati
1641 1377 1894 1450 divinae,

395 1497 524 1540 non
586 1497 702 1560 per
759 1479 1306 1561 aequiparandam,
1368 1476 1476 1538 sed
1544 1476 1896 1538 secundum

395 1596 576 1639 suam
636 1576 1144 1658 possibilitatem.
1197 1576 1458 1658 Propter
1515 1574 1684 1656 quod
1743 1573 1898 1635 dicit

395 1675 455 1738 S.
489 1675 853 1757 DionysiuS,
887 1675 1203 1748 Quantum
1252 1672 1558 1755 possibile
1607 1681 1720 1734 est.
1757 1671 1898 1733 Om-

395 1772 496 1836 nis
524 1774 768 1855 quippe
797 1771 1106 1854 perfectio
1137 1780 1442 1834 creaturae
1480 1778 1575 1832 est
1605 1770 1892 1851 quaedam

2007 789 2150 852 chia
2192 797 2289 851 est
2325 789 2403 851 ad
2442 789 2667 862 Deum,
2700 796 3009 870 quantum
3052 787 3356 870 possibile
3390 795 3507 862 est,

2007 886 2365 950 similitudo
2392 894 2454 952 et
2494 887 2725 960 unitas,
2761 887 2975 968 ipsum
3004 886 3244 949 habens
3276 893 3509 950 sanctae

2006 986 2289 1050 scientiae
2320 994 2382 1049 et
2412 985 2678 1048 actionis
2710 986 2962 1073 ducem,
2987 992 3050 1047 et
3079 985 3157 1047 ad
3188 985 3509 1048 divinissi-

2010 1102 2188 1147 mum
2218 1103 2405 1146 suum
2438 1084 2731 1146 decorem
2765 1082 3252 1145 immutabiliter
3281 1081 3509 1146 defini-

2007 1199 2156 1262 ens3
2188 1190 2496 1264 quantum
2529 1198 2681 1244 vero
2712 1181 3017 1264 possibile
3046 1189 3165 1254 est,
3198 1198 3346 1243 suos
3376 1181 3508 1243 lau-

2007 1280 2255 1342 datores
2286 1279 2658 1342 reformanS.
2678 1315 2759 1326 —
2786 1280 3020 1342 Harum
3052 1279 3505 1342 definitionum

2008 1378 2218 1460 prima
2269 1387 2364 1441 est
2420 1378 2713 1442 increata>
2760 1377 3151 1440 hierarchiae.
3194 1378 3349 1442 Aliae
3406 1396 3509 1440 ve-

2009 1494 2078 1538 ro
2107 1477 2249 1540 duae
2279 1485 2428 1539 sunt
2457 1476 2829 1540 hierarchiae
2859 1483 3083 1538 creatae
3116 1493 3130 1537 z
3165 1495 3307 1559 quae
3339 1477 3507 1540 inter

2006 1593 2074 1637 se
2117 1574 2449 1649 differunt,
2484 1574 2785 1657 quoniam
2833 1574 3042 1656 prima
3080 1574 3307 1636 harum
3358 1576 3507 1638 dua-

2007 1693 2149 1736 rum
2195 1674 2634 1756 principaliter
2674 1673 3023 1736 attenditur
3064 1691 3259 1756 penes
3302 1692 3506 1755 egres-

2006 1791 2148 1834 sum
2198 1791 2237 1834 a
2283 1759 2578 1847 Deo,'sed
2629 1772 2853 1834 ultima
2901 1789 3097 1853 penes
3146 1789 3505 1853 regressum

393 1871 754 1934 similitudo
801 1871 1102 1933 bonitatis
1152 1870 1406 1943 divinae,
1456 1869 1567 1931 sed
1620 1887 1747 1930 una
1793 1887 1896 1931 ex·
1930 1868 1977 1930 B
2006 1871 2084 1933 ad
2134 1871 2358 1945 Deum,
2410 1871 2703 1952 quamvis
2763 1870 2831 1932 in
2889 1877 3157 1950 utraque
3212 1877 3507 1952 tangatur

393 1970 674 2051 pressior
714 1969 853 2032 alia.
896 2004 978 2014 —
1015 1969 1108 2031 Ad
1155 1969 1476 2050 quintum,
1522 1967 1732 2048 agenti
1781 1985 1893 2028 seu

393 2067 792 2149 imprimenti
828 2074 1035 2148 potest
1079 2066 1394 2148 recipiens
1436 2065 1778 2146 dupliciter
1817 2063 1897 2126 si-

393 2164 624 2228 milari.
659 2165 891 2238 Primo,
923 2166 1276 2228 secundum
1317 2163 1586 2226 formam
1623 2171 1889 2225 tantum.

391 2264 708 2337 Secundo,
745 2283 940 2345 penes
980 2262 1251 2326 formam
1283 2270 1345 2325 et
1379 2263 1694 2324 actionem
1730 2279 1745 2323 ε
1779 2261 1896 2324 sic·

391 2370 464 2425 ut
493 2362 738 2444 aliquid
771 2361 859 2424 ita
888 2361 1290 2423 illuminatur
1319 2381 1356 2423 a
1385 2362 1537 2434 sole,
1571 2360 1740 2442 quod
1771 2359 1896 2421 alia

309 2503 316 2518 .
393 2479 650 2544 quoque
683 2459 1027 2535 illuminat,
1058 2468 1126 2521 ut
1160 2459 1329 2521 luna.
1365 2459 1467 2522 Sic
1505 2458 1710 2540 angeli
1744 2457 1894 2520 assi-

162 4831 316 4878 ibidem.

392 2558 704 2621 milantur
748 2559 896 2633 Deo,
937 2558 1154 2620 lumen
1198 2557 1277 2620 ab
1319 2558 1459 2640 ipso
1501 2557 1889 2639 recipiendo,

390 2657 564 2739 quod
594 2663 843 2719 notatur
872 2675 1066 2738 quum
1098 2654 1672 2725 dicitur,Deiforme
1702 2674 1896 2736 quan-

389 2762 530 2816 tum
569 2753 870 2836 possibile
901 2761 998 2815 est
1027 2753 1354 2830 similans3
1385 2761 1448 2814 et
1488 2753 1642 2815 item
1675 2752 1890 2814 lumen

386 2873 428 2915 a
457 2853 586 2916 Deo
615 2859 942 2934 receptum
973 2850 1114 2914 aliis
1146 2851 1697 2925 communicandO,
1722 2850 1892 2932 quod

389 2949 756 3012 insinuatur
796 2948 948 3010 dum
994 2947 1310 3020 subditur,
1343 2947 1436 3008 Ad
1482 2947 1713 3008 inditas
1757 2946 1894 3007 illu-

2007 1977 2369 2050 utrumque.

2083 2066 2291 2129 Prima
2336 2065 2649 2140 definitio,
2683 2084 2825 2148 quae
2862 2075 2959 2129 est
3004 2067 3375 2130 hierarchiae
3413 2067 3506 2130 in-

2005 2172 2251 2238 creatae,
2285 2165 2587 2246 exprimit
2625 2183 2761 2226 eam
2794 2171 3105 2246 quantum
3144 2166 3223 2228 ad
3260 2165 3503 2228 trinita-

2004 2271 2132 2324 tem
2193 2269 2255 2324 et
2313 2262 2645 2336 unitatem,
2703 2263 2789 2324 ita
2846 2263 3016 2344 quod
3075 2281 3194 2326 nec
3250 2263 3502 2326 trinitas

2003 2360 2377 2443 praejudicat
2430 2361 2681 2435 unitati,
2732 2378 2851 2423 nec
2899 2362 3255 2424 econtrario
3307 2380 3321 2424 :
3372 2363 3501 2427 imo

2004 2459 2215 2521 unitas
2256 2460 2333 2521 ad
2364 2458 2823 2540 perfectionem
2863 2459 3141 2542 pertinet
3172 2460 3497 2536 trinitatis»,

2002 2564 2066 2618 et
2095 2557 2344 2619 trinitas
2374 2558 2452 2619 ad
2492 2557 2951 2638 perfectionem
2986 2557 3267 2621 unitatis.
3306 2559 3381 2622 Ut
3408 2577 3503 2622 er·

2000 2672 2080 2736 go
2123 2655 2492 2717 ostendatur
2530 2655 2621 2717 ibi
2661 2674 2801 2718 esse
2841 2656 3051 2718 unitas
3091 2656 3155 2718 in
3192 2656 3496 2731 trinitate,

2002 2752 2237 2814 dicitur
2260 2770 2274 2814 ε
2298 2752 2665 2814 Hierarchia
2692 2761 2788 2814 est
2816 2753 3033 2816 divina
3064 2754 3492 2836 pulchritudo.

1999 2849 2413 2913 Pulchritudo
2455 2868 2731 2931 namque
2786 2851 3075 2913 consistit
3122 2851 3189 2913 in
3243 2851 3499 2935 plurali-

1998 2955 2126 3010 tate
2175 2955 2239 3010 et
2284 2947 2664 3029 aequalitate,
2715 2956 2787 3010 ut
2838 2950 3065 3011 asserit
3104 2949 3496 3031 Augustinus

389 3047 796 3120 minationeS,
832 3046 895 3108 id
942 3053 1038 3108 est
1081 3045 1433 3107 secundum
1476 3045 1778 3107 virtutem
1828 3053 1890 3106 et
1926 3048 1969 3112 C
2002 3045 2166 3108 libro
2198 3046 2275 3108 de
2305 3047 2465 3108 Vera
2498 3045 2821 3126 religione.
2857 3047 2931 3110 Ut
2961 3055 3175 3110 autem
3205 3049 3495 3111 ostendat

388 3145 676 3228 regulam
726 3145 1016 3206 datarum
1067 3142 1631 3215 illuminationum,
1671 3161 1890 3205 ascen-

387 3245 546 3308 dens
598 3244 664 3306 in
723 3242 1212 3304 similitudinem
1272 3241 1407 3315 Dei,
1457 3241 1777 3321 operando
1827 3246 1891 3301 et

388 3341 725 3406 influendo
754 3340 820 3403 in
850 3340 1008 3403 alios
1039 3339 1390 3402 secundum
1422 3357 1601 3401 suam
1633 3355 1890 3420 propor-

387 3441 652 3502 tionem.
697 3439 772 3500 Et
823 3439 964 3501 ideo
1013 3438 1300 3500 nominat
1343 3437 1483 3510 hoc,
1527 3454 1884 3509 ascensum,

387 3538 540 3620 quia
583 3537 649 3598 in
687 3537 806 3599 hoc
847 3535 1139 3599 consistit
1177 3535 1483 3617 perfectio
1520 3533 1886 3595 similitudi-

385 3637 490 3697 nis
541 3635 873 3698 deiformis
919 3651 933 3695 ε
981 3652 1130 3696 narn
1182 3633 1472 3696 omnium
1522 3632 1886 3693 divinorum

386 3734 866 3797 divinissimum
913 3741 1010 3794 est
1052 3732 1164 3793 Dei
1209 3737 1679 3813 cooperatorem
1724 3729 1886 3792 exsi-

304 3885 315 3895 .
386 3840 576 3906 stere,
611 3833 778 3894 sicut
815 3830 1072 3892 divinus
1117 3829 1453 3912 Dionysius
1495 3829 1584 3890 ait
1623 3828 1880 3890 ibidem.

383 3932 662 4013 ldeoque
694 3928 1056 4013 philosophi
1088 3935 1438 4010 posuerunt
1475 3926 1672 3988 finem
1706 3925 1887 3987 intel-

383 4029 788 4112 ligentiarum
837 4027 1231 4090 moventium
1281 4025 1466 4088 orbes
1515 4025 1594 4087 ab
1641 4024 1882 4086 eisdem

382 4123 730 4200 intentum,
755 4145 895 4189 esse
932 4123 1455 4187 assimilationem
1494 4123 1776 4184 divinam
1816 4122 1882 4184 in

2000 3144 2170 3225 quod
2202 3142 2531 3224 pluralitas
2561 3144 2693 3206 non'
2720 3143 3094 3225 praejudieat
3124 3146 3375 3219 unitati,
3408 3146 3497 3208 di-

2000 3243 2109 3318 cit,
2143 3243 2222 3306 Ut
2268 3243 2547 3324 simpla:
2582 3243 2884 3325 quoniam
2930 3244 3022 3306 sic
3070 3252 3168 3306 est
3215 3245 3303 3307 ibi
3354 3246 3495 3328 plu-

2000 3341 2236 3414 ralitaS,
2270 3349 2341 3402 ut
2368 3348 2579 3403 tamen
2612 3359 2740 3403 non
2771 3340 3027 3404 tollatur
3056 3343 3318 3406 unitatis
3348 3343 3495 3407 sim-

2000 3438 2271 3521 plicitas.
2307 3439 2384 3501 Ut
2414 3439 2566 3501 item
2606 3440 2895 3501 ostendat
2923 3441 3092 3521 quod
3124 3441 3334 3503 unitas
3365 3460 3493 3505 non

1999 3537 2370 3618 praejudicat
2422 3536 2791 3618 pluralitati,
2832 3537 3185 3619 subjungit,
3219 3539 3293 3602 Ut
3336 3540 3497 3621 opti-

1999 3652 2102 3697 ma
2135 3652 2150 3696 ε
2184 3634 2337 3716 quia
2375 3635 2469 3697 sic
2506 3641 2603 3696 est
2641 3635 2706 3695 in
2746 3635 2875 3697 Deo
2915 3635 3146 3709 unitas,
3180 3644 3247 3697 ut
3279 3644 3496 3700 tamen

1996 3751 2248 3794 summa
2278 3732 2359 3794 sit
2380 3731 2665 3811 bonitas;
2698 3751 2813 3814 per
2841 3752 3031 3815 quam
3076 3741 3173 3796 est
3211 3733 3495 3816 perfecta

1998 3830 2513 3904 communicatio,
2546 3837 2607 3892 et
2649 3831 2735 3893 ita
2774 3848 3190 3912 personarum
3236 3831 3495 3914 plurali-

1994 3937 2108 3990 tas.
2143 3929 2567 4002 Postremo,ut
2600 3929 2889 3991 ostendat
2917 3929 3085 4011 quod
3116 3930 3327 3992 unitas
3358 3949 3495 4012 spe-

1995 4033 2122 4088 ctat
2159 4027 2236 4088 ad
2278 4025 2736 4107 perfectionem
2771 4027 3173 4108 pluralitatis,
3207 4036 3271 4090 et
3308 4047 3493 4092 econ-

1994 4125 2208 4198 trario,
2251 4124 2489 4198 subdit,
2538 4125 2613 4187 Ut
2664 4126 3219 4188 consummativa:
3253 4127 3319 4190 in
3365 4145 3494 4209 quo

383 4226 720 4289 causando.
757 4225 860 4287 Sic
890 4223 1103 4305 itaque
1137 4222 1341 4305 prima
1370 4221 1722 4284 similitudo
1753 4238 1885 4282 cor·
1913 4221 1964 4286 D
1994 4223 2375 4296 insinuatur,
2435 4223 2607 4305 quod
2668 4223 2731 4284 in
2791 4223 3073 4286 trinitate
3130 4231 3193 4286 et
3248 4225 3491 4289 unitate

385 4324 726 4406 respondet
784 4322 1088 4396 scientioe,
1148 4321 1428 4383 secunda
1487 4319 1740 4382 actioni.
1801 4353 1882 4364 —-

386 4423 528 4486 Haec
576 4413 848 4484 Thomas
891 4420 957 4481 in
1001 4419 1268 4502 Scripto.

466 4521 772 4583 Praeterea
801 4518 1241 4581 Bonaventura
1279 4517 1448 4578 circa
1477 4515 1610 4578 haec
1651 4513 1882 4597 partim

386 4619 572 4681 aliter
619 4616 893 4680 sensisse
940 4615 1212 4690 videtur,
1259 4615 1602 4677 increatam
1653 4613 1888 4675 hierar-

391 4717 600 4779 chiam
633 4715 926 4797 ponendo
960 4731 974 4774 :
1003 4714 1228 4777 Beatus
1257 4712 1522 4794 (inquit)
1551 4711 1887 4794 Dionysius

392 4814 558 4877 libro
615 4815 693 4875 de
748 4812 1049 4893 Angelica
1107 4810 1464 4874 hierarchia
1524 4817 1650 4870 tres
1710 4809 1890 4891 ponit

391 4912 763 4975 hierarchiae
794 4910 1218 4972 definitiones.
1255 4909 1462 4971 Prima
1490 4915 1624 4970 est:
1648 4907 1892 4970 Hierar-

392 5012 538 5074 chia
575 5017 672 5072 est
713 5009 930 5072 divina
973 5007 1381 5090 pulchritudo
1425 5013 1494 5068 ut
1534 5005 1787 5088 simpla,
1823 5012 1892 5067 ut

392 5108 657 5192 optima,
706 5115 776 5169 ut
825 5106 1346 5169 consummativa.
1395 5105 1685 5167 Secunda
1731 5111 1826 5165 est
1873 5121 1888 5166 ε

394 5207 760 5271 Hierarchia
801 5213 897 5268 cst
938 5205 1193 5267 divinus
1233 5203 1386 5266 ordo
1427 5211 1490 5264 et
1528 5201 1793 5264 scientia
1832 5211 1896 5264 et

395 5307 585 5382 actio,
627 5304 938 5369 deiforme
987 5311 1296 5386 quantum
1331 5300 1636 5385 possibile
1681 5308 1778 5364 est
1818 5301 1897 5364 si-

1992 4320 2285 4384 consistit
2341 4321 2705 4383 omnimoda
2752 4329 2815 4382 et
2862 4339 3114 4383 summa
3159 4323 3487 4404 perfectio·

1991 4456 2072 4466 —
2108 4419 2299 4482 Porro
2346 4419 2639 4482 secundae
2687 4418 3082 4482 definitionis
3132 4420 3491 4486 intellectus

1993 4519 2085 4581 sic
2125 4518 2419 4580 sumitur.
2453 4518 2755 4599 Angelica
2793 4517 3149 4581 hierarchia
3185 4519 3493 4583 definitur

1995 4617 2086 4679 ibi
2129 4617 2481 4678 secundum
2524 4634 2849 4697 egressum
2890 4635 2927 4678 a
2967 4617 3115 4678 Deo.
3158 4616 3494 4698 Egreditur

1995 4722 2207 4776 autem
2240 4733 2277 4775 a
2303 4715 2433 4777 Deo
2462 4714 2812 4776 secundum
2845 4715 3155 4777 rationem
3196 4716 3491 4798 imaginis

1997 4819 2061 4874 et
2107 4810 2572 4886 similitudiniS,
2623 4812 2789 4874 sicut
2837 4819 2897 4874 et
2952 4812 3160 4875 homo.
3214 4813 3372 4925 Fine
3425 4815 3490 4878 in

2000 4908 2109 4972 illa
2165 4908 2603 4973 notificatione
2653 4911 2861 4992 primo
2910 4911 3495 4986 describitfflierar-

2001 5007 2209 5070 chiam
2240 5008 2669 5088 egredientem
2700 5028 2737 5070 a
2768 5009 2895 5071 Deo
2924 5027 3039 5091 per
3068 4997 3318 5073 moduin
3352 5012 3495 5075 ima-

1999 5105 2191 5187 ginis,
2224 5105 2442 5169 dicens
2478 5125 2490 5169 :
2523 5107 2888 5169 Hierarchia
2926 5116 3022 5170 est
3052 5109 3307 5174 divinus
3339 5113 3493 5175 ordo

2001 5212 2060 5266 et
2111 5203 2378 5265 scientia
2416 5212 2479 5266 et
2515 5205 2680 5266 actio
2714 5223 2729 5266 ε
2762 5212 2833 5266 ut
2870 5206 3045 5279 ordo,
3084 5206 3146 5268 id
3190 5217 3287 5271 est
3327 5210 3495 5273 ordi-

2008 5309 2154 5364 nata
2212 5309 2510 5384 potestaS,
2561 5304 2934 5385 respondeat
2991 5304 3178 5381 Patri,
3228 5307 3496 5374 scientia
