4334 6242
587 977 669 1018 art.
700 978 742 1018 4.

541 4046 805 4102 Sap.xu,lo.

816 475 935 542 240

1475 491 1540 538 IN
1580 491 1802 538 LIBRUM
1844 490 1889 537 n
1930 486 2412 536 summanum.
2456 504 2540 518 >··-·
2579 487 2732 534 msr.
2780 487 2888 551 1113
2932 485 3155 544 QUAEST.
3203 489 3265 536 tv

821 663 1075 747 ligendo
1112 663 1445 728 actualiter
1474 683 1697 728 verum
1738 662 1979 726 bonum
2020 660 2140 724 sub
2177 679 2317 743 pro·
2348 660 2401 722 A
2429 659 2741 737 iracundi,
2772 669 2883 725 aut
2925 659 3499 744 concupiscentes).
3534 677 3660 723 non
3710 665 3934 722 autem

823 763 963 846 pria
1005 763 1269 826 ratione.

902 862 1187 944 Denique
1234 862 1299 924 in
1346 862 1552 944 prima
1596 869 1775 944 parte
1818 861 2116 932 Summae,
2151 876 2322 940 quae-

822 962 1027 1025 stione
1057 962 1446 1042 sexagesima
1476 961 1681 1027 tertia.
1701 959 1983 1042 loquitur
2010 957 2318 1020 Thomas:

824 1061 1023 1123 Omne
1053 1061 1221 1143 quod
1247 1068 1362 1135 est,
1381 1061 1448 1122 in
1478 1066 1787 1141 quantum
1816 1064 1913 1120 est
1935 1063 1999 1119 et
2028 1063 2321 1118 naturam

824 1159 1104 1241 aliquam
1156 1158 1368 1233 habet,
1421 1157 1793 1220 naturaliter
1844 1155 2046 1218 tendit
2094 1154 2160 1216 in
2209 1154 2320 1216 ali-

696 1289 725 1318 u
825 1259 992 1343 quod
1043 1257 1307 1331 bonum,
1353 1263 1573 1339 utpote
1618 1275 1693 1318 ex
1746 1253 2064 1337 principio
2112 1251 2323 1315 bono*

823 1356 1133 1418 exsistens
1187 1375 1201 1419 ε
1255 1355 1559 1436 quoniam
1618 1371 1872 1434 semper
1922 1351 2195 1413 effectus
2256 1349 2322 1412 in

822 1473 1009 1517 suum
1056 1453 1446 1536 principium
1489 1457 1965 1515 convertuntur.
2002 1448 2323 1529 Contingit

819 1559 1033 1614 autem
1074 1551 1267 1615 alicui
1307 1550 1474 1614 bono
1506 1548 1872 1633 particulari
1906 1547 2164 1629 aliquod
2197 1564 2324 1607 ma·

823 1652 956 1713 lum
998 1669 1138 1712 esse
1182 1669 1526 1722 annexum,
1560 1656 1629 1710 ut
1672 1648 1802 1730 igni
1846 1665 1986 1709 esse
2030 1662 2324 1707 consum-

823 1751 1072 1832 ptivum
1129 1749 1421 1811 aliorum.
1472 1748 1644 1810 Bono
1700 1754 1915 1809 autem
1973 1743 2320 1807 universali

2431 779 2508 821 ex
2533 767 2710 842 parte
2741 769 2979 824 naturae
3010 758 3796 823 intellectualis—Natura
3825 776 3942 820 au·

2433 866 2554 920 tem
2595 859 2899 922 sensitiva
2931 859 3262 921 ordinatur
3295 859 3362 921 in
3395 857 3653 940 aliquod
3689 856 3936 919 bonum

2434 957 2837 1038 particulare,
2856 959 2960 1020 cui
2991 965 3199 1040 potest
3229 957 3485 1039 aliquod
3518 956 3756 1019 malum
3787 973 3940 1017 esse

2435 1055 2868 1136 conjunctum.
2925 1057 3028 1120 Sic
3085 1065 3150 1119 et
3204 1055 3393 1118 bruta
3450 1055 3938 1118 inclinationem

2433 1155 2787 1218 naturalem
2830 1156 3050 1218 sortita
3096 1163 3247 1217 sunt
3286 1155 3363 1217 ad
3404 1154 3692 1236 quaedam
3739 1153 3940 1236 parti-

2434 1253 2672 1315 cularia
2702 1253 2887 1328 bona,
2907 1253 3140 1336 quibus
3171 1253 3514 1334 conjuncta
3541 1259 3690 1314 sunt
3716 1252 3940 1333 aliqua

2435 1351 2644 1414 mala:
2678 1353 3218 1434 quemadmodum
3255 1351 3482 1434 vulpes
3523 1351 3602 1413 ad
3645 1367 3938 1432 quaeren-

2433 1451 2586 1512 dum
2630 1451 2875 1513 victum
2919 1452 3246 1532 sagaciter,
3289 1452 3394 1513 cui
3437 1450 3658 1512 unitur
3701 1449 3940 1512 dolosi-

2432 1557 2546 1611 tas,
2581 1550 2741 1612 Hinc
2780 1569 2920 1613 esse
2959 1551 3250 1614 dolosum
3289 1568 3417 1613 non
3455 1557 3551 1612 est
3583 1547 3820 1610 malum
3865 1549 3934 1610 in

2432 1647 2648 1731 vulpe,
2681 1649 2848 1711 sicut
2887 1667 3005 1712 nec
3048 1667 3186 1712 esse
3225 1648 3604 1710 iracundum
3645 1646 3709 1708 in
3750 1663 3934 1721 cane,

2435 1754 2504 1808 ut
2547 1755 2772 1830 quarto
2815 1747 3096 1830 capitulo
3139 1748 3218 1810 de
3265 1747 3511 1810 Divinis
3561 1745 3938 1810 nominibus

822 1866 951 1910 non
992 1855 1196 1931 potest
1225 1847 1481 1929 aliquod
1522 1846 1762 1908 malum
1797 1863 1935 1907 esse
1975 1861 2314 1906 annexum.
2351 1843 2398 1907 B
2433 1845 2498 1908 B.
2517 1846 2852 1929 Dionysius
2881 1847 3228 1909 ait.—Haec
3258 1845 3527 1909 Thomas
3559 1845 3624 1906 in
3655 1845 3934 1907 Summa.

825 1947 889 2009 Si
918 1963 1069 2027 ergo
1108 1946 1191 2008 sit
1218 1945 1460 2028 aliquid
1501 1944 1687 2026 cujus
1730 1951 1955 2006 natura
1992 1942 2323 2005 ordinetur

825 2045 891 2107 iu
936 2045 1192 2126 aliquod
1237 2045 1477 2108 bonum
1525 2041 1927 2126 particulare,
1963 2047 2172 2124 potest
2215 2059 2321 2102 na·

2515 1945 2780 2027 Insuper
2809 1946 2888 2007 de
2917 1945 3059 2021 hoc,
3093 1945 3261 2027 quod
3300 1943 3592 2007 diabolus
3625 1943 3689 2005 in
3722 1943 3938 2024 primo

2433 2044 2692 2106 instanti
2737 2064 2866 2107 suae
2912 2043 3248 2107 creationis
3287 2062 3414 2107 non
3462 2042 3658 2104 fuerit
3701 2042 3932 2116 malus,

825 2144 1113 2207 turaliter
1155 2145 1415 2206 tendere
1467 2144 1531 2205 in
1580 2142 1836 2224 aliquod
1887 2141 2149 2214 malum,
2193 2155 2322 2201 non
2433 2143 2519 2205 ita
2557 2142 2890 2225 subjungit
2928 2143 3167 2206 ibidem
3202 2159 3216 2205 τ
3251 2141 3654 2225 Impossibile
3692 2147 3788 2203 est
3818 2159 3932 2203 an·

826 2245 892 2307 in
923 2252 1233 2327 quantum
1274 2250 1370 2305 est
1401 2243 1663 2316 malum,
1697 2241 1806 2303 sed
1847 2259 1963 2322 per
2000 2238 2318 2312 accidenS,
2431 2240 2646 2322 gelum
2697 2241 2761 2302 in
2816 2241 3026 2323 primo
3086 2240 3348 2303 instanti
3403 2259 3535 2302 suae
3593 2237 3933 2302 creationis

825 2345 893 2407 in
944 2349 1255 2425 quantum
1304 2349 1400 2405 est
1446 2339 1863 2421 conjunctum
1915 2337 2166 2400 cuidam
2217 2336 2324 2398 bo-
2436 2357 2732 2421 peccasse
2778 2357 2894 2421 per
2949 2339 3380 2402 inordinatum
3441 2337 3628 2400 liberi
3682 2335 3936 2399 arbitrii

824 2461 926 2506 no,
965 2442 1030 2506 Si
1069 2458 1221 2505 vero
1260 2440 1343 2502 sit
1378 2439 1620 2520 aliquid
1666 2437 1851 2519 cujus
1895 2443 2118 2498 natura
2158 2433 2325 2497 ordi·
2434 2445 2667 2500 actum.
2703 2437 3002 2511 Quamvis
3033 2437 3206 2501 enim
3245 2456 3346 2499 res
3380 2436 3593 2518 aliqua
3621 2436 3688 2498 in
3721 2435 3938 2517 primo

825 2549 1015 2604 netur
1051 2540 1116 2602 in
1160 2538 1416 2621 aliquod
1460 2537 1702 2600 bonum
1746 2535 2096 2598 secundum
2142 2532 2328 2596 ratio-
2438 2535 2696 2598 instanti
2736 2554 2863 2618 quo
2904 2535 3131 2618 incipit
3169 2553 3329 2610 esse,
3365 2535 3565 2617 possit
3601 2531 3798 2596 simul
3841 2532 3940 2595 in-

826 2658 975 2703 nem
1010 2639 1162 2702 boni
1195 2655 1625 2712 communem,
1659 2636 1780 2698 hoc
1810 2631 2183 2696 naturaliter
2210 2650 2324 2694 seu
2439 2634 2653 2716 cipere
2697 2633 2969 2716 operari,
3023 2641 3235 2696 tamen
3293 2632 3578 2715 operatio
3635 2631 3744 2694 illa
3792 2651 3939 2714 quae

829 2738 1181 2808 secundum
1226 2755 1406 2798 suam
1446 2741 1737 2798 naturam
1780 2750 1909 2795 non
1948 2738 2155 2813 potest
2195 2738 2328 2793 ten·
2441 2733 2634 2795 simul
2675 2731 2903 2814 incipit
2932 2751 3080 2794 cum
3111 2750 3248 2795 esse
3279 2731 3393 2806 rei,
3427 2738 3524 2794 est
3551 2730 3611 2793 ei
3640 2729 3721 2792 ab
3749 2748 3942 2810 agen·

831 2838 979 2898 dere
1030 2835 1093 2897 in
1142 2833 1399 2916 aliquod
1461 2832 1720 2894 malum.
1773 2831 2106 2911 Quumque
2156 2846 2326 2910 quae-
2440 2838 2500 2892 te
2530 2849 2566 2893 a
2596 2848 2724 2913 quo
2753 2828 2944 2892 habet
2973 2848 3112 2892 esse
3137 2847 3152 2891 ε
3182 2830 3348 2891 sicut
3378 2828 3618 2892 moveri
3651 2847 3935 2902 sursum,

832 2935 988 2996 libet
1028 2931 1475 2996 intellectualis
1511 2938 1737 2993 natura
1774 2928 2003 2991 habeat
2036 2926 2326 2990 ordinem
2438 2937 2535 2991 est
2582 2928 2713 3010 igni
2756 2947 2792 2991 a
2839 2935 3199 3008 generante.
3245 2927 3420 2990 Unde
3468 2927 3522 2988 si
3571 2925 3786 3008 aliqua
3833 2943 3938 2987 res

832 3035 897 3096 in
942 3032 1185 3095 bonum
1234 3028 1614 3104 universale,
1657 3027 1825 3111 quod
1871 3033 2078 3109 potest
2121 3025 2330 3088 conci·
2366 3024 2411 3090 G
2439 3026 2668 3090 habeat
2724 3045 2862 3089 esse
2920 3025 3000 3089 ab
3056 3033 3280 3107 agente
3337 3023 3701 3098 deficiente,
3763 3024 3939 3106 quod

832 3151 1005 3216 pere,
1030 3140 1092 3194 et
1121 3129 1289 3213 quod
1321 3136 1417 3191 est
1446 3127 1790 3191 voluntatis
1818 3125 2165 3206 objectum,
2201 3142 2328 3187 non
2440 3125 2642 3208 possit
2669 3143 2807 3187 esse
2848 3143 3037 3187 causa
3074 3123 3404 3186 defectivae
3443 3123 3733 3196 actionis,
3767 3129 3944 3205 pote·

833 3238 1039 3314 potest
1068 3228 1359 3292 diabolus
1390 3225 1761 3289 naturaliter
1788 3243 1925 3286 esse
1957 3223 2186 3298 maluS‚
2211 3241 2328 3284 nec

830 3328 1183 3392 naturalem
1218 3325 1696 3389 inclinationem
1725 3322 1959 3385 habere
1989 3322 2057 3384 in
2088 3321 2329 3383 malum

832 3429 1055 3512 culpae.

911 3530 1087 3603 Quod
1138 3527 1191 3590 si
1240 3525 1600 3607 objiciatur,
1643 3523 1794 3606 quia
1842 3530 1912 3584 ut
1953 3521 2204 3584 decimo
2251 3519 2328 3581 de

834 3628 1099 3692 Civitate
1140 3626 1252 3690 Dei
1293 3624 1513 3687 recitat
1541 3622 1954 3703 Augustinus,
1989 3620 2148 3682 dixit
2187 3620 2330 3683 Por-

834 3726 1099 3810 phyrius
1144 3745 1159 3789 :
1202 3723 1526 3798 Quoddam
1575 3728 1670 3782 est
1719 3720 2081 3783 daemonum
2127 3735 2331 3798 genus

834 3833 1060 3889 natura
1100 3824 1309 3898 fallax,
1346 3820 1651 3884 simulans
1682 3819 1831 3882 deos
1862 3825 1923 3880 et
1953 3818 2198 3880 animas
2227 3817 2334 3878 de-

833 3924 1222 3986 functorum.
1252 3957 1332 3968 —
1360 3921 1430 3983 In
1462 3919 1788 4000 Scriptura
1816 3933 2069 3999 quoque
2101 3915 2336 3977 dicitur

2441 3225 2525 3287 rit
2563 3225 2630 3286 in
2675 3224 2883 3306 primo
2927 3222 3188 3285 instanti
3233 3222 3300 3285 in
3339 3239 3467 3303 quo
3505 3221 3734 3303 incipit
3771 3238 3936 3296 esse,

2443 3320 2824 3384 defectivam
2868 3319 3302 3403 operationem
3348 3318 3580 3382 habere
3615 3338 3630 3384 :
3663 3327 3736 3380 ut
3776 3317 3943 3380 tibia

2443 3439 2585 3502 quae
2614 3418 2899 3482 nascitur
2929 3417 3153 3480 clauda
3181 3435 3258 3479 ex
3291 3415 3554 3478 seminis
3586 3415 3938 3490 debilitate,

2444 3518 2656 3581 statim
2701 3516 2928 3599 incipit
2967 3515 3342 3578 claudicare.
3377 3515 3566 3578 Porro
3605 3532 3794 3577 causa
3831 3533 3948 3577 an-

2442 3615 2750 3697 gelorum,
2794 3612 3092 3677 videlicet
3137 3613 3325 3686 Deus,
3371 3630 3499 3675 non
3548 3619 3755 3694 potest
3797 3629 3944 3674 esse

2445 3732 2633 3776 causa
2677 3713 2920 3795 peccati
2954 3731 2969 3776 :
3006 3712 3147 3774 ideo
3190 3711 3436 3774 daemon
3482 3711 3548 3772 in
3592 3710 3801 3792 primo
3842 3710 3946 3772 in-

2445 3812 2636 3876 stanti
2667 3831 2797 3874 suae
2828 3809 3208 3873 conditionis
3239 3827 3366 3873 non
3403 3809 3611 3891 potuit
3635 3827 3774 3872 esse
3807 3828 3941 3871 ma·

2447 3912 2563 3974 lus.
2599 3911 2774 3985 Quod
2817 3909 3012 3972 etiam
3055 3927 3131 3971 ex
3176 3908 3522 3991 Scripturis
3573 3905 3876 3990 probatur
3920 3925 3937 3971 :

2445 4011 2595 4092 quia
2640 4011 2718 4072 de
2767 4009 2976 4091 primo
3033 4015 3320 4090 apostata
3376 4006 3600 4088 angelo
3657 4007 3720 4068 in
3779 4006 3943 4070 isaia

835 4024 914 4086 de
948 4020 1332 4105 quibusdam
1369 4038 1383 4082 ε
1418 4017 1565 4079 Erat
1603 4015 1909 4078 naturalis
1947 4031 2166 4076 eorum
2210 4032 2338 4075 ma-

838 4123 991 4184 litia.
1024 4155 1107 4167 —-·
1148 4119 1271 4182 Sed
1317 4125 1381 4180 et
1426 4115 1645 4178 bestiae
1694 4113 1984 4196 quaedam
2037 4111 2335 4174 videntur
2445 4108 2680 4171 dicitur
2727 4106 2847 4169 sub
2896 4107 3060 4188 regis
3109 4104 3447 4188 Babylonis
3500 4105 3728 4186 figura,
3779 4105 3944 4179 Quo-
3983 4129 4064 4174 1..
4089 4137 4288 4187 ‚tn-‚st

836 4219 1209 4284 naturaliter
1265 4234 1474 4299 pravae
1526 4234 1540 4277 :
1593 4213 1757 4275 sicut
1805 4210 2031 4293 vulpes
2078 4217 2142 4271 et
2191 4209 2332 4291 pica
2362 4209 2413 4270 D
2449 4207 2637 4269 modo
2667 4205 2976 4278 cecidisti,
3007 4205 3284 4279 Lucifer,
3317 4203 3428 4286 qui
3471 4221 3653 4265 mane
3691 4203 3940 4266 orieba-

835 4327 985 4383 sunt
1028 4315 1331 4388 subdolae,
1365 4305 1681 4394 lupusque
1725 4328 1938 4391 rapax.

916 4414 1288 4486 Dicendum,
1321 4410 1490 4493 quod
1526 4408 1917 4488 Augustinus
1959 4406 2198 4468 ibidem
2241 4424 2334 4468 re-

833 4513 1171 4598 prehendit
1219 4509 1662 4592 Porphyrium,
1707 4506 1820 4589 qui
1870 4512 1933 4568 et
1981 4505 2123 4568 ideo
2172 4505 2333 4566 dixit

830 4615 974 4689 hoc,
1008 4612 1159 4695 quia
1202 4609 1449 4694 putavit
1488 4608 1807 4669 daemones
1850 4623 1989 4667 esse
2030 4603 2332 4666 animalia

830 4720 1122 4776 naturam
1163 4707 1533 4772 sensitivam
1570 4704 1978 4784 animamque
2010 4702 2330 4784 passivam

828 4810 1145 4874 habentia.
1182 4843 1259 4855 —-
1297 4808 1485 4871 Porro
1527 4803 1865 4866 hominum
1908 4801 2331 4883 quorumdam

829 4909 1073 4973 malitia
1102 4907 1337 4971 dicitur
1365 4901 1687 4976 naturaliS,
1705 4900 1803 4962 vel
1836 4906 2094 4982 propter
2120 4916 2335 4960 consu·

828 5008 1321 5087 etudinem,quae
1349 5009 1446 5065 est
1473 5000 1671 5063 altera
1698 4997 2046 5072 natura,vel
2080 5004 2336 5079 propter

830 5106 1183 5171 naturalem
1230 5099 1711 5164 inclinationem
1750 5115 1827 5158 ex
1871 5101 2047 5177 parte
2092 5102 2334 5158 naturae

832 5204 1151 5270 sensitivae
1191 5201 1268 5264 ad
1317 5197 1743 5263 inordinatam
1802 5194 2083 5275 aliquam
2134 5193 2333 5275 passi-

833 5321 1020 5372 onem
1058 5302 1251 5384 (sicut
1299 5297 1559 5379 quidam
1610 5294 1913 5357 dicuntur
1960 5291 2335 5354 naturaliter

2447 4305 2589 4366 ris?
2635 4304 2705 4366 In
2751 4291 3078 4365 Ez'echiele
3121 4319 3375 4384 quoque
3419 4300 3539 4363 sub
3583 4301 3750 4382 regis
3791 4301 3940 4384 Tyri

2445 4419 2714 4485 persona
2765 4419 2780 4463 :
2830 4402 2897 4463 In
2947 4399 3196 4462 deliciis
3248 4399 3522 4481 paradisi
3571 4399 3682 4463 Dei
3733 4398 3938 4476 fuisti,

2443 4502 2645 4563 donec
2689 4501 2944 4563 inventa
2985 4506 3082 4561 est
3121 4499 3186 4560 iu
3229 4505 3292 4560 te
3331 4498 3650 4579 iniquitas.

2522 4599 2756 4660 Verum
2796 4597 2896 4659 his
2930 4595 3126 4676 objici
3169 4603 3374 4679 potest.
3403 4595 3610 4676 primo
3650 4595 3810 4658 illud
3837 4595 3940 4659 Jo-

2443 4698 2627 4761 annis
2675 4713 2690 4759 :
2741 4695 2851 4759 llle
2900 4694 3219 4758 homicida
3268 4700 3404 4756 erat
3450 4694 3530 4755 ab
3579 4694 3777 4757 initio.
3833 4694 3942 4758 Se-

2445 4797 2676 4870 cund0,
2710 4795 2859 4877 quia
2889 4793 3150 4875 angelus
3181 4793 3248 4855 in
3279 4792 3488 4874 primo
3519 4791 3775 4854 instanti
3803 4813 3942 4858 suae

2445 4894 2782 4958 creationis
2824 4893 3031 4976 potuit
3080 4891 3332 4965 mereri,
3366 4908 3516 4972 ergo
3555 4899 3620 4954 et
3660 4891 3946 4955 demere-

2443 4995 2518 5057 ri.
2571 5029 2648 5040 -—-
2697 4992 3046 5055 Dicendum
3101 4991 3180 5053 ad
3231 4989 3534 5072 primum,
3587 4990 3943 5053 secundum

2443 5091 2891 5173 Augustinum‚
2936 5089 3105 5171 quod
3151 5087 3442 5151 diabolus
3487 5089 3774 5170 peccavit
3812 5105 3946 5151 non

2444 5192 2524 5253 ab
2565 5190 2749 5253 initio
2787 5188 3147 5263 creationis,
3179 5187 3290 5249 sed
3329 5205 3461 5251 suae
3500 5185 3948 5267 transgressio-

2445 5289 2546 5353 nis
2581 5307 2595 5352 :
2629 5287 2780 5370 quia
2819 5305 2897 5349 ex
2945 5303 3074 5368 quo
3119 5286 3314 5368 coepit
3343 5302 3629 5372 peccare,
3663 5300 3791 5347 non
3834 5283 3946 5347 de-

4029 4407 4218 4454 Ezecb
4231 4445 4244 4454 .

3969 4483 4140 4522 xxvuu,
4181 4478 4260 4516 13.

3979 4710 4284 4769 Jmnnsm,

3968 4777 4048 4818 u.
