4334 6242
773 504 894 571 358

1444 526 1510 571 IN
1550 525 1772 570 LIBRUM
1815 526 1858 569 11
1900 524 2383 570 SENTENTIARUM.
2428 542 2509 552 —-
2548 524 2703 569 DIST.
2738 524 2843 585 vl;
2888 524 3111 579 QUAEST.
3157 524 3221 569 lv

499 715 748 769 Joanmn,
777 697 1092 759 dominari
1128 688 1345 759 multis
1379 696 1616 778 iniquis
1642 714 1656 758 :
1682 697 1848 759 unde
1879 704 1938 758 et
1973 696 2272 778 princeps
2305 694 2355 756 A
2386 696 2721 757 nisterium
2762 696 2920 757 illud
2960 696 3025 757 in
3068 696 3235 758 malo
3261 701 3579 785 exercent,
3604 694 3773 775 quod
3802 712 3889 755 ex

781 795 1002 857 mundi
1035 795 1202 876 apud
1233 797 1535 858 Ioannem
1573 802 1997 875 nuncupatur.
2034 793 2275 856 Idcirco

705 908 714 918 ·
777 895 854 956 ad
897 894 1015 956 hoc
1055 895 1461 958 consentiunt
1493 896 1767 958 invicem
1810 895 1933 957 sibi
1980 895 2045 956 in
2083 894 2271 965 ma10,

691 1014 696 1021 ·
777 992 1070 1073 quamvis
1109 993 1486 1075 simpliciter
1525 1014 1592 1055 se
1633 1001 1854 1055 mutuo
1899 1012 2279 1075 persequan-

484 1210 747 1259 Rom.xui‚2.

504 2083 613 2127 Gen.
633 2098 746 2131 xxxi,

482 2152 548 2193 3⁵.

482 4353 589 4395 Luc.
608 4364 692 4404 xvi,
706 4356 746 4395 8.

777 1098 882 1150 tur
912 1098 974 1151 et.
1003 1090 1426 1152 odiant.--In
1459 1091 1573 1152 hac
1607 1098 1914 1172 potestate
1945 1108 2069 1151 non
2103 1097 2275 1152 tenet

776 1186 935 1249 illud
974 1188 1257 1269 Apostoli
1302 1208 1315 1251 :
1359 1189 1472 1262 Qui
1523 1189 1816 1270 potestati
1862 1188 2119 1261 resistit,
2163 1187 2275 1250 Dei

776 1285 1155 1348 ordinationi
1191 1286 1444 1349 resistit.
1480 1287 1635 1348 Nam
1667 1287 1958 1369 quamvis
2000 1292 2276 1367 potestas

777 1383 897 1445 ista
941 1404 976 1445 a
1025 1385 1152 1446 Deo
1203 1385 1280 1446 sit
1331 1384 1652 1457 effective,
1701 1392 1888 1466 prout
1938 1384 2002 1445 in
2053 1393 2302 1446 natura·

774 1482 1099 1557 fundatur,
1133 1501 1260 1545 non
1292 1491 1502 1545 tamen
1536 1491 1841 1565 quantum
1884 1483 1960 1545 ad
2001 1483 2275 1545 abusum

775 1588 835 1643 et·
866 1582 1337 1643 exsecutionem
1376 1602 1506 1644 suae
1539 1583 1817 1656 malitiae,
1851 1582 1975 1643 nisi
2009 1582 2274 1663 permis-

775 1679 909 1741 sive
945 1699 958 1743 :
996 1680 1124 1742 imo
1163 1680 1254 1741 sic
1294 1687 1386 1741 est
1420 1700 1456 1741 a
1486 1682 1633 1747 Deo,
1668 1699 1794 1743 non
1836 1688 1904 1741 ut
1933 1680 1991 1742 ei
2023 1680 2275 1742 obedia-

775 1786 900 1851 tur,
947 1778 1054 1841 sed
1109 1779 1460 1841 resistendo
1505 1779 1823 1841 illudatur.
1867 1779 2014 1851 Quae
2056 1779 2273 1841 illusio

2386 794 2747 856 conditione
2792 794 3257 875 perficiendum
3306 794 3370 855 in
3414 793 3581 855 bono
3624 810 3891 873 accepe-

2388 899 2530 953 runt
2570 911 2582 956 :
2616 892 2836 973 sicque
2882 892 3004 953 sibi
3051 893 3326 955 invicem
3372 899 3675 973 praesunt,
3716 890 3893 951 sicut

2390 999 2729 1072 praeessent
2774 992 2827 1052 si
2878 990 3027 1053 boni
3076 998 3307 1053 essent.
3353 991 3429 1052 Et
3468 991 3554 1051 ita
3596 990 3674 1051 de
3716 989 3892 1050 facto

2387 1097 2483 1150 est
2519 1089 2605 1151 ibi
2642 1088 2962 1171 praelati03
2995 1093 3119 1151 nori
3157 1090 3414 1171 proprie
3447 1097 3556 1150 ant
3592 1088 3721 1150 ullo
3756 1106 3893 1149 mo-

2389 1188 2468 1250 do
2499 1189 2575 1250 de
2604 1188 2769 1269 jure,
2802 1207 3000 1270 quum
3032 1190 3349 1251 daemones
3381 1187 3691 1268 subjectis
3720 1186 3889 1248 nihil

2388 1288 2762 1369 praecipiant
2798 1287 2920 1349 nisi
2964 1294 3182 1349 contra
3220 1287 3347 1365 jus,
3383 1286 3533 1368 quia
3573 1294 3893 1367 ruperunt

2384 1384 2512 1465 juS,
2556 1385 2881 1468 fregerunt
2928 1393 3208 1468 pactum,
3256 1372 3726 1466 dissipaverunt
3772 1382 3894 1445 foe-

2388 1483 2505 1544 dus
2564 1483 3047 1563 sempiternum.
3100 1482 3246 1544 Ideo
3296 1482 3472 1543 nulla
3531 1487 3742 1543 manet
3791 1480 3892 1541 ibi

2386 1580 2689 1661 obligatio
2728 1582 2892 1662 juris
2930 1581 3256 1662 (videlicet
3295 1587 3604 1662 quantum
3648 1580 3726 1640 ad
3768 1579 3895 1639 im-

2386 1680 2557 1761 piam
2590 1680 2980 1741 voluntatem
3012 1679 3410 1762 praesidentis
3440 1686 3503 1740 et
3532 1678 3895 1740 exsecutio-

2385 1777 2485 1839 nis
2536 1777 2842 1849 abusum‚·
2874 1779 2983 1840 sed
3032 1778 3194 1839 bene
3238 1797 3352 1858 per
3393 1784 3755 1858 respectum
3802 1777 3891 1837 ad

777 1894 902 1937 non
947 1877 1152 1938 solum
1195 1877 1483 1939 consistit
1515 1878 1580 1939 in
1613 1878 1732 1939 hoc
1765 1879 1932 1959 quod
1967 1898 2003 1939 a
2037 1878 2271 1939 sanctis
2310 1876 2357 1938 B
2389 1876 2981 1957 praeordinationem
3014 1876 3429 1958 providentiae
3460 1875 3620 1955 Dei),
3644 1875 3755 1935 sed
3786 1892 3890 1936 so-

775 1975 1075 2051 vincitur‚
1113 1976 1294 2054 juxta
1334 1977 1503 2057 quod
1549 1978 1626 2039 de
1670 1976 1879 2038 Laban
1933 1978 1997 2038 in
2045 1975 2271 2039 Genesi

775 2073 1027 2154 legitur,
1081 2074 1183 2137 Sic
1238 2075 1458 2136 delusa
1514 2075 1876 2138 sollicitudo
1933 2078 2274 2158 quaerentis

775 2180 906 2251 est3
948 2173 1056 2234 sed
1108 2173 1300 2235 etiam
1349 2174 1650 2254 quoniam
1697 2173 1926 2247 victuS,
1969 2174 2273 2235 confusus

771 2278 832 2332 et
877 2270 1223 2332 derisibilis
1268 2272 1568 2332 redditur.
1602 2272 1745 2333 Haec
1788 2272 2134 2334 UdalricuS.

849 2369 1204 2431 Alexander
1251 2370 1441 2431 etiam
1487 2388 1502 2432 :
1546 2370 1950 2432 Praesidentia
1991 2372 2132 2451 (ait)
2169 2391 2275 2432 an-

766 2468 1054 2548 gelorum
1092 2468 1400 2529 malorum
1431 2488 1623 2549 super
1653 2468 1824 2541 alim,
1841 2476 1935 2530 est
1965 2488 2041 2530 ex
2073 2470 2275 2550 digni-

769 2574 896 2627 tate
928 2566 1314 2627 naturalium
1347 2566 1754 2647 dispositive3
1796 2585 1913 2628 nec
1951 2568 2274 2629 derivatur

767 2682 842 2725 ex
897 2650 1162 2737 merit-'iS,
1205 2664 1315 2724 sed
1366 2672 1646 2744 praesunt
1692 2664 1798 2725 alii
1851 2664 1994 2725 aliis
2043 2664 2109 2725 in
2161 2665 2273 2725 mi-

768 2762 1030 2824 nisterio
1063 2762 1345 2823 tentandi
1389 2781 1500 2823 seu
1544 2762 1876 2842 puniendi,
1911 2763 2076 2823 sicut
2108 2763 2274 2824 inter

769 2860 1150 2923 carcerarios
1199 2879 1309 2922 seu
1355 2866 1618 2921 tortores
1664 2880 1828 2922 unus
1870 2860 1978 2921 alii
2021 2869 2269 2942 praeest,

768 2965 839 3019 ut
889 2959 1218 3040 expleatur
1267 2958 1618 3020 secundum
1681 2958 2046 3020 mandatum
2107 2960 2271 3039 regis

2387 1974 2520 2035 lum
2567 1974 2953 2038 malevolens
2995 1974 3467 2037 confoederatio.
3501 1974 3644 2035 Haec
3686 1974 3890 2036 Bona-

2384 2080 2669 2135 ventura.

2465 2172 2579 2244 Qui
2613 2171 2801 2232 etiam
2835 2172 3060 2252 quaerit
3094 2171 3220 2245 hic,
3242 2178 3455 2232 utrum
3490 2171 3554 2232 in
3585 2170 3891 2233 daemoni-

2385 2269 2505 2331 bus
2544 2270 2627 2331 sit
2664 2270 2988 2332 distinctio
3027 2270 3343 2331 ordinum.
3382 2270 3456 2330 Et
3491 2269 3831 2350 respondet
3870 2287 3885 2331 :

2384 2370 2470 2430 De
2495 2369 2737 2449 angelis
2762 2377 2859 2431 est
2880 2369 3043 2451 loqui
3072 2368 3419 2449 tripliciter,
3436 2387 3546 2430 seu
3577 2377 3889 2449 quantum

2382 2468 2459 2528 ad
2512 2467 2830 2549 triplicem
2880 2474 3135 2541 statum,
3180 2468 3499 2541 videlicet,
3539 2467 3777 2548 gloriae,
3820 2472 3889 2528 et

2383 2572 2623 2627 naturae
2673 2565 2999 2638 institutae,
3050 2584 3123 2627 ac
3174 2566 3385 2647 lapsae.
3438 2566 3752 2637 Quantum
3801 2565 3885 2626 ad

2383 2670 2616 2724 statum
2665 2663 2901 2743 gloriae,
2953 2664 3018 2725 in
3068 2664 3161 2725 eis
3208 2663 3534 2726 distinctio
3582 2662 3887 2724 ordinum

2384 2769 2478 2823 est.
2522 2761 2821 2842 perfecta.
2867 2764 3181 2835 Quantum
3230 2763 3307 2823 ad
3356 2768 3589 2823 statum
3641 2768 3889 2823 naturae

2385 2859 2710 2934 institutae,
2761 2858 2885 2921 fuit
2933 2860 2997 2921 in
3047 2860 3140 2921 eis
3198 2859 3525 2921 distinctio
3582 2860 3885 2921 ordinum

2384 2957 2779 3038 imperfecta,
2814 2958 2965 3039 quia
3005 2958 3314 3040 perfectio
3344 2957 3770 3041 distinctionis
3810 2959 3888 3019 il-

765 3057 1032 3138 justitia.
1061 3057 1136 3118 Et.
1166 3056 1318 3137 quia
1351 3056 1626 3118 minores
1659 3064 2116 3119 consenserunt
2146 3076 2273 3118 ma·
2306 3058 2349 3121 C
2385 3055 2507 3116 lius
2538 3075 2574 3117 a
2604 3056 2804 3136 gratia
2842 3065 2956 3117 est.
2991 3057 3305 3129 Quantum
3338 3074 3491 3118 vero
3526 3056 3602 3117 ad
3644 3064 3883 3118 stat-um

766 3154 1016 3235 jor‘ibus
1053 3155 1116 3216 in
1161 3154 1480 3216 maleficio
1515 3173 1651 3227 suo,
1687 3155 1749 3215 in
1792 3173 2046 3236 poenam
2077 3175 2113 3217 a
2143 3156 2272 3218 Deo

770 3252 1092 3314 inflictum
1139 3261 1234 3314 est
1278 3252 1370 3313 eis
1422 3260 1488 3314 ut
1533 3252 1785 3315 subsint
1824 3253 1916 3313 eis
1967 3260 2270 3335 tanquam

770 3352 1112 3433 participes
1161 3351 1224 3412 in
1269 3342 1475 3433 poena,
1510 3359 1572 3413 et
1603 3352 1999 3430 coadjutores
2039 3353 2114 3413 ad
2158 3372 2271 3434 pu-

770 3450 1096 3511 niendum.
1135 3450 1276 3511 Haec
1321 3449 1691 3512 Alexander.

849 3548 924 3609 At
967 3565 1118 3610 vero
1161 3548 1601 3610 Bonaventura
1636 3566 1649 3609 :
1684 3549 2141 3624 Praelationem,
2178 3551 2272 3612 in-

771 3646 933 3727 quit,
966 3655 1154 3727 atque
1188 3646 1530 3727 imperium
1563 3666 1702 3708 esse
1735 3648 1899 3709 inter
1928 3649 2269 3723 daemoneS‚

771 3752 866 3806 est.
901 3743 1228 3826 probabile
1265 3762 1278 3805 :
1314 3751 1450 3805 tum
1486 3745 1787 3826 quoniam
1831 3745 1948 3808 filii
1995 3747 2277 3809 tenebra-

773 3861 916 3903 rum
979 3842 1214 3903 imitari
1277 3850 1606 3918 conantur,
1653 3845 1945 3925 quamvis
2003 3844 2163 3908 falso
2212 3854 2275 3908 ct

775 3940 1171 4022 imperfecte,
1208 3940 1379 4003 filios
1426 3941 1586 4002 lucis
1621 3961 1633 4005 :
1670 3942 1811 4004 ideo
1845 3944 2008 4004 sicut
2047 3945 2275 4006 daemo-

774 4059 885 4101 nes
935 4039 1151 4101 vident
1202 4040 1457 4120 angelos
1507 4041 1792 4103 ordinate
1841 4043 2100 4125 exsequi
2161 4063 2276 4105 sua

773 4138 993 4200 officia
1021 4138 1372 4199 secundum
1406 4138 1674 4220 imperia
1704 4142 2157 4222 sapientiorum
2193 4151 2279 4205 at-

2384 3160 2624 3215 naturae
2668 3154 2878 3235 lapsae,
2912 3162 3006 3215 est
3050 3154 3217 3217 inter
3260 3172 3368 3216 eos
3416 3154 3711 3216 ordinum
3754 3155 3889 3216 dis-

2382 3250 2606 3312 tinctio
2654 3270 2967 3333 perversa.
3016 3252 3256 3334 Nempe
3305 3252 3416 3333 qui
3468 3252 3728 3315 meliora
3774 3272 3889 3314 na-

2382 3350 2611 3413 turalia
2647 3351 3027 3423 habuerunt,
3061 3352 3317 3431 gravius
3358 3358 3779 3433 peccaverunt
3814 3360 3889 3413 et

2382 3456 2671 3529 peccant,
2733 3448 2885 3530 quia
2944 3450 3270 3511 ardentius
3332 3449 3758 3531 appetierunt,
3816 3458 3891 3510 et

2386 3547 2585 3627 magis
2618 3546 2876 3608 fuerunt
2907 3548 3158 3628 ingrati,
3191 3548 3529 3629 acriusque
3562 3548 3746 3610 modo
3776 3568 3887 3609 ve-

2386 3653 2553 3706 xant.
2594 3645 2735 3707 Haec
2780 3646 3236 3707 Bonavcntssura.

2464 3742 2830 3805 Praehabitis
2871 3744 2948 3804 de
2988 3744 3349 3805 daemonum
3389 3744 3784 3806 ordinatione
3820 3753 3893 3807 et

2385 3840 3173 3922 principatu,concordant
3204 3842 3371 3904 dicta
3402 3842 3653 3903 Henrici
3684 3843 3894 3915 Quod-

2389 3940 2583 4001 libeto
2622 3940 2845 4021 quinto
2888 3940 2950 4001 in
2994 3940 3286 4021 pluribus
3328 3940 3504 4013 locis,
3541 3940 3649 4002 ubi
3681 3940 3893 4002 deela-

2388 4047 2481 4099 rat
2512 4058 2703 4120 quam
2748 4038 3188 4120 inseparabilis
3230 4039 3311 4100 sit
3343 4040 3497 4100 ordo
3526 4058 3563 4100 a
3593 4039 3782 4100 rebus
3820 4048 3891 4101 et

2388 4137 2653 4199 intimus
2700 4136 2815 4211 eis,
2858 4137 2967 4217 qui
3018 4156 3134 4199 nec
3178 4156 3290 4219 per
3338 4146 3596 4219 peccata
3645 4138 3709 4199 in
3754 4145 3893 4201 toto

777 4255 900 4316 que
936 4236 1375 4316 maj0rum‚sic
1405 4244 1466 4298 et
1500 4237 1621 4318 ipsi
1654 4237 1896 4299 faciunt
1927 4240 2274 4319 maleficia3
2306 4244 2355 4304 D
2384 4238 2719 4301 aufertur:

778 4341 913 4394 tum
965 4334 1115 4415 quia
1161 4332 1283 4393 filii
1338 4334 1739 4396 tenebrarum
1794 4337 2276 4416 prudentissimi

780 4432 844 4493 in
876 4432 1278 4511 generatione
1311 4452 1425 4493 sua
1455 4441 1602 4494 sunt
1637 4452 1650 4495 :
1685 4453 2013 4515 quumque
2046 4435 2281 4497 lucten-

777 4539 882 4591 tur
911 4531 1213 4592 adversus
1244 4550 1444 4611 genus
1476 4531 1849 4605 humanum,
1870 4542 1928 4593 et
1963 4534 2277 4595 exercitus

775 4630 1020 4692 divisus
1064 4649 1136 4691 ac
1181 4630 1387 4711 capite
1432 4649 1650 4691 carens
1696 4638 1858 4692 stare
1905 4649 2031 4693 non
2075 4632 2275 4711 valet3

778 4730 920 4791 ideo
951 4730 1117 4791 sicut
1149 4728 1438 4790 homines
1471 4729 1533 4789 in
1566 4729 1846 4789 exercitu
1890 4730 2273 4810 praeliante3‚

776 4826 1242 4909 quantumlibet
1278 4826 1788 4907 prmsiimptuosi‚
1825 4835 2032 4889 tamen
2064 4846 2138 4888 ex
2174 4829 2279 4890 ho-

777 4919 972 4987 stiu'm
1014 4924 1159 4987 odio
1201 4923 1471 4985 libenter
1511 4924 1742 4986 habent
1777 4926 2003 4987 ducem
2046 4926 2280 4987 exerci-

779 5031 878 5084 tus
926 5030 988 5083 et
1031 5021 1315 5083 subdunt
1357 5040 1424 5081 se
1467 5020 1548 5093 ei,
1590 5022 1674 5083 ita
1721 5030 1782 5083 et
1827 5023 2163 5085 daemones.
2199 5061 2280 5069 —

778 5121 902 5182 Nec
935 5119 1043 5181 illa
1075 5118 1356 5199 proelatio
1386 5126 1480 5179 est
1511 5138 1586 5180 ex
1619 5120 1942 5192 electione,
1962 5140 2168 5202 neque
2200 5140 2275 5183 ex

779 5217 1100 5289 violentia,
1125 5217 1231 5277 scd
1257 5218 1350 5295 (ut
1385 5218 1600 5297 credo)
1631 5226 1854 5279 natura
1884 5227 1946 5279 et
1978 5220 2279 5281 instituti-

779 5334 898 5383 one
930 5315 1162 5380 divina.
1199 5316 1373 5380 l'ndc
1409 5315 1690 5403 loquitur
1719 5316 1916 5403 Ilugo,
1951 5318 2117 5405 quod
2163 5319 2277 5381 mi-

2480 4436 2744 4517 lnsuper
2803 4435 3181 4498 Guillelmus
3245 4436 3405 4498 libro
3468 4438 3747 4501 secundo
3806 4439 3890 4500 de

2388 4533 2716 4604 [nive-rso,
2746 4554 2939 4616 super
2977 4535 3077 4597 his
3120 4535 3319 4597 multa
3356 4537 3602 4597 inducit
3632 4557 3774 4618 quoe
3802 4539 3891 4599 ab

2386 4632 2529 4694 aliis
2580 4634 3006 4695 communiter
3064 4652 3189 4695 non
3240 4642 3603 4714 tanguntur.
3657 4636 3891 4717 lucipi-

2387 4749 2513 4803 am,
2536 4730 2854 4812 inquienS,
2876 4732 3257 4813 perscrutari
3289 4732 3366 4793 de
3396 4731 3729 4795 ordinibus
3760 4754 3893 4795 ma-

2391 4830 2706 4911 lignorum
2768 4831 3132 4911 spirituum,
3186 4831 3235 4891 si
3291 4832 3397 4912 qui
3460 4832 3609 4904 sint,
3661 4838 3721 4893 et
3771 4834 3887 4914 qui

2389 4929 2537 5002 siut,
2571 4936 2634 4991 e-t.
2678 4930 2844 4990 unde
2887 4929 3031 4991 sint.

2467 5028 2685 5108 Itaque.
2729 5028 2987 5107 quidam
3032 5027 3141 5108 qui
3186 5028 3344 5089 dixit
3384 5048 3451 5090 se
3498 5028 3887 5091 inhabitasse.

2389 5143 2536 5185 cum
2578 5124 3012 5186 habitantibus
3054 5126 3261 5187 lucem
3296 5127 3479 5189 annis
3512 5126 3789 5207 triginta,
3823 5136 3888 5188 et

2388 5222 2685 5283 didicisse
2728 5222 2808 5283 ab
2848 5224 2938 5283 eis
2982 5241 3174 5304 opera
3220 5224 3511 5287 malefica
3553 5244 3694 5306 quae
3738 5243 3887 5286 con-

2387 5320 2663 5408 scripsit,
2698 5338 2822 5382 non
2856 5321 3140 5387 distinxit
3179 5321 3342 5387 inter
3380 5322 3640 5407 spiritus
3683 5321 3882 5387 bonos
