4334 6242
535 4780 551 4822 1
568 4781 681 4824 rim.
700 4795 755 4833 vi,

765 449 886 519 312

1457 475 1522 522 IN
1562 476 1785 522 unum!
1825 475 1869 522 11
1910 475 2392 522 SENTENTIARUM.
2437 493 2520 504 —-
2559 477 2712 522 msT.
2759 477 2840 540 V3
2883 477 3106 532 QUAEST.
3153 475 3176 522 1

769 643 1207 726 Superbiendo
1238 645 1433 726 igitur
1462 632 1738 720 inviduS,
1762 664 1888 709 non
1921 645 2264 708 invidendo
2293 645 2345 708 A
2374 645 2661 708 mutabili
2691 646 3170 709 bono.Avaritia
3200 664 3351 708 vero
3379 654 3476 708 est
3505 644 3882 727 radix‚quia

769 741 1041 824 quisque
1084 742 1163 805 fit
1204 744 1539 824 superbus.

848 841 1299 905 Verumtamen
1358 843 1709 905 secundum
1757 843 2260 925 Praepositivum,

768 939 1069 1020 superbia
1097 940 1433 1022 tripliciter
1464 942 1756 1003 sumitur.
1776 942 1985 1004 Primo
2014 960 2266 1022 genera-

770 1036 934 1111 liter,
968 1056 1083 1119 pro
1127 1039 1414 1120 appetitu
1457 1040 1847 1103 excellentiae
1897 1059 2008 1102 seu
2055 1040 2264 1100 altitu-

767 1135 935 1197 dinis
987 1136 1051 1197 in
1104 1154 1533 1220 quocumque,
1581 1138 1713 1200 sive
1766 1138 1830 1199 in
1882 1138 2085 1210 laude,
2128 1137 2264 1199 sive

770 1233 835 1294 in
878 1234 1021 1296 alio.
1068 1235 1340 1317 Haecque
1383 1236 1683 1318 superbia
1731 1236 1985 1318 proprie
2030 1235 2266 1297 dicitur

766 1339 980 1394 tumor
1039 1334 1288 1395 mentiS.
1341 1335 1516 1396 Unde
1576 1334 1911 1415 Gregorius
1964 1352 1977 1395 :
2030 1335 2265 1396 Tumor

768 1432 1000 1492 mentis
1043 1439 1139 1493 est
1177 1431 1576 1494 obstaculum
1617 1431 1921 1494 veritatis.
1956 1433 2072 1506 Qui
2117 1451 2266 1513 qua-

770 1535 915 1590 tuor
964 1529 1167 1591 modis
1217 1530 1527 1610 contingit
1574 1548 1587 1592 :
1633 1529 1864 1611 primo,
1916 1530 2069 1591 dum
2119 1529 2265 1611 quis

770 1626 971 1687 credit
1015 1645 1091 1688 ex
1142 1645 1207 1688 se
1252 1627 1483 1689 habere
1536 1628 1774 1690 bonum
1819 1628 1988 1710 quod
2038 1627 2263 1702 habet-3

770 1725 1073 1798 secundo,
1126 1725 1278 1786 dum
1328 1726 1604 1807 propriis
1659 1725 1903 1787 meritis
1953 1726 2153 1787 eredit
2202 1725 2264 1787 id

2373 764 2450 806 ex
2492 751 2668 826 parte
2703 746 3136 808 conversionis
3166 745 3245 806 ad
3277 743 3731 807 commutabile
3765 743 3882 805 ho—

2375 863 2554 918 num,
2617 842 2807 904 trahit
2865 862 3126 905 succum
3187 841 3624 904 delectationis
3681 851 3882 923 atque

2377 941 2684 1016 libidinis,
2727 959 2853 1024 quo
2901 941 3180 1004 nutritur
3229 942 3294 1003 in
3345 941 3536 1004 vitiis.
3581 941 3882 1003 Secundo

2374 1040 2638 1102 avaritia
2679 1040 3038 1122 specialiter
3077 1041 3309 1102 dicitur
3353 1041 3588 1102 nimius
3631 1039 3881 1120 appeti·

2375 1147 2477 1202 tus
2527 1140 2815 1221 pecuniae
2863 1159 2976 1202 seu
3025 1139 3336 1202 bonorum
3387 1139 3679 1212 fortunae,
3731 1157 3882 1221 qum

2375 1238 2724 1300 secundum
2754 1238 3204 1320 Philosophum
3235 1239 3456 1320 quinto
3487 1237 3880 1310 Ethicorum,

2377 1337 2649 1418 pecunia
2677 1337 2778 1397 vel
2811 1337 3193 1399 numismate
3227 1344 3708 1399 mensurant-ur:
3732 1355 3883 1416 quae

2377 1434 2632 1516 proprie
2664 1435 3049 1517 philargyria
3078 1435 3460 1497 nominatur.
3481 1470 3558 1480 -
3585 1434 3732 1496 Ideo
3763 1453 3884 1494 un-

2376 1532 2627 1594 decimo
2687 1551 2880 1614 super
2939 1533 3234 1596 Genesim
3293 1533 3519 1595 asserit
3573 1531 3882 1612 Augusti-

2377 1651 2496 1692 nus
2542 1649 2556 1692 :
2598 1631 2816 1693 Merito
2857 1631 3111 1692 initium
3160 1631 3368 1694 omnis
3418 1629 3661 1712 peccati
3710 1629 3882 1692 Scri-

2378 1737 2566 1809 ptura
2626 1729 2874 1803 del'init,
2934 1730 3204 1792 dicendo
3265 1749 3278 1792 :

769 1822 1128 1903 accepisse3
1174 1824 1379 1898 tertio,
1413 1824 1565 1885 dum
1611 1823 1769 1886 falso
1812 1843 1879 1885 se
1919 1823 2114 1903 jactat
2157 1824 2264 1884 ha·
2302 1825 2350 1887 B
2380 1827 2622 1908 peccati
2677 1827 2994 1908 superbia.
3049 1827 3162 1890 Cui
3213 1827 3577 1889 testimonio
3623 1833 3884 1908 aptatur

770 1920 921 1982 bere
967 1921 1134 2002 quod
1180 1939 1305 1982 non
1351 1921 1575 1998 habet3
1618 1929 1863 2004 quarto,
1900 1922 2154 2004 quando
2199 1940 2265 1983 se

773 2026 953 2101 putat
992 2019 1289 2082 omnibus
1334 2020 1477 2100 plus
1522 2020 1773 2082 habere.
1811 2021 1955 2082 Haec
1996 2028 2268 2102 quatuor

770 2117 1015 2198 antiqui
1068 2117 1685 2199 comprehenderunt
1739 2119 1802 2180 'in
1857 2118 1976 2180 hoc
2026 2137 2264 2180 versu:

811 2275 893 2324 Ex
921 2289 1001 2334 se,
1024 2288 1125 2338 pro
1155 2274 1385 2334 meritiS,
1412 2274 1574 2335 fals0‚
1598 2275 1725 2337 plus
1748 2273 2028 2335 omnibuS,
2056 2274 2266 2325 inflant.

777 2415 1067 2478 Secundo
1126 2415 1483 2496 generalius
1539 2415 1897 2498 appellatur
1948 2415 2268 2497 superbia,

776 2531 955 2576 amor
998 2514 1237 2595 proprii
1282 2513 1433 2575 boni
1476 2533 1623 2574 cum
1664 2514 1991 2576 aversione
2024 2534 2061 2575 a
2100 2533 2272 2575 sum-

774 2630 878 2673 mo
918 2611 1107 2686 bon0‚
1142 2619 1328 2693 prout
1368 2630 1561 2692 super
1599 2611 1891 2674 Genesim
1934 2612 2274 2674 undecimo

778 2709 943 2772 libro
971 2709 1361 2790 Augustinus
1403 2717 1686 2772 testatur.
1720 2710 1962 2791 Nempe
2002 2729 2116 2791 per
2154 2711 2274 2772 hoc

777 2808 947 2891 quod
988 2827 1055 2869 se
1086 2809 1313 2870 avertit
1342 2827 1378 2868 a
1408 2827 1659 2870 summo
1700 2808 1888 2883 bon0,
1922 2827 2099 2870 amor
2136 2827 2276 2890 pro-

777 2906 899 2988 prii
960 2905 1112 2967 boni
1173 2906 1379 2967 induit
1438 2905 1746 2968 rationem
1808 2905 2160 2988 superbiae3
2213 2914 2275 2968 et

2380 1925 2539 1987 illud
2595 1925 2901 2007 Apostoli,
2957 1925 3154 1988 Radix
3211 1926 3500 1988 omnium
3559 1925 3880 1987 malorum
3921 1943 3988 2048 ι(ι,
4019 1943 4262 1992 rimu,

2379 2031 2475 2086 est
2522 2024 2806 2098 avaritia,
2859 2024 2912 2084 si
2961 2024 3290 2086 avaritiam
3357 2023 3716 2104 generalem
3783 2023 3884 2084 in-

2378 2123 2760 2202 telligamuS,
2821 2142 2947 2203 qua
3002 2123 3274 2205 quisque
3331 2123 3575 2204 appetit
3632 2121 3884 2202 aliquid

2381 2221 2656 2303 amplius
2701 2240 2891 2303 quam
2945 2229 3212 2302 oportet,
3257 2229 3514 2302 propter
3561 2221 3882 2283 excellen-

2380 2321 2536 2382 tiam
2577 2340 2756 2382 suam
2789 2329 2852 2382 et.
2881 2321 3222 2403 quemdam
3265 2321 3538 2402 propriae
3576 2320 3666 2381 rei
3705 2337 3884 2381 amo-

2384 2438 2516 2482 rem
2573 2437 2586 2481 :
2637 2420 2748 2501 qui
2803 2427 2972 2481 recte
3028 2437 3207 2482 amor
3261 2419 3544 2500 privatus
3593 2425 3884 2488 vocatur,

2383 2517 2552 2598 quod
2613 2517 2824 2598 potius
2877 2536 2914 2579 a
2960 2517 3341 2579 detrimento
3399 2535 3588 2597 quam
3648 2515 3727 2577 ab
3785 2515 3888 2576 in-

2385 2624 2708 2677 cremento
2756 2614 2999 2676 dictum
3047 2615 3274 2676 elucet.
3329 2614 3548 2676 Omnis
3605 2631 3888 2694 namque

2386 2713 2658 2793 privatio
2689 2712 2941 2774 minuit.
2977 2713 3153 2774 Unde
3189 2711 3400 2793 itaque
3430 2711 3568 2773 vult
3597 2710 3888 2772 eminere

2386 2810 2707 2891 superbia,
2752 2811 2897 2872 inde
2948 2809 3013 2870 in
3062 2809 3383 2890 angustias
3431 2817 3495 2871 et
3537 2815 3887 2889 egestatem

2388 2907 2809 2983 contruditur,
2861 2927 3061 2989 quum
3109 2927 3146 2969 a
3192 2908 3516 2969 communi
3577 2906 3744 2969 bono
3801 2908 3886 2968 ad

778 3003 897 3066 ista
940 3004 1239 3085 superbia
1282 3021 1407 3065 non
1457 3011 1552 3066 est
1598 3004 1872 3086 speciale
1916 3013 2272 3084 peccatum,
2311 3007 2354 3070 C
2389 3007 2716 3087 proprium
2768 3007 3071 3069 damnoso
3121 3006 3218 3068 sui
3277 3024 3491 3068 amore
3551 3004 3882 3085 redigitur.

482 3113 745 3164 accusas.
777 3103 887 3164 sed
939 3101 1193 3164 initium
1245 3103 1455 3164 omnis
1504 3103 1767 3183 peccati.
1801 3138 1882 3147 —
1920 3103 2129 3164 Tertio
2177 3123 2277 3163 su-

778 3200 997 3283 perbia
1028 3200 1485 3281 specialissime
1521 3208 1927 3282 nuncupatur
1955 3201 2275 3282 appetitus

779 3299 1169 3362 excellentiae¹
1203 3298 1268 3359 in
1302 3306 1607 3380 potestate
1638 3298 1714 3360 ad
1746 3298 2114 3378 dignitatem
2145 3319 2279 3380 spe-

778 3405 986 3460 ctante
1043 3415 1056 3457 :
1108 3404 1169 3458 ct
1229 3396 1362 3458 haec
1421 3395 1541 3457 suit
1600 3397 1881 3477 primum
1942 3405 2273 3477 peccatum

778 3495 1011 3558 diaboli
1062 3503 1125 3555 et
1173 3494 1363 3556 etiam
1416 3494 1692 3555 hominis
1751 3495 1963 3576 primi.
2018 3496 2275 3558 Daemon

778 3612 1053 3675 namque
1094 3592 1403 3654 excellere
1434 3592 1636 3654 voluit
1666 3593 1731 3654 in
1768 3595 2094 3674 potestatis
2137 3613 2276 3676 pro-

781 3692 935 3774 priae
985 3691 1313 3772 dignitate,
1366 3691 1558 3752 homo
1605 3691 1667 3752 in
1718 3691 2023 3770 dignitate
2075 3692 2278 3755 excel-

780 3791 991 3853 lentiae
1036 3789 1327 3871 propriae.

849 3886 1156 3950 Similiter
1184 3885 1449 3948 avaritia
1479 3886 1719 3948 duobus
1751 3888 2023 3948 sumitur
2053 3889 2274 3964 modiS‚

779 3985 1079 4048 videlicet
1127 3984 1506 4064 generaliter
1552 3993 1612 4047 et
1662 3985 2039 4067 specialiter.
2085 3986 2280 4049 Gene-

782 4083 999 4146 raliter
1055 4082 1321 4144 avaritia
1379 4083 1743 4144 nominatur
1800 4083 2038 4145 nimius
2099 4103 2280 4146 amor

2387 3105 2694 3185 Specialis
2743 3113 2951 3166 autem
3001 3112 3094 3166 est
3139 3103 3422 3176 avaritia,
3464 3122 3644 3166 amor
3691 3123 3888 3184 pecu-

2387 3202 2526 3264 niae.
2565 3201 2761 3281 Cujus
2801 3203 3059 3264 nomine
3088 3202 3425 3282 Apostolus
3457 3219 3571 3283 per
3600 3201 3886 3282 speciem

2387 3317 2586 3379 genus
2635 3298 3029 3379 significans,
3076 3298 3502 3361 universalem
3549 3299 3885 3361 avaritiam

2389 3397 2638 3460 volebat
2681 3397 2975 3478 intelligi,
3007 3397 3277 3459 dic-endo
3310 3417 3323 3460 :
3359 3398 3554 3460 Radix
3594 3397 3890 3460 omnium

2389 3495 2698 3556 malorum
2733 3504 2828 3556 est
2857 3495 3138 3557 avaritia.
3159 3495 3285 3556 Hac
3315 3495 3590 3576 generali
3623 3495 3893 3558 avaritia

2387 3592 2676 3654 diabolus
2722 3593 2973 3666 cecidit,
3015 3593 3128 3674 qui
3177 3593 3514 3674 pecuniam
3565 3611 3691 3655 non
3734 3594 3894 3655 dile-

2389 3691 2501 3765 xit,
2553 3691 2662 3752 sed
2715 3691 3038 3771 propriam
3097 3697 3493 3772 potestatem.
3547 3691 3660 3752 Hic
3707 3709 3893 3752 amor

2388 3807 2724 3870 perversus
2773 3797 2989 3850 sancta
3037 3789 3336 3850 societate
3380 3789 3656 3870 privavit.
3695 3790 3894 3869 turgi-

2388 3889 2541 3949 dum
2601 3886 2920 3968 spiritum,
2973 3905 3249 3968 eumque
3306 3887 3572 3949 arctavit
3629 3887 3894 3949 miseria

2385 3984 2515 4064 jam
2564 4003 2676 4065 per
2719 3984 3118 4065 iniquitatem
3161 3985 3373 4046 satiari
3419 3993 3761 4067 optantem.

2468 4083 2657 4143 Porro
2691 4081 2744 4142 si
2777 4081 3139 4162 objiciatur,
3174 4082 3340 4163 quod
3384 4083 3448 4144 in
3489 4083 3662 4145 omni
3703 4083 3894 4145 ratio-

783 4181 1246 4262 cujuscu'mque
1307 4179 1456 4241 boni
1518 4180 1779 4261 proprii.
1834 4180 1910 4242 Et
1956 4181 2089 4243 haec
2151 4201 2276 4245 non
2310 4187 2358 4248 D
2391 4179 2516 4241 nali
2579 4187 2803 4241 natura
2863 4199 2993 4254 rex,
3047 4181 3156 4261 qui
3207 4180 3272 4241 in
3315 4179 3774 4262 appetibilibus
3821 4189 3894 4243 et.

782 4278 1001 4341 diflert
1030 4298 1067 4340 a
1096 4278 1394 4359 superbia
1423 4278 1900 4358 generalissime
1931 4279 2119 4353 dicta,
2154 4280 2276 4342 nisi

784 4377 1025 4439 ratione
1072 4394 1085 4438 ε
1130 4376 1446 4458 siquidem
1496 4394 1673 4437 amor
1723 4376 1830 4437 ille
1872 4385 2134 4439 vocatur
2179 4399 2280 4439 su-

785 4475 1027 4557 perbia,
1078 4473 1429 4535 secundum
1488 4475 1657 4554 quod
1716 4493 1753 4534 a
1802 4493 2054 4537 summo
2111 4475 2279 4539 bono

784 4572 1046 4647 avertit3
1085 4571 1349 4633 avaritia
1386 4589 1557 4642 vern,
1593 4571 1943 4634 secundum
1990 4574 2155 4654 quod
2200 4575 2278 4635 ad

787 4669 1237 4733 commutabile
1268 4669 1506 4731 bonum
1540 4671 1869 4731 convertit.
1899 4671 2057 4732 Hinc
2088 4691 2282 4753 super

788 4769 968 4844 illud,
1018 4770 1215 4832 Radix
1263 4768 1551 4831 omnium
1603 4768 1911 4830 malorum
1959 4779 2055 4832 est
2102 4773 2282 4854 cupi-

787 4868 971 4943 ditas,
1017 4867 1407 4949 Augustinus
1444 4884 1457 4927 :
1493 4866 1860 4941 Cave-amus,
1908 4868 2135 4950 inquit,
2185 4891 2284 4932 su-

789 4965 1074 5047 perbiam
1120 4972 1183 5026 et
1220 4964 1574 5039 avaritiam,
1609 4983 1735 5026 non
1779 4965 1905 5028 duo
1952 4967 2136 5041 mala,
2170 4970 2281 5030 sed

786 5085 1008 5126 unum.
1052 5063 1211 5125 Hinc
1256 5062 1557 5144 superbia
1597 5062 1799 5124 fertur
1850 5063 2105 5126 initium
2153 5084 2283 5128 om-

787 5165 885 5225 nis
927 5163 1190 5245 peccati,
1225 5163 1375 5244 quia
1414 5161 1805 5243 principium
1846 5162 2051 5244 culpae
2081 5171 2282 5225 estex

787 5270 963 5348 parte
1014 5263 1253 5336 toz-maz,
1296 5280 1435 5343 quae
1478 5269 1572 5322 est
1621 5261 1866 5322 aversio
1912 5260 1992 5322 ab
2045 5260 2282 5326 incom-

2390 4276 2696 4339 faciendis
2740 4296 2956 4357 regere
3000 4276 3208 4348 debet,
3242 4277 3578 4359 dissipabit
3617 4278 3886 4352 malum,

2389 4376 2740 4437 secundum
2793 4375 2950 4436 illud
3001 4376 3484 4438 Proverbiorum
3534 4395 3547 4438 ε
3595 4378 3724 4439 Rex
3769 4379 3884 4459 qui
3919 4400 4260 4454 Prot-,us

2389 4476 2564 4535 sedet
2610 4474 2675 4535 in
2721 4473 2879 4535 solio
2919 4474 3169 4553 judicii,
3212 4475 3478 4556 dissipat
3519 4494 3708 4537 omne
3758 4495 3891 4538 ma—

2391 4573 2525 4635 lum
2573 4573 2807 4634 intuitu
2859 4589 2994 4634 sun.
3037 4572 3157 4634 Sed
3205 4581 3356 4634 tunc
3401 4573 3488 4634 ita
3528 4592 3653 4636 non
3697 4575 3885 4650 rexit,

2391 4690 2509 4734 nec
2554 4671 2792 4732 malum
2836 4671 3170 4752 dissipavit
3214 4688 3227 4731 :
3270 4689 3420 4752 ergo
3462 4672 3725 4734 omissio
3763 4671 3892 4734 suit

2392 4771 2671 4852 primum
2701 4770 2843 4850 ejus
2879 4777 3314 4850 peccatum.—
3329 4771 3894 4852 Dicendum,quod

2394 4868 2483 4931 ibi
2530 4886 2707 4930 error
2757 4867 2882 4928 suit
2930 4867 3153 4929 rationi
3204 4867 3525 4930 admixtus
3572 4888 3587 4931 :
3634 4868 3742 4950 qui
3793 4889 3892 4931 er-

2393 4985 2516 5040 ror,
2537 4966 2887 5028 secundum
2920 4965 3315 5038 Anselmum,
3337 4964 3458 5050 tuit
3491 4965 3894 5047 impunitatis

2393 5063 2824 5146 praesumptio.
2859 5063 2934 5124 Et
2965 5063 3068 5125 hic
3099 5082 3274 5125 error
3303 5082 3430 5125 non
3461 5063 3583 5125 l'uit
3615 5065 3894 5145 speciale

2393 5171 2746 5244 peccatum,
2781 5163 2890 5223 sed
2933 5180 3109 5225 error
3147 5162 3478 5224 electionis
3521 5171 3583 5224 et
3627 5163 3896 5243 inquisi-

2395 5259 2719 5334 tioniS,vel
2752 5259 3102 5340 ignorantia
3132 5260 3496 5341 praecedens
3527 5277 3718 5324 omne
3749 5280 3890 5344 pec·
3924 5256 3944 5271 “

3339 1729 3600 1791 Initium
3663 1727 3882 1791 omnis
3913 1745 4254 1794 secessas.
