4334 6242
1253 514 1339 561 AN
1380 513 1577 560 OMNES
1622 513 1843 559 ANGELI
1886 514 2021 560 SINT
2062 513 2330 560 EJUSDEM
2373 513 2601 559 srssctm

3355 492 3475 557 223

360 684 691 766 dependet
720 703 799 748 ex
831 704 957 747 una
986 685 1119 748 sola
1150 704 1359 758 causa,
1393 693 1546 747 tunc
1577 692 1706 748 tota
1735 703 1875 768 pos·
1902 685 1955 747 Α
1983 684 2268 760 versaliS,
2319 704 2397 747 ex
2447 683 2856 747 multitudine
2915 682 3149 746 actuali
3207 701 3320 745 seu
3372 701 3480 766 po-

360 782 647 845 sibilitas
692 802 805 846 seu
858 784 1339 865 impossibilitas
1389 783 1561 846 illius
1604 782 1875 845 effectus

362 881 691 963 dependet
726 900 805 944 ex
844 882 1209 945 conditione
1250 890 1313 944 et
1353 889 1658 963 potestate
1703 882 1877 944 illius

362 997 601 1042 causae.
637 980 880 1042 Entitas
920 987 1134 1043 autem
1167 999 1280 1042 seu
1311 1000 1449 1043 esse
1480 981 1873 1062 angelorum,

362 1087 433 1140 et
466 1098 585 1160 per
616 1097 1012 1161 consequens
1052 1079 1259 1141 unitas
1297 1080 1751 1162 pluralitasque
1782 1098 1878 1141 eo-

368 1196 544 1251 rum,
578 1177 945 1241 immediate
975 1197 1049 1240 ac
1080 1178 1286 1241 solum
1316 1179 1634 1260 dependet
1663 1199 1701 1241 a
1731 1197 1876 1240 cau-

362 1295 441 1336 sa
496 1276 721 1356 prima.
771 1277 933 1338 Hinc
980 1284 1109 1338 tota
1166 1277 1556 1358 possibilitas
1617 1277 1877 1339 unitatis

366 1391 445 1434 ac
480 1373 863 1454 pluralitatis
899 1375 1183 1456 ipsorum
1223 1375 1344 1437 sub
1375 1377 1589 1458 specie
1622 1395 1767 1448 una,
1800 1395 1877 1436 ex

368 1479 605 1533 natura
647 1471 881 1536 divinae
924 1474 1222 1554 potentiae
1266 1481 1361 1535 est
1404 1475 1744 1556 pensanda.
1781 1474 1879 1536 Di-

367 1569 527 1631 vina
572 1579 787 1632 autem
835 1571 1119 1652 potentia
1158 1572 1236 1633 ad
1280 1573 1493 1634 omnia
1543 1592 1683 1653 quae
1732 1590 1879 1634 con-

372 1667 821 1730 tradictionem
880 1687 1007 1732 non
1070 1670 1401 1752 implicant
1450 1689 1517 1732 se
1569 1671 1873 1733 extendit.

372 1765 799 1838 Quaerendum
828 1775 925 1830 est
952 1785 1117 1848 erge,
1134 1775 1349 1830 utrum
1380 1769 1594 1850 plures
1622 1769 1877 1850 angelos

1984 784 2228 846 tentiali
2260 782 2975 856 individuorum‚oritur
3009 781 3213 844 unitas
3243 782 3480 864 speciei

1984 884 2350 964 operatione
2409 882 2770 945 intellectus
2828 880 3272 943 abstrahentis,
3336 881 3480 943 Uni-

1984 980 2227 1042 versale
2259 998 2532 1061 namque
2571 987 2680 1042 aut
2710 979 3024 1062 posterius
3063 985 3160 1040 est
3191 978 3319 1040 illis
3359 977 3484 1039 sin-

1984 1078 2333 1158 gularibus,
2367 1086 2473 1140 aut
2518 1079 2680 1140 nihil
2724 1085 2842 1151 est,
2877 1086 2949 1139 ut
2990 1078 3225 1139 dicitur
3273 1077 3483 1158 primo

1986 1177 2065 1238 de
2094 1177 2338 1240 Anima.
2376 1178 2710 1258 Postquam
2742 1195 2892 1239 vero
2924 1177 3010 1238 ita
3049 1175 3358 1238 formatus
3387 1184 3483 1238 est

1988 1285 2333 1357 conceptus
2363 1276 2728 1358 specificas,
2763 1294 2982 1337 rursus
3011 1275 3361 1337 secundum
3396 1294 3485 1336 ra·

1987 1373 2224 1435 tionem
2276 1373 2582 1436 dividitur
2630 1374 2695 1435 in
2747 1373 3223 1436 individuorum
3273 1374 3482 1454 plura-

1989 1473 2230 1534 litatem
2266 1492 2280 1535 :
2313 1479 2376 1533 et
2405 1473 2493 1533 ita
2529 1473 2878 1534 secundum
2921 1473 3230 1534 rationem
3275 1473 3481 1533 unitas

1989 1570 2418 1652 pluralitatem
2448 1571 2662 1651 aliquo
2696 1571 2882 1632 modo
2913 1571 3230 1652 praecedit.
3253 1569 3485 1643 Quum-

1988 1687 2111 1750 que
2158 1675 2282 1729 tam
2325 1666 2630 1729 differens
2671 1668 2751 1728 sit
2791 1668 3020 1730 divisio
3059 1667 3278 1750 quanti
3318 1687 3353 1729 a
3391 1669 3482 1730 di-

1987 1767 2232 1829 visione
2277 1765 2536 1848 speciei,
2571 1773 2743 1848 patet
2782 1767 2950 1847 quod
2995 1767 3312 1848 quantitas
3357 1784 3483 1828 non

370 1883 519 1926 esse
568 1865 689 1927 sub
740 1885 866 1928 una
914 1866 1129 1948 specie
1178 1867 1481 1948 implicat.
1533 1868 1609 1929 Et
1658 1865 1951 1930 dicuntB
1986 1875 2083 1927 est
2113 1884 2302 1927 causa
2331 1865 2824 1949 plurificationis
2857 1864 3333 1927 individuorum
3363 1865 3485 1926 sub

372 1963 639 2043 quidam
684 1965 854 2046 quod
902 1966 1017 2040 sic,
1061 1974 1318 2047 propter
1368 1967 1677 2029 rationem
1722 1985 1878 2048 prae-

371 2059 685 2134 habitam,
703 2069 921 2145 utpote
953 2064 1103 2144 quia
1132 2063 1500 2126 differentia
1529 2065 1879 2126 secundum

373 2157 675 2234 formam,
722 2169 817 2222 est
865 2161 1230 2222 differentia
1278 2162 1630 2224 secundum
1680 2162 1879 2244 speci-

372 2276 505 2329 em,
518 2259 869 2338 praesertim
902 2260 1155 2340 quando
1184 2259 1498 2342 accipitur
1526 2261 1878 2322 secundum

372 2355 739 2418 absolutam
784 2357 1093 2420 rationem
1142 2357 1343 2439 ipsius
1388 2358 1627 2420 formae.
1663 2359 1879 2440 Itaque

380 2453 595 2535 primo
623 2455 1077 2537 inquirendum
1118 2464 1213 2518 est
1243 2456 1369 2530 hic,
1404 2457 1557 2538 quid
1598 2457 1680 2519 sit
1708 2457 1881 2540 prin-

380 2553 628 2634 cipium
676 2553 1105 2616 multitudinis
1158 2555 1654 2630 individuorum,
1696 2563 1758 2617 et
1799 2575 1881 2618 an

378 2653 705 2735 quantitas
760 2653 843 2714 sit
898 2652 1040 2714 talis
1100 2652 1592 2734 plurificationis
1652 2653 1883 2736 princi-

384 2751 586 2831 pium.

466 2847 573 2910 Est
603 2857 817 2911 autem
858 2849 1339 2923 advertendum,
1374 2850 1541 2931 quod
1574 2849 1627 2912 si
1659 2851 1722 2911 in
1756 2869 1886 2912 ma-

382 2946 719 3008 terialibus
767 2955 993 3008 natura
1039 2947 1277 3029 speciei
1330 2948 1507 3029 prius
1549 2956 1715 3010 esset
1759 2967 1885 3010 una

1988 1963 2199 2045 specie
2231 1963 2420 2025 modo
2449 1971 2766 2046 praetacto.
2791 1999 2872 2008 —
2898 1963 3348 2026 Verumtamen
3378 1964 3488 2025 ali-

1986 2079 2115 2143 quo
2146 2062 2334 2123 modo
2365 2079 2554 2122 causa
2581 2069 2678 2123 est
2706 2061 2868 2142 ejuS‚
2904 2062 3255 2123 secundum
3297 2079 3485 2142 quos·
3537 2129 3545 2137 ,

1987 2160 2155 2234 dam,
2200 2160 2265 2221 in
2315 2167 2625 2241 quantum
2667 2160 2965 2221 videlicet
3014 2160 3299 2232 materia,
3343 2179 3485 2240 quae

1988 2265 2083 2320 est
2120 2258 2318 2320 altera
2363 2277 2506 2339 pars
2549 2257 2866 2319 individui
2911 2258 2975 2319 in
3023 2257 3481 2331 materialibuS,

1988 2374 2114 2418 non
2178 2365 2386 2439 posset
2435 2356 2649 2437 plures
2709 2356 2990 2437 recipere
3047 2355 3306 2430 formas,
3361 2355 3486 2418 nisi

1991 2455 2308 2516 mediante
2359 2455 2731 2536 quantitate,
2773 2472 2900 2516 non
2949 2454 3301 2516 secundum
3347 2473 3484 2516 esse

1990 2553 2352 2633 subjectum
2386 2553 2625 2626 formae,
2660 2553 2769 2615 sed
2803 2554 3156 2615 secundum
3190 2554 3361 2634 quod
3390 2559 3487 2614 est

1992 2652 2274 2714 medium
2325 2652 2391 2713 in
2435 2651 2841 2713 transmutari
2889 2660 2998 2713 aut
3041 2650 3205 2713 fieri.
3249 2651 3486 2713 Tamen

1991 2769 2109 2811 nec
2152 2750 2322 2812 istud
2364 2757 2459 2810 est
2499 2768 2741 2812 verum.
2778 2751 3006 2824 Primo,
3041 2749 3344 2831 quoniam
3385 2769 3488 2813 ea-

1992 2849 2137 2910 dem
2180 2847 2420 2910 ratione
2459 2849 2777 2930 quantitas
2817 2856 2983 2910 esset
3013 2867 3203 2910 causa
3242 2849 3444 2930 pluris
3447 2849 3491 2910 i-

1993 2946 2259 3009 ca'tionis
2300 2945 2620 3027 specificae
2655 2965 2669 3009 :
2706 2947 2854 3028 quia
2893 2945 3058 3008 sicut
3089 2947 3230 3009 duae
3268 2946 3490 3010 formae

382 3045 741 3106 seeundum
771 3063 1132 3118 numerum,
1156 3054 1219 3107 et
1249 3053 1467 3127 postea
1496 3046 1886 3109 divideretur
1918 3050 1961 3113 C
1993 3045 2280 3125 ejusdem
2331 3042 2590 3105 rationis
2641 3060 2766 3105 non
2814 3044 3214 3125 recipiuntur
3254 3045 3318 3106 in
3367 3064 3493 3106 ma-

384 3143 455 3204 in
482 3141 669 3225 plura
698 3143 1051 3204 secundum
1082 3162 1445 3217 numerum,
1480 3147 1886 3225 quemadmo-

382 3242 539 3302 dum
591 3259 790 3302 unum
841 3257 1107 3302 numero
1151 3241 1398 3322 lignum
1447 3242 1512 3303 in
1564 3242 1733 3323 ligna
1772 3263 1886 3305 nu-

387 3339 711 3401 meraliter
741 3339 927 3421 plura
955 3338 1283 3414 dividitur,
1318 3358 1507 3403 nemo
1536 3341 1889 3422 ambigeret

386 3438 809 3520 quantitatem
854 3456 992 3500 esse
1036 3438 1431 3519 principium
1474 3438 1889 3519 plurificatio-

386 3537 487 3598 nis
536 3535 928 3616 hujusmodi.
981 3535 1085 3598 Sic
1132 3543 1345 3597 autem
1406 3554 1533 3598 non
1581 3538 1889 3599 dividitur

388 3643 615 3697 natura
654 3633 1015 3696 communis
1056 3633 1120 3695 in
1162 3634 1493 3696 individua
1533 3635 1717 3716 plura
1754 3642 1888 3696 tan-

388 3750 581 3813 quam
634 3733 815 3814 prius
865 3732 948 3792 sit
996 3750 1123 3793 una
1168 3733 1521 3794 secundum
1570 3751 1727 3808 rem,
1778 3734 1888 3795 sed

390 3831 598 3893 solum
638 3831 993 3892 secundum
1034 3831 1345 3892 rationem
1382 3849 1395 3892 :
1432 3831 1561 3894 imo
1596 3850 1713 3894 nec
1754 3851 1891 3914 pro-

390 3929 527 4010 prie
570 3927 635 3989 in
683 3928 865 4009 plura
908 3928 1237 4001 dividitur,
1271 3929 1379 3990 sed
1426 3929 1637 4011 potius
1680 3931 1890 3992 unitas

390 4026 531 4105 ejus
570 4045 649 4088 ex
690 4026 983 4107 pluribus
1030 4027 1379 4089 individuis
1420 4027 1742 4108 colligitur
1777 4047 1894 4109 per

388 4132 606 4186 actum
650 4124 1032 4199 intellectuS,
1066 4127 1177 4207 qui
1225 4127 1764 4223 universalitatem
1809 4127 1894 4189 fa-

1994 3143 2150 3204 teria
2179 3142 2303 3203 nisi
2336 3160 2448 3222 per
2477 3142 2893 3222 quantitatem
2935 3142 3160 3215 divisa,
3195 3142 3494 3206 videlicet

1994 3260 2195 3322 quum
2226 3239 2457 3301 divisio
2491 3239 2654 3301 faeta
2683 3246 2777 3301 est
2807 3241 3161 3302 secundum
3195 3258 3362 3319 rem;
3405 3241 3492 3303 ita

1997 3358 2114 3401 nec
2169 3339 2384 3421 plures
2444 3336 2662 3402 formae
2717 3339 3112 3401 diversarum
3173 3339 3492 3403 rationum

1998 3437 2194 3518 recipi
2246 3436 2438 3498 simul
2482 3444 2725 3518 queunt
2770 3437 2836 3498 in
2884 3438 3144 3500 materia
3191 3439 3324 3514 tali,
3367 3439 3491 3501 nisi

1996 3536 2220 3598 eodem
2281 3536 2466 3598 modo
2513 3534 2735 3597 divisa.
2787 3536 2915 3599 Nec
2967 3543 3175 3598 tamen
3235 3545 3495 3620 propter

1996 3635 2117 3698 hoc
2149 3633 2426 3715 ponitur,
2461 3634 2627 3715 quod
2662 3635 2980 3715 quantitas
3015 3635 3098 3695 sit
3128 3653 3317 3697 causa
3354 3637 3494 3718 plu-

2000 3732 2376 3795 rificationis
2420 3731 2773 3794 secundum
2819 3732 3098 3814 speciem
3134 3752 3148 3797 :
3183 3751 3332 3814 ergo
3377 3753 3493 3796 nec

2000 3838 2260 3913 propter
2288 3831 2406 3892 hoc
2439 3831 2805 3912 ponendum
2834 3839 2951 3904 est,
2987 3832 3153 3912 quod
3195 3833 3276 3893 sit
3308 3850 3498 3894 causa

2000 3929 2382 4012 pluralitatis
2412 3929 2765 3990 secundum
2798 3948 3157 3991 numerum.
3180 3929 3492 4004 Secundo,

2002 4028 2152 4110 quia
2182 4027 2398 4109 opinio
2436 4026 2554 4087 ista
2591 4043 2716 4088 non
2758 4027 3036 4106 assignat
3065 4045 3317 4089 eausam
3361 4028 3498 4109 plu-

2003 4125 2378 4188 rificationis
2411 4124 2650 4198 formae,
2666 4126 2774 4186 sed
2806 4125 3012 4187 solum
3047 4125 3500 4188 materiae.'l'er·

392 4223 478 4285 cit
520 4223 591 4284 in
643 4221 853 4284 rebus
900 4223 1057 4286 Hinc
1107 4225 1227 4286 ista
1276 4225 1507 4287 divisio
1554 4224 1773 4288 differt
1813 4226 1893 4288 ab
1925 4231 1973 4292 D
2002 4225 2268 4299 ti0,nam
2301 4223 2593 4305 quamvis
2622 4223 2888 4286 diversae
2919 4223 3136 4286 formae
3168 4225 3499 4306 coexigant

391 4321 503 4382 illa
540 4321 607 4382 in
639 4320 865 4382 tribus,
900 4322 1179 4384 Primum
1212 4329 1325 4396 est,
1359 4323 1661 4404 quoniam
1694 4344 1897 4402 quan-

394 4429 535 4480 tum
564 4425 661 4482 est
692 4438 890 4480 unum
932 4421 1283 4482 secundum
1322 4441 1479 4495 rem,
1513 4421 1758 4502 species
1786 4441 1895 4484 au-

393 4526 521 4579 tem
572 4517 926 4580 secundum
977 4518 1306 4581 rationem.
1359 4520 1722 4582 Secundum
1774 4528 1889 4594 est,

395 4615 565 4696 quod
624 4623 835 4697 partes
896 4616 1115 4696 quanti
1174 4617 1385 4692 divisi,
1446 4625 1596 4679 sunt
1656 4635 1767 4699 per
1825 4637 1891 4680 se

394 4723 605 4797 partes
657 4713 1014 4794 integrales,
1056 4722 1119 4776 et
1162 4733 1289 4777 non
1338 4715 1732 4797 subjectivae,
1776 4735 1895 4778 nee

393 4820 597 4876 totum
643 4812 801 4874 illud
847 4813 1226 4894 praedicatur
1262 4813 1339 4875 de
1380 4833 1759 4896 unaquaque
1798 4834 1898 4877 ea-

395 4931 559 4974 rum.
594 4911 931 4974 Individua
968 4929 1119 4973 vero
1157 4919 1305 4973 sunt
1345 4920 1555 4994 partes
1594 4913 1895 4993 subjecti-

394 5029 489 5074 vae
526 5009 793 5091 speciei,
827 5009 904 5070 de
944 5008 1179 5090 quibus
1218 5016 1280 5070 et
1310 5009 1555 5090 species
1597 5010 1895 5091 praedica-

396 5116 516 5170 tur.
552 5107 840 5170 Tertium
882 5114 998 5182 est,
1033 5107 1182 5188 quia
1221 5107 1285 5169 in
1326 5107 1639 5170 divisione
1674 5109 1896 5190 quanti

396 5207 598 5287 surgit
656 5205 1001 5267 multitudo
1064 5223 1141 5266 ex
1201 5206 1595 5286 praecedente
1655 5206 1896 5269 unitate

398 5305 587 5384 reali3
622 5305 691 5366 in
720 5303 1035 5367 divisione
1070 5312 1285 5366 autem
1326 5303 1562 5386 speciei
1602 5323 1713 5367 seu
1757 5305 1899 5368 uni-

2003 4324 2285 4386 diversas
2345 4322 2622 4384 materiae
2675 4328 2884 4403 partes
2937 4321 3000 4383 in
3052 4311 3286 4404 quibus
3345 4323 3494 4398 sint,

2002 4441 2121 4484 nec
2152 4429 2362 4483 tamen
2404 4427 2652 4503 oportet
2688 4420 2751 4481 id
2781 4439 2918 4482 esse
2951 4439 3205 4483 causam
3248 4421 3498 4503 plurifi-

2004 4519 2270 4582 ea'tionis
2314 4519 2555 4592 formae,
2590 4520 2756 4600 quod
2803 4527 2898 4581 est
2937 4538 3126 4582 causa
3165 4520 3499 4584 divisionis

2006 4619 2303 4680 materiae.
2345 4617 2482 4680 Non
2531 4618 2704 4679 enim
2748 4636 2825 4679 ex
2875 4617 2994 4680 hoc
3043 4625 3190 4680 sunt
3235 4619 3500 4682 diversae

2005 4718 2246 4790 formae,
2298 4717 2450 4798 quia
2503 4715 2902 4797 recipiuntur
2950 4715 3016 4777 in
3076 4716 3360 4797 partibus
3410 4718 3500 4779 di-

2003 4815 2204 4877 versis
2238 4815 2552 4878 materiai:
2587 4815 2716 4876 imo
2746 4821 3022 4888 econtra,
3055 4814 3207 4895 quia
3236 4814 3499 4878 diversae

2004 4920 2151 4975 sunt
2212 4912 2454 4985 formae,
2517 4911 2755 4975 idcirco
2824 4911 3158 4993 requirunt
3219 4911 3498 4974 diversas

2004 5019 2213 5093 partes
2255 5010 2534 5072 materiae
2573 5010 2637 5071 in
2673 5009 2909 5091 quibus
2949 5009 3360 5090 recipiantur,
3396 5012 3499 5072 cui

2001 5117 2208 5170 tamen
2241 5106 2588 5189 receptioni
2621 5106 3131 5188 praeintelligitur
3159 5105 3500 5169 formarum

2005 5207 2359 5270 diversitas
2413 5206 2619 5279 Quum
2679 5222 2828 5285 ergo
2885 5203 3300 5286 principalior
3356 5223 3500 5285 pars

2006 5306 2097 5368 rei
2128 5305 2211 5370 sit
2242 5305 2466 5380 forma,
2500 5303 2685 5385 cujus
2725 5301 3278 5385 multiplicationis
3311 5319 3502 5365 causa
