4334 6242
124 3176 247 3225 quat.
263 3174 326 3215 67.

1038 531 1244 578 mum
1283 530 1506 579 Ancum
1546 531 1730 579 νυνι
1773 531 1910 579 surr
1951 532 2267 579 ons-nnn
2310 532 2375 579 m
2412 531 2617 590 virus,
2656 530 2785 578 mc.
3347 510 3468 575 377

359 718 428 761 se
476 698 704 762 habuit
744 702 914 782 quod
955 702 1031 764 ad
1078 702 1308 765 vitium
1359 702 1714 776 inclinaret,
1747 704 1857 766 sed
1891 702 1944 766 A
1972 703 2196 783 deant3
2228 710 2292 765 et
2319 704 2682 766 deserentes
2714 702 2911 777 illam,
2945 700 3194 763 nullum
3227 699 3468 762 bonum

359 798 619 879 propria
649 806 999 880 spontanea
1027 801 1337 864 electione
1373 801 1613 864 malum
1644 801 1856 882 elegit,

359 896 426 959 in
477 897 701 959 eodem
764 897 1114 961 immobilis
1171 907 1589 981 permaneret.
1641 900 1858 981 Itaque

358 1002 548 1076 prout
576 995 940 1058 ‘obstinatio
992 996 1112 1059 ista
1157 1004 1253 1059 est
1303 1016 1490 1080 poena
1543 997 1855 1081 punitiva,

355 1101 452 1155 est
481 1094 790 1176 sapientis
829 1094 1123 1167 effectus,
1157 1114 1275 1158 nec
1315 1103 1664 1158 creaturam
1705 1096 1859 1159 l'acit

356 1192 736 1255 deteriorem
787 1200 895 1255 aut
943 1194 1320 1275 turpiorem,
1367 1195 1476 1257 sed
1527 1194 1856 1257 meliorem

355 1308 430 1351 ac
471 1290 928 1372 pulchriorem.
975 1292 1283 1374 Iniquitas
1329 1312 1604 1375 namque
1649 1293 1858 1375 impu-

355 1388 509 1463 nita,
563 1398 662 1451 est
706 1390 951 1471 turpis;
1003 1391 1226 1472 punita
1274 1409 1444 1465 vero,
1496 1392 1859 1475 resplendet

356 1488 584 1551 decore
619 1486 886 1568 justitiae
922 1506 936 1550 :
970 1488 1136 1551 sicut
1174 1497 1430 1553 sauctus
1473 1491 1560 1553 ait
1596 1491 1860 1554 Ambro-

355 1586 509 1659 siuS,
543 1586 716 1667 quod
757 1586 864 1648 l'ur
900 1587 1169 1669 pulcher
1211 1597 1308 1650 est
1348 1588 1412 1649 in
1456 1588 1764 1670 patibulo,
1797 1596 1860 1651 et

354 1684 544 1747 Judas
595 1686 830 1747 residet
869 1685 934 1747 in
974 1684 1225 1748 inferno
1265 1687 1440 1749 velut
1485 1687 1857 1750 carbunculi

356 1783 686 1864 gemmula
715 1783 780 1845 in
811 1784 1253 1846 auro—Hinc
1285 1785 1569 1866 loquitur
1595 1786 1861 1868 Prosper

1971 801 2136 864 velle
2177 808 2412 884 queant
2452 820 2578 884 quo
2616 818 2740 864 non
2784 806 3056 862 careant.
3089 833 3171 844 —-
3199 798 3341 861 Haec
3371 797 3473 860 Al-

1972 899 2191 963 bertus
2224 899 2335 962 ibi.
2371 900 2605 963 Tamen
2638 906 2707 962 ut
2746 918 2939 984 supra
2971 898 3035 959 in
3066 896 3281 959 verbis
3311 896 3473 959 Tho-
3522 928 3567 971 p.
3599 912 3739 959 2751).

1974 1017 2093 1061 mae
2135 1006 2229 1061 est
2279 1006 2540 1073 tactum,
2575 999 2641 1061 in
2691 998 2791 1061 his
2839 995 3358 1079 praesupponitur
3408 994 3473 1057 id

1972 1098 2158 1177 cujus
2197 1098 2357 1161 ratio
2397 1098 2655 1180 petitur,
2690 1104 2909 1180 utpote
2950 1096 3117 1177 quod
3155 1095 3473 1156 daemones

1972 1196 2181 1277 prima
2218 1196 2528 1259 electione
2560 1215 2675 1258 sua
2713 1202 3040 1277 ponuntur
3070 1193 3134 1255 in
3174 1192 3469 1254 termino,

2041 1294 2389 1356 Concordat
2420 1292 2740 1375 praedictis
2770 1290 3091 1355 Udalricus
3121 1289 3187 1352 in
3218 1290 3475 1352 Summa

1971 1412 2106 1466 sua,
2134 1391 2298 1455 libro
2325 1400 2551 1473 quarto
2585 1409 2599 1453 ε
2635 1390 3082 1454 obdurationis
3110 1389 3473 1452 daemonum

1969 1497 2032 1553 et
2081 1490 2370 1552 omnium
2420 1490 2863 1552 damnatorum
2915 1506 3125 1562 causa,
3172 1494 3270 1550 est
3318 1504 3475 1568 quo-

1972 1588 2143 1649 niam
2188 1589 2323 1671 ipse
2364 1588 2473 1669 qui
2516 1588 2626 1661 ait,
2661 1587 2810 1650 Sine
2854 1604 2955 1648 me
3000 1585 3163 1648 nihil
3206 1584 3473 1667 potestis
3513 1605 3766 1657 hama,

1971 1685 2202 1760 facere,
2237 1687 2389 1749 dum
2430 1686 2663 1748 deserit
2704 1684 3029 1747 hominem
3063 1683 3129 1745 in
3169 1682 3285 1745 hac
3317 1682 3469 1757 vita,
3502 1672 3544 1714 ⁵·

1974 1802 2120 1847 mox
2160 1784 2453 1865 sequitur
2491 1803 2673 1847 casus
2706 1784 2771 1845 in
2804 1783 3083 1865 culpam,
3117 1783 3472 1844 secundum

359 1881 424 1943 in
456 1880 622 1944 libro
653 1882 732 1943 de
759 1882 902 1944 Vita
932 1882 1424 1964 contemplativa
1453 1901 1467 1945 :
1494 1883 1718 1965 Angeli
1749 1885 1860 1966 qui
1894 1886 1942 1949 B
1971 1882 2036 1944 id
2067 1882 2297 1945 Psalmi
2332 1899 2346 1944 :
2378 1882 2600 1944 Dimisi
2634 1900 2741 1945 eos
2771 1882 3125 1944 secundum
3157 1879 3472 1943 desideria
3543 1896 3625 1940 Ρ..
3646 1908 3768 1949 ιικι,

359 1996 424 2041 se
455 1986 678 2042 contra
703 1979 1059 2043 Creatorem
1091 1980 1286 2062 typho
1318 1981 1521 2044 letalis
1551 1982 1862 2065 superbiae

357 2076 676 2139 hostiliter
723 2085 1082 2151 erexerunt,
1125 2078 1204 2140 de
1251 2098 1528 2160 superna
1575 2080 1720 2142 coeli
1771 2100 1863 2143 re-

358 2174 544 2256 gione
577 2174 844 2257 projecti
877 2182 1027 2237 sunt
1059 2193 1074 2237 :
1107 2194 1267 2257 quos
1298 2176 1516 2239 divina
1549 2178 1862 2240 sententia

360 2291 434 2335 eo
461 2273 710 2355 judicio
742 2274 1211 2349 condemnavit,
1241 2282 1312 2336 ut
1339 2275 1490 2357 quia
1519 2276 1862 2338 noluerunt

362 2390 767 2453 perseverare
811 2392 1012 2453 quum
1055 2381 1334 2454 possent,
1369 2391 1486 2435 nec
1526 2374 1728 2436 velint
1767 2394 1860 2437 re-

360 2469 567 2551 parari
619 2487 736 2531 nec
790 2469 1054 2550 possint.
1109 2470 1436 2552 Siquidem
1493 2472 1860 2553 praevarica-

359 2567 548 2630 tionis
597 2583 818 2629 eorum
868 2568 1250 2631 demeritum
1300 2569 1441 2643 suit,
1488 2570 1656 2651 quod
1709 2570 1862 2632 irre-

361 2664 668 2727 vocabilis
708 2664 936 2745 judicii
981 2666 1530 2729 animadversione
1575 2669 1860 2749 percussi

363 2770 542 2840 sunt3
573 2770 638 2825 et
667 2763 745 2824 ad
775 2763 1245 2827 damnationem
1274 2764 1696 2844 justissimam
1728 2785 1862 2846 pro·

363 2860 532 2924 fecto
571 2860 901 2942 pertinuit,
936 2862 1104 2943 quod
1145 2861 1511 2924 facultatem
1554 2864 1860 2926 redeundi

361 2977 434 3021 ac
463 2959 858 3022 voluntatem
891 2960 1147 3041 penitus
1181 2960 1550 3022 amiserunt.
1586 2961 1727 3023 Haec
1759 2962 1860 3024 Al-

364 3056 599 3119 bertus.

439 3155 556 3229 Qui
601 3162 665 3217 et
707 3154 772 3217 in
817 3154 982 3218 libro
1026 3156 1102 3217 de
1145 3156 1221 3217 lv
1256 3155 1639 3238 Coaequaevis
1674 3174 1688 3219 ε
1721 3159 1862 3222 Pro-

364 3254 501 3335 pria
541 3253 808 3336 (inquit)
851 3273 1040 3317 causa
1087 3254 1596 3318 confirmationis
1636 3257 1863 3319 daemo-

363 3370 516 3413 num
549 3351 616 3413 in
646 3360 928 3433 peccam,
952 3359 1048 3415 est
1077 3370 1296 3415 eorum
1327 3352 1620 3416 voluntas
1662 3371 1676 3416 t
1710 3373 1862 3437 quo·

363 3450 533 3513 niam
575 3449 736 3511 ratio
773 3468 994 3512 eorum
1033 3450 1126 3512 sic
1165 3459 1260 3512 est
1300 3458 1529 3524 creata,
1564 3454 1731 3533 quod
1766 3462 1863 3515 est

361 3548 512 3611 boni
561 3557 626 3610 et
669 3548 842 3621 mali,
876 3555 1136 3630 propter
1181 3548 1419 3612 bonum
1469 3550 1858 3631 eligendum,

359 3655 421 3709 et
483 3654 746 3729 propter
805 3666 1130 3710 summum
1193 3647 1434 3710 bonum
1501 3648 1861 3732 adipiscen-

363 3747 534 3808 dum.
571 3746 748 3808 Unde
793 3743 943 3807 dum
997 3746 1154 3808 illud
1203 3746 1498 3828 acquirit,
1533 3740 1686 3810 tunc
1734 3765 1861 3810 non

361 3852 454 3907 est
491 3844 772 3926 amplius
814 3843 962 3905 boni
1002 3850 1066 3907 et
1105 3845 1278 3918 mali,
1314 3845 1421 3907 sed
1465 3852 1587 3907 stat
1627 3845 1690 3907 in
1729 3846 1858 3919 illo,

361 3944 582 4025 sicque
612 3951 709 4005 est
739 3942 1056 4005 indeflexa
1084 3942 1163 4004 ab
1195 3943 1323 4005 illo.
1349 3944 1651 4006 Voluntas
1685 3944 1866 4027 quip-

361 4059 440 4123 pe
491 4040 799 4122 quamdiu
845 4040 910 4101 in
956 4040 1060 4102 via
1099 4048 1216 4113 est,
1251 4041 1543 4123 quamvis
1586 4042 1863 4104 declinet

361 4139 436 4200 ad
469 4137 748 4220 culpam,
780 4155 908 4200 non
951 4145 1160 4199 tamen
1196 4139 1531 4201 induratur
1559 4140 1651 4201 sic
1684 4140 1747 4201 in
1789 4159 1863 4203 ea

362 4244 431 4298 ut
458 4236 632 4300 aliud
664 4235 967 4298 affectare
1006 4253 1132 4297 non
1163 4236 1365 4299 valeat
1406 4236 1530 4299 nisi
1563 4238 1817 4319 culpam
1844 4257 1860 4318 ;
1891 4245 1942 4307 D
1975 4235 2143 4316 quod
2187 4234 2309 4317 ipsi
2352 4252 2478 4297 non
2522 4235 2739 4297 vident
2782 4254 2895 4297 sua
2937 4235 3246 4297 naturalia
3288 4235 3474 4310 dona,
3519 4274 3527 4281 -

362 4354 500 4417 quae
540 4352 693 4398 vero
733 4341 830 4397 est
869 4334 936 4396 in
978 4334 1250 4397 termino
1279 4335 1419 4409 viee,
1455 4336 1545 4398 nil
1585 4336 1861 4418 amplius

363 4434 497 4495 vult
545 4452 738 4515 quam
789 4441 1143 4514 peccatum.
1188 4470 1269 4479 —
1315 4433 1476 4496 Hinc
1522 4435 1862 4497 Anselmus

362 4532 427 4594 in
471 4532 638 4595 libro
680 4532 758 4594 de
799 4531 960 4595 Casu
1000 4532 1236 4594 diaboli
1273 4550 1286 4594 ε
1320 4532 1543 4613 Angeli
1578 4533 1722 4614 (ait)
1751 4535 1862 4617 qui

363 4629 726 4691 maluerunt
770 4628 930 4691 illud
971 4628 1115 4711 plus
1154 4630 1324 4711 quod
1366 4630 1531 4692 Deus
1573 4631 1666 4693 eis
1706 4650 1862 4694 non-

364 4727 513 4789 dum
562 4728 712 4789 dare
755 4727 1028 4801 volebat,
1063 4747 1251 4809 quam
1299 4736 1464 4791 stare
1509 4729 1572 4791 in
1614 4730 1861 4810 justitia

366 4825 428 4887 in
475 4845 604 4908 qua
651 4826 844 4888 creati
894 4834 1093 4901 erant,
1137 4827 1359 4889 eadem
1405 4827 1654 4908 justitia
1697 4828 1863 4909 judi-

365 4934 566 4998 cante,
599 4930 663 4986 et
692 4924 851 4986 illud
882 4933 1144 5006 propter
1173 4926 1342 5006 quod
1374 4926 1546 4987 illam
1581 4934 1860 4989 contem-

364 5030 648 5103 pserunt,
684 5042 1084 5105 nequaquam
1128 5023 1562 5097 obtinuerunt,
1594 5034 1658 5086 et
1692 5026 1857 5107 quod

363 5121 662 5183 tenebant
702 5122 966 5195 bonum,
999 5122 1367 5184 amiserunt.
1403 5122 1504 5186 Sic
1543 5143 1692 5205 ergo
1736 5125 1862 5187 dis-

365 5219 516 5282 creti
567 5228 717 5281 sunt
763 5220 994 5301 angeli,
1029 5228 1098 5281 ut
1147 5221 1525 5284 inhaerentes
1571 5223 1856 5304 justitiae,

366 5316 611 5383 nullum
645 5317 884 5384 bonum
916 5319 1079 5385 velle
1119 5320 1366 5405 possint
1397 5339 1522 5406 quo
1557 5340 1683 5384 non
1714 5342 1859 5407 gau-

1973 1981 2181 2044 cordis
2227 1982 2534 2061 ipsorum,
2570 1980 2756 2041 ibunt
2800 1980 2863 2041 in
2909 1977 3472 2041 adinventionibus
3504 1964 3569 2004 ¹³²

1972 2079 2134 2156 suis;
2156 2086 2218 2141 et
2250 2079 2407 2141 illud
2439 2077 2957 2140 Isaiae:Aul'eram
2990 2096 3207 2159 sepem
3238 2076 3474 2156 ejuS‚et
3536 2095 3731 2143 10.v‚³.

1970 2177 2090 2240 erit
2121 2178 2187 2239 in
2218 2175 2649 2258 direptionem.
2667 2176 2867 2250 Quum
2896 2193 3043 2257 ergo
3076 2175 3347 2238 totaliter
3376 2175 3475 2237 de-

1971 2277 2124 2339 serit
2154 2277 2688 2358 qualemcumque
2720 2275 3091 2338 rationalem
3124 2283 3472 2337 creaturam

1971 2382 2283 2457 quantum
2312 2375 2391 2436 ad
2422 2392 2611 2437 omne
2642 2373 3071 2437 ordinativum
3105 2374 3168 2435 in
3206 2372 3471 2447 bonum,

1972 2491 2098 2535 non
2131 2479 2337 2554 potest
2376 2470 2647 2534 aflectus
2688 2479 2992 2535 creaturas
3032 2472 3177 2533 talis
3215 2489 3473 2533 consur-

1971 2590 2118 2652 gere
2169 2570 2235 2631 in
2292 2570 2549 2652 aliquod
2610 2570 2873 2643 bonum,
2926 2570 3036 2633 sed
3098 2588 3350 2651 semper
3396 2570 3474 2632 ad

1973 2667 2214 2730 malum
2250 2686 2263 2729 :
2298 2675 2361 2729 et
2391 2668 2512 2730 hoc
2542 2675 2636 2731 est
2670 2668 2733 2729 in
2769 2668 3042 2730 termino
3073 2668 3213 2741 viae,
3237 2667 3346 2750 qui
3380 2675 3475 2729 est

1972 2767 2217 2829 homini
2252 2785 2443 2839 mom,
2478 2774 2541 2828 et
2570 2766 2793 2847 angelo
2824 2784 3026 2828 casus.
3053 2801 3130 2811 —
3160 2765 3319 2828 Hinc
3350 2763 3477 2828 dia-

1973 2863 2158 2927 bolus
2207 2863 2441 2927 habere
2489 2882 2616 2927 non
2665 2870 2867 2945 potest
2912 2864 3143 2927 bonam
3187 2864 3477 2927 volunta-

1972 2970 2125 3037 tem,
2177 2981 2294 3025 nec
2345 2981 2505 3045 opus
2554 2962 2794 3024 bonum
2840 2980 2854 3023 ε
2898 2962 3049 3043 quia
3096 2962 3266 3044 quod
3314 2961 3473 3035 vult,

1899 3065 1942 3128 G
1972 3066 2082 3122 aut
2112 3078 2367 3141 semper
2394 3066 2491 3122 est
2533 3060 2807 3137 malum3
2839 3066 2946 3121 aut
2983 3058 3037 3121 si
3076 3067 3172 3121 est
3210 3058 3473 3133 bonum,

1975 3165 2187 3219 tamen
2228 3158 2361 3220 vult
2408 3157 2566 3219 illud
2610 3157 2795 3231 male,
2829 3164 2938 3219 aut
2977 3157 3117 3220 vult
3161 3157 3317 3219 illud
3360 3158 3476 3220 im-

1974 3256 2257 3338 perfecta
2287 3256 2627 3329 voluntate,
2645 3275 2785 3336 quae
2816 3274 3142 3337 nunquam
3176 3254 3478 3337 pertingit

1974 3354 2052 3417 ad
2121 3362 2335 3415 actum
2406 3353 2796 3435 completum
2863 3352 2986 3414 nisi
3053 3351 3173 3413 sub
3236 3352 3477 3413 ratione

1976 3452 2234 3515 malitiae
2271 3470 2285 3512 :
2328 3451 2867 3533 quemadmodum
2909 3450 2967 3512 S.
3013 3449 3351 3531 Dionysius
3390 3449 3479 3512 ait

1976 3559 2200 3633 quarto
2230 3550 2501 3632 capitulo
2527 3551 2605 3612 de
2636 3549 2880 3611 Divinis
2912 3547 3477 3629 nominibuS‚quod

1975 3650 2295 3712 daemones
2336 3648 2708 3711 naturaliter
2736 3654 3046 3730 appetunt
3088 3646 3351 3719 bonum,
3384 3646 3477 3709 vi-

1976 3747 2207 3809 delicet
2244 3766 2403 3820 esse,
2438 3746 2675 3819 vivere,
2718 3744 3109 3826 intelligere3
3152 3745 3261 3807 sed
3302 3753 3481 3807 natu-

1976 3844 2126 3905 ralis
2157 3844 2278 3905 iste
2315 3843 2635 3925 appetitus
2675 3861 2802 3905 non
2842 3842 3129 3924 procedit
3168 3842 3233 3903 in
3262 3851 3475 3905 aetum

1977 3942 2102 4003 nisi
2149 3960 2297 4003 cum
2342 3941 2741 4003 deformitate
2786 3940 3213 4005 deliberativae
3259 3942 3481 4003 volun-

1979 4039 2146 4113 tatis,
2173 4058 2297 4120 qua
2328 4039 2461 4101 haec
2491 4039 2712 4100 volunt
2745 4037 2976 4101 habere
3006 4039 3085 4101 ad
3118 4059 3304 4101 usum
3337 4058 3481 4122 pec-

1978 4135 2181 4199 candi.
2243 4137 2416 4199 Unde
2475 4136 2539 4197 Β.
2596 4136 2935 4220 Dionysius
2994 4135 3085 4198 ibi
3146 4138 3475 4219 praemisit,

1975 4333 2341 4395 claudentes
2383 4352 2527 4395 suas
2564 4332 2831 4395 virtutes
2872 4332 3021 4395 boni
3066 4333 3473 4416 inspec'tivaS,

1973 4452 2054 4495 ne
2103 4432 2349 4495 scilicet
2400 4431 2653 4493 videant
2700 4432 2776 4493 ad
2828 4430 3067 4495 bonum
3117 4451 3329 4507 usum,
3364 4434 3474 4496 sed

1974 4530 2362 4593 malum.Vel
2393 4530 2521 4611 agit
2552 4549 2629 4592 ex
2660 4530 3033 4593 necessitate
3064 4538 3304 4593 naturae
3324 4547 3338 4592 :
3358 4532 3475 4593 sic-

1973 4638 2044 4692 ut
2090 4629 2449 4712 synderesis
2480 4648 2594 4691 sua
2634 4636 3061 4691 remurmurat
3102 4629 3289 4703 mal0,
3323 4630 3475 4711 quia

1973 4730 2036 4791 in
2072 4730 2209 4811 ipsa
2246 4736 2393 4791 sunt
2424 4728 2659 4811 scripta
2698 4728 3008 4790 naturalia
3039 4727 3204 4808 juris
3245 4747 3475 4810 praece-

1971 4836 2100 4911 pta,
2133 4848 2277 4911 quae
2306 4828 2663 4889 necessario
2694 4828 3057 4890 renituntur
3087 4845 3202 4890 suo
3232 4835 3474 4890 contra-

1972 4927 2112 5005 rio;
2164 4945 2284 4989 nec
2340 4926 2525 4987 aliter
2577 4932 2743 4987 esset
2796 4924 2860 4987 in
2915 4926 3007 4988 eis
3068 4926 3472 4989 conscientias

1970 5024 2227 5087 vermis.
2256 5026 2379 5086 Aut
2408 5043 2484 5086 ex
2516 5024 2838 5086 coactione
2869 5023 3101 5087 divinae
3133 5024 3466 5105 potentiae:
3540 5034 3763 5087 Marc-nx.

1971 5122 2509 5204 quemadmodum
2552 5140 2628 5184 ex
2660 5121 2889 5185 Christi
2934 5122 3203 5206 imperio
3242 5124 3319 5186 de
3358 5123 3468 5187 ob·
3496 5102 3701 5207 2202„

1971 5221 2160 5283 sessis
2210 5220 2405 5283 exivit
2456 5220 2850 5303 corporibus.
2891 5221 3016 5283 Aut
3064 5221 3291 5286 timore
3338 5242 3466 5287 ser·
3500 5230 3567 5269 ¹⁶·

3138 5321 3463 5387 Daemones
3491 5344 3763 5397 Jacobmaa.

1969 5320 2104 5396 vili,
2161 5319 2514 5383 secundum
2577 5319 2734 5383 illud
2790 5318 3003 5384 Jacobi
3062 5338 3075 5384 ε
