4334 6242
618 509 707 556 Ax
746 510 1022 558 Amemus
1066 511 1419 558 nitac‘rioxs
1460 511 1766 558 nai-unm
1808 510 1994 556 rums
2035 510 2356 557 mmxnnu·
2396 511 2563 558 naun
2603 513 2771 568 QUAM
2814 513 2884 558 sn
2926 512 3128 568 1rsuu,
3169 510 3296 557 me.
3391 489 3510 556 277

418 679 621 742 scitur
655 689 717 742 et
759 683 865 744 cui
896 683 1387 766 concupiscitur.
1422 682 1485 744 Si
1526 689 1738 744 autem
1781 679 1919 742 dili·
1948 679 1998 742 A
2028 679 2243 742 dinem
2302 680 2510 743 habet.
2562 682 2821 763 Propter
2876 680 3045 763 quod
3101 680 3189 742 ait
3247 678 3520 741 Philoso-

417 796 563 858 gere
594 778 842 841 dicatur
868 781 1185 843 adhaerere
1215 780 1400 842 alicui
1432 779 1597 842 bono
1628 797 1741 861 per
1770 777 1921 840 al'l'e·
2027 779 2216 860 phuS,
2268 781 2436 861 quod
2496 788 2592 841 est
2645 780 2854 842 simile
2913 778 3109 841 simili
3166 777 3446 840 amicum
3502 793 3518 837 t

418 884 747 950 ctum,seu
780 878 1241 941 delectabiliter
1268 877 1445 940 affici
1477 878 1646 940 circa
1675 876 1914 938 bonum
2026 880 2566 960 quemadmodum
2607 899 2772 942 unus
2809 879 3128 941 virtuosus
3168 877 3377 957 diligit
3412 875 3526 938 ali-

420 975 483 1036 in
534 983 845 1058 quantum
897 976 1287 1058 hujusmodi,
1338 983 1409 1038 ut
1458 976 1522 1038 in
1577 975 1915 1037 dilectione
2026 977 2261 1055 um3in
2292 977 2528 1059 quibus
2558 984 2802 1039 tantum
2834 984 2928 1038 est
2957 976 3239 1039 amicitia
3267 972 3526 1036 vera.Et

422 1093 559 1155 quae
603 1094 681 1137 ex
728 1075 1182 1138 deliberatione
1231 1076 1559 1157 procedit3
1600 1074 1691 1136 sic
1730 1092 1915 1154 ange-
2026 1075 2135 1136 tali
2177 1076 2516 1139 dilectione
2555 1076 2762 1158 angeli
2803 1074 3271 1158 quodammodo
3309 1073 3527 1153 dilige-

421 1172 517 1232 lus
564 1172 765 1252 magis
804 1181 866 1235 et
909 1173 1120 1235 minus
1160 1174 1367 1255 potuit
1406 1173 1691 1253 diligere,
1728 1179 1913 1253 prout
2024 1171 2178 1234 bant
2208 1175 2408 1236 Deum
2441 1193 2634 1256 supra
2661 1192 2750 1248 se,
2785 1174 2936 1256 quia
2973 1173 3279 1256 optabant
3307 1173 3363 1234 ei
3399 1191 3526 1233 ma-

418 1270 847 1351 distinguebat
892 1291 1092 1334 unum
1135 1271 1261 1334 alio
1306 1272 1505 1352 magis
1546 1279 1653 1332 aut
1702 1269 1914 1332 minus
2021 1270 2127 1349 jus
2159 1271 2397 1334 bonum
2431 1292 2614 1354 quam
2647 1271 3107 1347 sibi,videlicet
3136 1289 3274 1334 esse
3304 1271 3519 1342 Deum,

418 1368 659 1430 bonum
704 1387 879 1448 esse;
921 1378 983 1432 et
1028 1371 1380 1432 secundum
1426 1371 1567 1442 hoc,
1607 1370 1772 1431 Deus
1820 1375 1917 1430 est

417 1467 788 1529 naturaliter
818 1468 1017 1548 magis
1056 1467 1415 1548 diligendus
1446 1467 1689 1548 angelo,
1723 1485 1912 1547 quam

416 1564 676 1645 angelus
708 1565 831 1627 sibi
876 1566 1017 1648 ipsi.
1055 1566 1159 1628 Sic
1197 1566 1367 1627 enim
1409 1564 1666 1628 dilectio
1706 1565 1914 1645 sequi-

418 1671 521 1724 tur
556 1663 958 1738 electionem,
994 1685 1135 1745 quae
1165 1673 1261 1726 est
1302 1684 1501 1725 unum
1541 1663 1721 1725 alteri
1758 1681 1914 1743 prae-

416 1769 651 1843 optare.
686 1763 762 1824 Et
806 1763 897 1825 sic
945 1763 1207 1844 angelus
1254 1762 1527 1824 naturali
1575 1761 1915 1823 dilectione

2025 1370 2194 1451 quod
2225 1370 2346 1432 sibi
2379 1389 2504 1433 non
2538 1370 2853 1433 volebant.
2886 1371 3178 1432 Attamen
3211 1369 3520 1430 intensius

2025 1467 2147 1529 sibi
2194 1469 2489 1531 volebant
2539 1468 2778 1531 bonum
2822 1475 3126 1540 creatum,
3159 1485 3348 1549 quam
3392 1467 3520 1528 Deo

2025 1565 2265 1628 bonum
2316 1567 2607 1628 divinum
2657 1574 2718 1628 et
2767 1567 3140 1628 increatum.
3171 1601 3252 1610 —
3283 1565 3517 1626 Verum

2027 1664 2143 1725 ista
2193 1664 2424 1727 solutio
2471 1673 2636 1726 stare
2685 1683 2810 1727 non
2859 1665 3047 1738 valet,
3081 1665 3230 1745 quia
3275 1669 3522 1745 oportet

2027 1764 2372 1824 concedere
2401 1763 2658 1843 angelos
2689 1763 2751 1824 in
2783 1771 2950 1825 statu
2981 1763 3090 1825 illo
3119 1761 3522 1824 dilectionem

416 1859 949 1942 concupiscentiae
1011 1862 1211 1923 Deum
1277 1860 1549 1922 maxime
1611 1859 1915 1940 diligebat
1950 1863 1995 1924 B
2026 1859 2322 1923 amicitiae
2364 1860 2662 1923 habuisse
2700 1862 2777 1923 ad
2816 1862 3040 1934 Deum,
3073 1880 3272 1942 quum
3309 1859 3526 1921 divina

416 1967 717 2041 tanquam
764 1979 1013 2021 summe
1064 1958 1656 2040 concupiscibilem,
1691 1957 1912 2019 utilem

415 2075 485 2118 ac
516 2058 947 2119 necessarium
978 2057 1099 2118 sibi
1122 2075 1137 2134 ;
1161 2057 1269 2118 sed
1303 2075 1370 2117 se
1402 2057 1611 2137 ipsum
1646 2055 1915 2118 maxime

415 2154 720 2235 diligebat
750 2163 1049 2236 tanquam
1094 2155 1401 2216 rationem
1435 2161 1693 2236 propter
1723 2173 1913 2235 quam

416 2253 617 2315 Deum
652 2254 921 2316 maxime
952 2253 1711 2335 concupiscebat.—Haec
1740 2253 1917 2314 Alex-

414 2352 628 2413 ander.
665 2351 783 2425 Qui
817 2351 881 2413 in
913 2351 1012 2414 his
1042 2352 1623 2414 Antisiodorensem
1655 2351 1916 2413 omnino

415 2450 595 2530 sequi
628 2449 898 2511 videtur.
934 2449 1211 2523 Quorum
1242 2449 1483 2530 opinio,
1518 2457 1585 2510 ut
1618 2448 1783 2509 infra
1814 2467 1917 2529 pa-

416 2546 595 2618 tebit,
632 2548 844 2609 minus
874 2554 970 2608 cst
1000 2546 1349 2627 probabilis
1382 2564 1395 2607 :
1431 2546 1578 2628 quia
1610 2565 1677 2606 se
1710 2544 1915 2606 facere

415 2646 724 2709 rationem
786 2645 1093 2726 diligendi
1151 2646 1375 2718 Deum,
1428 2652 1526 2706 est
1582 2663 1647 2706 se
1702 2645 1913 2725 ipsum

414 2745 541 2805 Deo
584 2743 903 2825 praeferre,
937 2752 1000 2805 et
1039 2743 1237 2805 Deum
1279 2744 1355 2804 ad
1392 2763 1459 2804 se
1495 2742 1751 2815 referre,
1786 2759 1912 2803 non

415 2862 481 2904 se
510 2843 589 2904 ad
616 2844 853 2922 Deum3
879 2843 1047 2924 quod
1080 2849 1174 2904 est
1204 2861 1271 2905 se
1302 2842 1515 2923 ipsum
1551 2840 1674 2902 sibi
1707 2840 1912 2902 facere

414 2941 715 3002 ultimum
764 2939 966 3002 finem
1014 2949 1077 3002 et
1126 2941 1325 3002 Deum
1378 2940 1659 3001 medium
1697 2956 1711 2999 :
1744 2940 1912 3020 quod

2026 1959 2380 2021 similitudo
2423 1960 2855 2041 resplenderet
2895 1960 2957 2021 in
3000 1959 3156 2040 ipsis
3197 1978 3310 2039 per
3348 1966 3525 2020 natu-

2027 2057 2183 2118 ralia
2212 2077 2343 2120 sua.
2380 2058 2508 2118 Hoc
2548 2066 2760 2118 autem
2792 2065 2883 2118 est
2926 2058 3002 2118 de
3039 2057 3279 2118 ratione
3309 2056 3526 2117 amici-

2026 2155 2151 2228 iim,
2185 2156 2353 2237 quod
2394 2155 2688 2237 quamvis
2719 2154 2947 2216 habeat
2981 2154 3430 2216 delectationes
3460 2161 3523 2214 et

2026 2254 2332 2316 utilitates
2376 2253 2499 2314 sibi
2545 2271 2842 2326 annean,
2876 2269 3004 2314 non
3045 2259 3257 2314 tamen
3294 2251 3371 2313 ad
3410 2251 3522 2313 has

2028 2353 2287 2434 respicit
2344 2353 2567 2414 oculus
2626 2352 2918 2425 amantiS‚
2981 2352 3090 2414 sed
3145 2352 3222 2413 ad
3281 2350 3520 2413 bonum

2025 2456 2327 2511 amatum.
2363 2450 2524 2530 Ergo
2573 2450 2638 2511 in
2684 2449 2870 2510 corde
2919 2448 3191 2510 amantis
3240 2466 3524 2530 praepon-

2025 2548 2202 2608 derat
2233 2547 2470 2609 bonum
2501 2555 2782 2609 amatum
2812 2547 3116 2608 omnibus
3141 2545 3523 2607 utilitatibus

2027 2653 2089 2706 et
2119 2645 2568 2707 dilectionibus
2610 2643 3146 2726 consequentibus
3183 2663 3263 2706 ex
3291 2651 3518 2705 amato,

2026 2743 2284 2804 Nullum
2326 2751 2538 2805 autem
2579 2743 2818 2805 bonum
2859 2750 2992 2804 erat
3033 2742 3098 2804 in
3137 2741 3361 2822 angelo
3399 2741 3524 2803 nisi

2026 2860 2103 2903 ex
2135 2841 2261 2904 Deo
2301 2850 2530 2905 amato.
2565 2842 2728 2921 Ergo
2769 2841 2911 2923 plus
2945 2840 3291 2921 diligebant
3324 2840 3523 2902 Deum

2026 2959 2137 3002 seu
2188 2940 2428 3002 bonum
2477 2939 2792 3013 divinum,
2846 2959 3036 3020 quam
3087 2957 3154 3000 se
3215 2939 3404 3020 ipsos,
3449 2937 3526 2999 Et

413 3046 509 3100 est
538 3056 797 3121 prorsus
832 3056 1224 3119 perversum,
1260 3045 1321 3099 et
1352 3038 1479 3099 Deo
1513 3037 1625 3110 uti,
1650 3056 1716 3098 se
1751 3037 1913 3117 ipso·
1948 3038 1991 3101 C
2025 3039 2159 3100 haec
2219 3045 2314 3099 est
2367 3038 2644 3100 secunda
2696 3037 3030 3119 veriorque
3086 3035 3322 3118 opinio.
3380 3035 3522 3098 Haec

414 3157 538 3218 que
583 3137 727 3198 frui.
763 3137 832 3198 In
876 3137 1017 3199 aliis
1060 3136 1414 3200 Alexander
1458 3137 1912 3198 Bonaventurae

414 3236 775 3309 concordat,
816 3243 879 3297 et
919 3237 1029 3308 ait,
1067 3236 1235 3316 quod
1282 3254 1445 3296 unus
1494 3235 1753 3315 angelus
1805 3253 1912 3296 na-

414 3334 599 3396 turali
632 3333 973 3396 dilectione
1002 3332 1212 3412 diligit
1240 3332 1437 3394 alium
1467 3332 1764 3412 angelum
1798 3351 1907 3393 seu

414 3432 781 3513 proximum
831 3451 1018 3494 suum
1064 3432 1231 3494 sicut
1273 3451 1339 3493 se
1390 3431 1622 3512 ipsum,
1658 3448 1783 3492 non
1826 3439 1909 3491 ta-

414 3550 559 3592 men
604 3538 852 3592 tantum
899 3537 1209 3611 quantum
1252 3549 1319 3590 se
1364 3530 1595 3610 ipsum.

508 3628 795 3708 Denique
845 3627 1115 3690 Thomas
1168 3645 1181 3688 :
1236 3627 1415 3688 Circa
1466 3626 1619 3699 haec,
1674 3626 1903 3707 inquit,

409 3734 503 3788 est
532 3724 770 3806 duplex
804 3725 1041 3807 opinio,
1077 3725 1342 3797 Quidam
1377 3742 1652 3805 namque
1687 3724 1907 3785 distin-

406 3831 609 3904 guunt
645 3823 1051 3885 dilectionem
1088 3822 1622 3903 concupiscentia),
1654 3830 1714 3882 et
1751 3823 1907 3884 ami-

406 3923 593 3995 eitiae,
627 3941 769 4003 quae
802 3920 1113 3983 differunt
1148 3920 1497 3982 secundum
1536 3921 1691 3981 duos
1727 3928 1905 3982 actus

406 4019 775 4092 voluntatis,
822 4019 931 4100 qui
980 4025 1131 4079 sunt
1174 4036 1187 4080 :
1230 4025 1550 4098 appetere,
1594 4018 1761 4098 quod
1810 4025 1906 4079 est

407 4117 497 4179 rei
549 4135 678 4179 non
728 4115 1003 4195 habitae3
1055 4123 1117 4177 et
1164 4133 1397 4188 amare,
1450 4115 1618 4196 quod
1671 4123 1766 4176 est
1815 4116 1904 4177 rei

2025 3137 2295 3199 Thomas
2340 3137 2404 3198 in
2447 3136 2713 3218 Scripto.

2104 3235 2184 3296 At
2231 3253 2381 3297 vero
2430 3235 2494 3295 in
2544 3235 2752 3315 prima
2799 3241 2976 3314 parte
3023 3233 3322 3308 Summae,
3355 3252 3522 3315 quae-

2023 3332 2228 3394 stione
2258 3333 2648 3412 sexagesima
2680 3349 2693 3393 ε
2729 3331 2986 3393 Falsitas
3016 3329 3160 3410 (ait)
3187 3329 3360 3392 illius
3393 3330 3520 3412 pri-

2024 3451 2142 3493 mae
2193 3430 2512 3513 opinionis
2561 3437 2776 3511 aperte
2824 3436 3108 3510 apparet,
3154 3428 3208 3490 si
3257 3427 3402 3509 quis
3455 3429 3516 3490 in

2020 3528 2416 3590 naturalibus
2466 3527 2656 3589 rebus
2701 3526 3056 3589 consideret
3097 3527 3176 3589 ad
3219 3525 3374 3608 quid
3418 3545 3519 3588 res

2020 3625 2393 3687 naturaliter
2450 3633 2795 3688 moveatur.
2853 3623 3184 3686 Inclinatio
3243 3641 3518 3704 namque

2020 3723 2326 3784 naturalis
2358 3723 2418 3783 in
2463 3723 2560 3783 his
2592 3742 2732 3803 quae
2763 3729 2910 3783 sunt.
2942 3721 3078 3783 sine
3119 3721 3382 3795 ratione,
3415 3721 3520 3784 de-

2020 3828 2328 3885 monstrat
2375 3820 2849 3882 inclinationem
2898 3820 3253 3882 naturalem
3299 3819 3362 3881 in
3411 3835 3517 3881 vo-

2020 3920 2257 3981 luntate
2289 3917 2734 3980 intellectualis
2763 3925 3010 3980 naturae.
3027 3919 3518 4000 Unumquodque

2018 4035 2167 4078 vero
2201 4018 2262 4078 in
2296 4015 2692 4077 naturalibus
2725 4015 2937 4089 rebuS,
2961 4016 3128 4096 quod
3161 4015 3511 4077 secundum

2018 4123 2308 4176 naturam
2349 4114 2468 4176 hoc
2502 4113 2710 4195 ipsum
2754 4112 2921 4194 quod
2951 4120 3068 4186 est,
3101 4113 3360 4174 alterius
3393 4121 3511 4186 est,

408 4214 661 4288 habitae,
702 4213 1053 4276 secundum
1090 4214 1551 4293 ·August.inum.
1602 4213 1710 4274 Est
1757 4231 1906 4293 ergo
1937 4218 1985 4279 D
2018 4213 2220 4294 magis
2251 4211 2796 4294 principaliusque
2838 4211 3179 4273 inclinatur
3209 4211 3274 4271 in
3313 4210 3373 4271 id
3406 4229 3513 4273 cu-

406 4313 666 4375 dilectio
709 4311 1263 4392 concupiscentiae,
1298 4331 1423 4392 qua
1470 4311 1614 4392 quis
1662 4310 1905 4391 aliquid

405 4411 723 4473 desiderat
763 4411 841 4472 ad
884 4409 1389 4491 adipiscendum,
1425 4409 1593 4491 quod
1638 4409 1760 4471 sibi
1811 4418 1907 4471 est

404 4509 647 4572 bonum
678 4509 1028 4571 secundum
1060 4509 1340 4589 aliquem
1375 4509 1653 4570 modum.
1690 4509 1765 4570 Et
1796 4508 1904 4569 tali

403 4607 745 4670 dilectione
778 4607 841 4668 in
873 4613 1031 4668 statu
1065 4606 1445 4667 naturalium
1472 4607 1677 4686 angeli
1710 4607 1905 4668 Deum

403 4707 547 4788 plus
578 4725 772 4787 quam
812 4723 881 4766 se
919 4703 1290 4784 diligebant,
1324 4705 1765 4766 vehementius
1797 4724 1904 4786 ap-

400 4803 677 4886 petendo
707 4802 947 4864 bonum
979 4802 1269 4863 divinum
1302 4821 1491 4883 quam
1524 4822 1733 4875 suum,
1756 4803 1906 4884 quia

401 4903 521 4965 hoc
572 4902 666 4964 eis
716 4899 1157 4962 delectabilius
1206 4907 1339 4962 erat
1383 4917 1397 4962 ε
1441 4901 1659 4982 sicque
1709 4908 1903 4964 totam

401 5000 813 5062 dilectionem
846 4999 1009 5060 hanc
1041 4997 1106 5059 in
1134 5016 1199 5059 se
1233 4998 1400 5080 ipsos
1433 4999 1899 5080 retorquebant.

404 5099 673 5161 Dilectio
702 5105 917 5160 autem
948 5095 1245 5158 amicitiae
1276 5104 1369 5157 est
1400 5115 1525 5176 qua
1556 5097 1700 5178 quis
1731 5097 1905 5158 simi-

408 5197 747 5259 litudinem
789 5195 929 5276 ejus
968 5195 1137 5276 quod
1180 5193 1244 5255 in
1286 5215 1352 5255 se
1392 5195 1601 5268 habet,
1632 5202 1799 5257 amat
1840 5195 1904 5256 in

408 5296 628 5370 altem,
661 5292 881 5356 volens
912 5292 1153 5356 bonum
1185 5292 1243 5354 ei
1281 5293 1357 5354 ad
1388 5312 1579 5375 quem
1614 5293 1909 5356 similitu-

2012 4311 2117 4390 jus
2160 4318 2278 4384 est,
2313 4329 2502 4391 quam
2549 4311 2609 4371 in
2657 4327 2723 4371 se
2771 4309 3000 4390 ipsum.
3036 4307 3111 4370 Et
3154 4308 3288 4370 haec
3333 4308 3512 4369 incli-

2016 4409 2189 4471 natio
2237 4409 2541 4470 naturalis
2587 4409 3058 4470 demonstratur
3099 4425 3176 4468 ex
3223 4405 3322 4468 his
3371 4425 3512 4488 quae

2016 4507 2387 4569 naturaliter
2415 4514 2687 4586 aguntur
2722 4522 2736 4567 :
2771 4505 3070 4586 quoniam
3112 4503 3510 4586 unumquod-

2016 4625 2141 4688 que
2200 4605 2366 4667 sicut
2429 4604 2800 4667 naturaliter
2856 4605 3085 4685 agitur,
3147 4605 3233 4665 ita
3287 4611 3506 4684 aptum

2015 4710 2232 4766 natum
2263 4713 2354 4764 est
2395 4703 2517 4782 agi,
2553 4710 2740 4783 prout.
2779 4702 3058 4764 secundo
3095 4701 3330 4763 dicitur
3356 4701 3509 4783 Phy-

2014 4802 2314 4863 sicorum.
2349 4801 2652 4864 Videmus
2692 4809 2903 4863 autem
2944 4801 3112 4882 quod
3154 4818 3298 4881 pars
3328 4806 3507 4860 natu-

2015 4901 2232 4962 raliter
2283 4920 2350 4962 se
2409 4900 2668 4984 exponit
2729 4919 2841 4982 pro
2899 4899 3372 4963 conservatione
3424 4905 3509 4961 to-

2016 4998 2141 5060 tius
2177 5016 2190 5060 :
2225 5006 2288 5060 et
2326 4999 2628 5080 quoniam
2671 4998 2828 5061 ratio
2871 4999 3156 5060 imitatur
3193 5004 3504 5068 naturam,

2018 5097 2434 5160 imitationem
2466 5099 2657 5179 hujus
2691 5097 2750 5158 in
2779 5097 3124 5159 virtutibus
3156 5095 3507 5158 invenimus

2016 5194 2315 5277 politicis.
2343 5197 2452 5257 Est
2479 5197 2649 5258 enim
2684 5196 2935 5256 virtutis
2967 5194 3124 5255 civis
3153 5213 3225 5256 ac
3259 5193 3502 5264 militis,

2017 5301 2088 5356 ut
2117 5312 2184 5355 se
2225 5301 2494 5376 exponat
2537 5292 2818 5375 periculo
2857 5292 3075 5354 mortis
3114 5310 3230 5376 pro
3259 5310 3508 5356 conser-

3591 3344 3692 3384 ἰή.

3718 3343 3758 3385 5.
