4334 6242
854 444 973 515 102

1508 470 1573 515 IN
1612 469 1835 515 LIBRUM
1877 468 1921 514 II
1962 467 2444 515 SENTENTIARUH.
2490 486 2570 497 --
2613 468 2767 514 Dls'r.
2815 468 2876 531 I3
2919 468 3144 524 QUAEST.
3189 468 3300 515 v111

859 638 926 701 in
978 638 1304 701 identitate
1352 640 1760 720 substantiae3
1805 640 1891 703 ita
1939 641 2017 702 de
2068 647 2354 702 creatura
2385 638 2435 702 A
2545 640 2848 702 Praeterea
2878 640 3104 721 quaerit
3141 639 3511 713 RicharduS‚
3546 647 3756 702 utrum
3787 641 3958 703 Deus

860 737 1166 819 quamdiu
1224 746 1340 811 est,
1393 757 1647 820 semper
1692 758 1914 801 verum
1976 747 2072 801 est
2118 738 2352 812 dicere,

861 837 1030 918 quod
1070 846 1319 899 creatur
1348 845 1410 899 et
1441 844 1648 900 creata
1688 846 1803 911 est,
1835 845 2111 900 attamen
2156 837 2356 899 libera

860 934 1185 997 voluntate
1224 944 1287 997 et
1321 935 1385 997 in
1426 936 1789 999 diversitate
1828 936 2139 1010 essentiae,
2176 944 2244 997 ut
2275 936 2356 998 sit

862 1035 1081 1096 eadem
1130 1036 1297 1098 actio
1344 1036 1681 1099 creationis
1738 1054 1951 1099 rerum
2002 1045 2064 1098 et
2112 1040 2361 1099 conser-

861 1134 1135 1195 vationis
1166 1153 1404 1196 earum.
1427 1135 1504 1196 Et
1534 1135 1829 1217 quamvis
1862 1136 1947 1197 ita
1977 1136 2059 1197 sit
2088 1135 2360 1197 sentien-

864 1230 1040 1304 dum,
1086 1239 1297 1293 tamen
1350 1232 1537 1294 aliter
1583 1241 1679 1294 est
1729 1233 2140 1314 loquendum,
2187 1233 2359 1295 vide-

863 1329 1013 1390 licet
1070 1330 1237 1391 sicut
1293 1330 1529 1411 plures.
1583 1331 1787 1404 Quum
1849 1331 2019 1393 enim
2080 1331 2360 1393 actiones

863 1445 1005 1508 quae
1044 1427 1210 1489 fiunt
1251 1447 1398 1490 cum
1446 1436 1620 1491 motu
1663 1428 1848 1491 nobis
1892 1430 2019 1491 sint
2056 1429 2357 1501 notioreS‚

865 1531 932 1585 ut
965 1526 1403 1606 generationes
1442 1527 1849 1601 naturalium,
1885 1528 1949 1588 in
1990 1528 2228 1609 quibus
2261 1545 2360 1588 res

864 1641 991 1685 non
1023 1624 1326 1685 dicuntur
1352 1624 1497 1687 fieri
1532 1633 1674 1707 post
1704 1627 1983 1708 primum
2018 1627 2260 1688 instans
2297 1625 2360 1686 in

866 1739 995 1803 quo
1024 1722 1380 1805 suscipiunt
1411 1742 1583 1802 esse3
1618 1724 1758 1786 ideo
1786 1725 1967 1804 juxta
1996 1725 2159 1786 hanc
2191 1724 2363 1785 simi-

2465 745 2797 801 conservet
2828 746 3140 800 creaturas
3173 758 3287 820 per
3314 739 3589 820 aliquem
3623 739 3956 801 influxum.

2466 835 2558 898 Ad
2590 834 2708 897 hoc
2741 835 3078 916 respondet
3105 852 3118 896 :
3144 835 3450 897 Dixerunt
3481 837 3760 918 quidam,
3789 837 3962 919 quod

2469 953 2569 995 res
2607 941 3062 995 conservantur
3091 953 3127 995 a
3165 934 3295 997 Deo
3333 953 3448 1015 per
3475 933 3794 997 influxum
3837 954 3964 997 me·
4005 958 4014 969 ·

2468 1032 2646 1093 dium
2678 1032 2786 1113 qui
2820 1050 2946 1094 non
2986 1039 3083 1093 est
3113 1050 3212 1093 res
3243 1052 3645 1114 permanenS,
3679 1034 3788 1095 sed
3825 1053 3965 1095 suc-

2471 1129 2712 1191 cessiva
2757 1147 2770 1191 :
2817 1130 2967 1212 quia
3015 1150 3145 1192 rem
3187 1132 3573 1205 conservari,
3617 1139 3714 1194 est
3757 1133 3962 1214 ipsam

2472 1228 2770 1290 continue
2821 1228 2983 1290 sieri.
3039 1229 3158 1291 Sed
3215 1229 3380 1291 istud
3441 1239 3537 1292 est
3589 1229 3844 1292 salsum.
3901 1232 3963 1293 Si

2471 1327 2644 1388 enim
2685 1345 2783 1388 res
2825 1328 3185 1390 successiva
3225 1334 3290 1390 et
3327 1327 3560 1392 debilis
3601 1329 3966 1391 immediate

2473 1433 2534 1487 et
2564 1426 2804 1507 absque
2845 1425 3223 1489 intermedio
3266 1426 3516 1489 influxu
3557 1437 3970 1490 conservatur

2472 1543 2508 1585 a
2550 1524 2698 1595 Deo,
2733 1532 2971 1606 quanto
3017 1525 3214 1605 magis
3256 1524 3600 1589 nobiliores
3641 1534 3967 1600 creaturae,

2473 1642 2615 1703 quae
2660 1622 2894 1685 habent
2939 1622 3144 1685 fixum
3184 1631 3248 1685 et
3286 1624 3512 1686 stabile
3557 1628 3736 1687 esse?
3765 1662 3848 1671 -
3877 1626 3970 1687 ld·

2475 1721 2646 1782 circo
2677 1721 3226 1803 dicendum,quod
3258 1731 3561 1785 creaturae
3591 1744 3731 1805 quae
3760 1724 3968 1787 solum

867 1818 1203 1883 litudinem
1252 1840 1369 1883 nec
1418 1841 1533 1885 nos
1572 1822 1870 1896 dicimus,
1913 1823 2081 1904 quod
2127 1822 2361 1885 coelum
2399 1822 2446 1885 B
2477 1819 2842 1881 immediate
2875 1828 3318 1900 processerunt
3347 1840 3383 1882 a
3414 1822 3562 1894 Deo,
3596 1840 3971 1885 conservan-

867 1937 1039 1980 nunc
1069 1926 1319 1981 creatur
1346 1929 1453 1982 aut
1484 1921 1768 2001 angelus,
1798 1940 1995 2002 quum
2028 1929 2240 1983 tamen
2273 1938 2364 1982 se-

867 2017 1146 2078 cundum
1188 2017 1277 2079 rei
1317 2018 1648 2080 veritatem
1691 2020 1775 2080 ita
1814 2018 1897 2079 sit
1934 2019 2358 2081 sentiendum.

867 2115 1157 2177 Mensura
1208 2134 1358 2197 ergo
1406 2117 1743 2179 creationis
1795 2124 1891 2179 est.
1940 2137 2117 2177 nunc
2166 2126 2360 2189 stanS,

866 2214 1035 2295 quod
1066 2220 1272 2295 potest
1302 2214 1596 2296 pluribus
1635 2234 1806 2277 nunc
1841 2215 2148 2297 temporis
2187 2233 2365 2277 coex-

864 2312 1124 2390 sistere3
1156 2330 1273 2375 nec
1308 2321 1403 2375 est
1433 2314 1863 2375 necessarium
1898 2314 2154 2396 aliquod
2191 2332 2363 2375 nunc

862 2411 1169 2491 temporis
1192 2410 1294 2472 cui
1322 2410 1529 2491 primo
1554 2410 1907 2483 coexsistat,
1925 2431 2123 2492 quum
2151 2410 2364 2471 nullus

862 2515 1070 2571 motus
1101 2508 1481 2571 creationem
1508 2509 1831 2590 praecedat.
1852 2510 1993 2571 Haec
2019 2509 2359 2570 DuranduS.

944 2607 1034 2668 Ex
1066 2606 1301 2689 quibus
1341 2614 1609 2680 constat,
1643 2607 1813 2688 quod
1847 2608 1913 2668 in
1954 2607 2074 2669 hoc
2105 2625 2366 2669 consen-

860 2706 938 2768 tit
979 2706 1232 2767 Thomae
1281 2706 1449 2786 quod
1494 2704 1661 2767 Deus
1705 2705 1926 2767 eadem
1966 2705 2214 2767 actione
2265 2725 2363 2768 res

863 2810 1033 2867 creat
1062 2811 1125 2864 et
1166 2810 1513 2865 conservat.
1550 2839 1627 2848 —
1659 2803 1879 2866 Cetera
1908 2821 2059 2866 vero
2098 2824 2240 2885 quae
2272 2805 2362 2866 di-

864 2902 951 2964 cit
992 2902 1347 2975 DuranduS,
1382 2902 1711 2983 patiuntur
1755 2901 2142 2964 instantiam.
2177 2902 2362 2964 Nem-

2479 1925 2578 1978 tur
2625 1916 2705 1978 ab
2753 1935 2830 1979 eo
2881 1936 3006 1980 non
3067 1936 3181 1999 per
3230 1918 3550 1981 influxum
3610 1921 3896 1983 medium
3951 1939 3965 1982 ε

2475 2015 2625 2098 quia
2659 2016 2765 2077 ille
2798 2015 3082 2077 influxus
3121 2034 3248 2078 non
3290 2025 3494 2099 potest
3534 2019 3658 2081 dici
3690 2038 3790 2081 res
3831 2040 3970 2081 suc-

2475 2114 2740 2186 cessiva,
2803 2120 2868 2174 ut
2929 2114 3176 2195 patuit23
3229 2134 3346 2178 nec
3403 2135 3502 2178 res
3562 2136 3966 2198 permanens.

2474 2212 2776 2293 quoniam
2821 2221 3139 2294 oporteret
3182 2232 3327 2275 eum
3372 2215 3498 2278 alio
3542 2216 3793 2278 influxu
3841 2236 3971 2279 me-

2477 2312 2582 2373 dio
2631 2312 3016 2385 conservari,
3067 2320 3130 2373 et
3180 2312 3268 2373 ita
3313 2323 3685 2394 argueretur
3732 2316 3811 2378 de
3863 2316 3972 2378 illo

2478 2409 2752 2481 influxu,
2791 2428 2908 2471 nec
2959 2416 3124 2472 esset.
3173 2419 3356 2473 stare.
3399 2412 3726 2487 Praeterea,
3768 2434 3970 2495 quum

2477 2507 2685 2588 majus
2716 2507 2798 2567 sit
2829 2526 2964 2570 rem
3005 2526 3218 2570 creare
3258 2527 3449 2590 quam
3487 2528 3885 2585 conservare,
3917 2513 3972 2574 si

2477 2606 2642 2667 Deus
2703 2613 2909 2687 potest
2964 2626 3077 2668 sua
3124 2606 3358 2670 virtute
3410 2627 3542 2670 rem
3605 2610 3973 2674 immediate

2476 2722 2712 2778 creare,
2750 2712 2956 2786 potest
2998 2724 3136 2766 eam
3181 2713 3245 2768 et
3286 2706 3424 2768 sine
3469 2708 3680 2771 medio
3725 2728 3976 2771 conser-

2475 2821 2641 2865 vare.
2696 2803 2855 2865 Hinc
2905 2802 2970 2865 in
3025 2803 3189 2866 libro
3243 2805 3322 2867 de
3373 2805 3612 2880 CausiS,
3665 2807 3974 2871 vicesima

2478 2900 2932 2983 propositione,
2985 2901 3256 2963 habetur
3291 2920 3305 2963 ε
3343 2903 3514 2965 Inter
3559 2922 3754 2986 agens
3803 2908 3970 2987 quod

864 3018 945 3081 pe
974 3000 1144 3080 quod
1174 2999 1283 3072 ait,
1318 3000 1487 3081 quod
1527 2999 1879 3061 secundum
1912 3000 2243 3062 veritatem
2278 3001 2363 3062 ita
2402 3004 2445 3067 C
2475 3000 2602 3080 agit
2648 3018 2762 3080 per
2799 3018 2938 3061 esse
2981 3018 3170 3060 suum
3214 3008 3276 3062 et
3317 3001 3556 3063 factum
3597 3022 3811 3078 suum,
3845 3024 3972 3067 non

864 3098 947 3160 sit
976 3098 1405 3170 sentiendum,
1437 3097 1605 3178 quod
1640 3116 1738 3159 res
1771 3098 2075 3179 quamdiu
2106 3108 2204 3160 est
2234 3119 2364 3161 cre-

862 3205 1025 3271 atur,
1056 3196 1311 3259 videtur
1350 3196 1732 3258 concordare
1767 3196 2037 3260 articulo
2068 3198 2363 3260 condem-

865 3302 1014 3357 nato
1070 3311 1198 3377 quo
1254 3294 1509 3367 dicitur,
1562 3294 1727 3355 Deus
1788 3312 1914 3357 non
1978 3295 2121 3375 plus
2181 3296 2360 3377 prius

864 3392 1103 3455 creavit
1151 3392 1635 3473 intelligentiam
1686 3411 1878 3475 quam
1930 3394 2139 3467 modo,
2175 3403 2363 3476 prout

863 3492 1065 3571 tangit
1125 3491 1493 3553 RicharduS.
1558 3492 1881 3563 Praeterea,
1940 3491 2124 3554 aliter
2188 3493 2360 3575 loqui

865 3608 1057 3672 quam
1102 3590 1291 3651 corde
1339 3589 1631 3663 sentitur,
1666 3589 1917 3651 videtur
1964 3609 2103 3651 esse
2152 3592 2361 3673 dupli-

866 3688 1045 3760 citas,
1078 3688 1261 3753 dolus
1292 3696 1353 3749 et
1394 3686 1657 3761 falsitas,
1692 3707 1892 3769 quum
1936 3706 2009 3749 ea
2038 3708 2178 3770 quae
2213 3698 2362 3751 sunt

867 3786 932 3848 in
980 3804 1157 3859 voce,
1209 3786 1337 3847 sint
1386 3793 1548 3848 notae
1596 3794 1661 3847 et
1708 3786 1887 3866 signa
1944 3804 2165 3849 eorum
2220 3808 2361 3869 qum

866 3893 1016 3947 sunt
1057 3884 1123 3947 in
1168 3892 1416 3962 ment-e3
1448 3892 1636 3965 atque
1680 3891 1747 3945 ut
1791 3886 2015 3947 asserit
2057 3885 2250 3959 Plato,
2283 3887 2360 3948 ad

866 3984 986 4045 hoc
1018 3983 1202 4045 nobis
1237 3983 1419 4044 datus
1459 3990 1555 4044 est
1592 4000 1823 4057 sermo,
1858 3990 1929 4045 ut
1969 3985 2176 4046 mutui
2215 4002 2362 4047 con-

867 4090 1090 4164 ceptus
1120 4082 1280 4144 fiant
1312 4081 1565 4143 indicia.
1589 4081 1848 4163 Propter
1876 4082 2046 4163 quod
2081 4082 2364 4164 loquitur

2475 3103 2570 3159 est
2602 3096 2996 3159 continuatio
3027 3116 3234 3179 neque
3267 3118 3365 3160 res
3398 3100 3624 3161 media.
3657 3100 3972 3165 Creaturae

2474 3203 2688 3257 autem
2720 3216 2862 3278 quae
2903 3205 3345 3278 processerunt
3376 3218 3413 3259 a
3443 3198 3570 3261 Deo
3602 3199 3972 3264 immediate

2473 3302 2536 3355 et
2585 3294 2878 3367 mediate,
2931 3302 3388 3357 conservantur
3433 3316 3470 3358 a
3518 3298 3646 3359 Deo
3699 3305 3971 3381 utroque

2476 3393 2662 3455 modo
2697 3410 2710 3453 :
2746 3393 3048 3474 quoniam
3093 3412 3281 3455 causa
3321 3396 3600 3457 secunda
3633 3416 3744 3459 seu
3779 3396 3971 3459 inllu-

2473 3491 2643 3553 entia
2671 3492 2813 3573 ejus
2843 3499 3050 3574 potest
3080 3492 3205 3554 dici
3239 3492 3498 3575 quidam
3532 3493 3815 3558 influxus
3847 3497 3975 3578 pri-

2475 3609 2594 3651 mae
2638 3608 2862 3652 causa).
2897 3626 2977 3634 —
3008 3589 3150 3651 Haec
3199 3590 3565 3654 RicharduS.
3610 3593 3844 3655 Verum
3895 3615 3973 3657 ex

2478 3688 2596 3751 ista
2627 3688 3038 3770 responsione
3070 3688 3248 3769 sequi
3283 3698 3598 3765 censetur,
3623 3694 3792 3773 quod
3824 3711 3973 3755 con-

2476 3786 2715 3848 servari
2743 3806 2781 3847 a
2822 3787 2969 3859 De0,
3005 3804 3129 3848 non
3163 3786 3244 3848 sit
3283 3787 3457 3849 aliud
3489 3808 3680 3871 quam
3719 3789 3800 3852 ab
3831 3792 3976 3873 ipso

2476 3886 2826 3955 creari,nec
2853 3885 3019 3949 reale
3045 3894 3102 3947 et
3131 3885 3494 3948 absolutum
3520 3889 3674 3969 quid
3699 3890 3970 3968 addens3

2475 3991 2540 4045 et
2579 3984 2754 4057 item,
2788 3984 2957 4065 quod
3002 4001 3396 4057 conservare,
3431 3986 3496 4047 in
3540 3986 3668 4049 Deo
3709 4004 3836 4049 non
3882 3989 3975 4050 di-

2476 4090 2575 4144 cat
2605 4082 2919 4144 actionem
2953 4082 3017 4144 in
3052 4082 3190 4164 ipso
3223 4091 3586 4145 manentem
3629 4103 3774 4146 cum
3815 4086 3972 4149 effe-

866 4181 1256 4262 Augustinus
1291 4198 1304 4243 :
1338 4180 1472 4243 Non
1504 4180 1678 4241 aliud
1710 4187 1933 4261 pectus
1965 4188 2153 4262 tegat,
2189 4183 2361 4245 aliud
2395 4186 2444 4247 D
2477 4188 2583 4242 ctu
2613 4189 2870 4243 causato
2901 4181 2965 4242 in
2997 4180 3142 4253 alio,
3179 4180 3266 4241 ita
3295 4181 3463 4262 quod
3493 4182 3660 4244 actio
3688 4183 3798 4245 illa
3827 4204 3973 4247 cau-

867 4280 1085 4359 lingua
1125 4280 1437 4360 proserat3
1469 4279 1639 4360 quod
1682 4287 1778 4340 est
1822 4278 1993 4341 intus
2040 4279 2105 4340 in
2150 4281 2361 4354 corde,

868 4378 988 4439 hoc
1038 4376 1205 4439 l'oras
1254 4384 1434 4438 sonet
1483 4376 1550 4438 in
1603 4394 1778 4437 voce.
1813 4376 1941 4438 Nec
1990 4377 2149 4439 ratio
2198 4378 2367 4439 valet

870 4474 1169 4537 Durandi.
1206 4474 1415 4537 Creari
1466 4493 1742 4556 namque
1786 4492 1912 4536 non
1962 4484 2058 4537 est
2110 4477 2364 4557 proprie

869 4572 1105 4637 habere
1152 4591 1293 4635 esse
1339 4591 1377 4634 a
1424 4572 1736 4646 Creatore,
1780 4573 1891 4635 sed
1940 4573 2152 4654 potius
2201 4575 2364 4637 acci-

870 4690 1020 4753 pere
1045 4690 1183 4734 esse
1213 4690 1250 4732 a
1282 4671 1409 4733 Deo
1438 4688 1513 4733 ex
1546 4670 1749 4733 nihilo
1778 4690 1891 4732 seu
1925 4672 2101 4734 nullo
2130 4691 2364 4755 suppo-

869 4770 1026 4848 sit03
1062 4778 1251 4851 atque
1295 4776 1365 4830 ut
1407 4768 1779 4843 Alexander,
1820 4770 2262 4833 Bonaventura
2302 4780 2364 4834 et

867 4868 978 4930 alii
1016 4869 1278 4941 addunt,
1313 4867 1511 4929 creari
1550 4874 1647 4929 est
1684 4886 1856 4929 nunc
1896 4868 2186 4950 accipere
2225 4888 2364 4937 esse

868 4986 905 5029 a
948 4966 1261 5039 Creatore,
1309 4967 1775 5048 praesupposito
1824 4967 2019 5029 nullo.
2067 4967 2366 5030 Creatura

868 5071 1083 5127 autem
1115 5082 1243 5125 non
1271 5063 1506 5145 accipit
1543 5082 1681 5125 6336
1711 5084 1747 5126 a
1778 5065 1905 5127 Deo
1936 5064 2056 5126 nisi
2092 5065 2155 5126 in
2191 5086 2366 5126 nunc

874 5181 1000 5245 quo
1027 5170 1277 5225 creatur
1309 5179 1323 5223 :
1360 5162 1500 5224 ideo
1530 5161 1761 5225 falsum
1792 5170 1908 5237 est,
1943 5163 2111 5245 quod
2147 5183 2365 5245 quam-

874 5262 984 5324 diu
1024 5268 1120 5323 est
1160 5279 1307 5323 vere
1352 5268 1617 5323 creetur.

2476 4288 2572 4341 set
2617 4278 3119 4360 permanentiam
3163 4286 3466 4341 creatura>
3508 4279 3574 4341 in
3618 4300 3756 4343 esse
3799 4301 3918 4345 suo
3953 4302 3966 4344 :

2475 4378 2643 4460 quod
2673 4385 2883 4440 tamen
2908 4377 3099 4459 paulo
3128 4384 3274 4438 ante
3293 4376 3644 4440 Richardus
3673 4382 3968 4443 asseruit.

2907 4703 3381 4778 QUAESTIO
3419 4705 3582 4770 VIII

2619 4967 2810 5029 Ctavo
2899 4966 3340 5049 principaliter
3424 4968 3752 5049 quaeritur,
3839 4971 3970 5036 An

2644 5066 2855 5131 Deus
2920 5067 3111 5144 agat
3180 5068 3507 5146 propter
3565 5066 3828 5148 finem,
3889 5072 3977 5134 et.

2475 5164 2818 5328 qualiter
2867 5163 3186 5231 bonitas
3237 5162 3409 5243 ejus
3455 5165 3566 5230 sit
3611 5167 3972 5232 omnium

2536 5278 2587 5327 n
2623 5277 2684 5327 3.
