4334 6242
1192 513 1257 558 IN
1295 513 1518 559 Lunum
1559 513 1602 559 11
1645 512 2126 560 SENTENTMRUM.
2170 531 2251 542 ·--
2292 515 2445 561 msT.
2493 515 2513 560 1
2556 514 2765 560 sum
3442 494 3518 559 41

418 685 740 750 deorsum
776 686 846 750 in
889 688 1062 750 terra
1108 687 1578 750 habitationem
1619 688 1963 750 constituit
2003 706 2017 748 ε
2059 688 2356 768 utrisque
2393 688 2686 770 regulam
2725 689 3072 770 imponens
3110 689 3521 770 obedientiae,

419 806 754 885 quatenus
784 807 850 867 et
877 805 976 868 illi
1015 805 1096 868 ab
1125 822 1200 868 eo
1239 804 1354 868 ubi
1392 806 1597 884 erant,
1629 822 1763 867 non
1803 805 2136 886 caderent3
2179 805 2245 867 et
2271 805 2381 867 isti
2410 804 2493 868 ab
2522 822 2597 868 eo
2632 804 2745 868 ubi
2785 805 2990 885 erant,
3018 805 3100 868 ad
3136 805 3204 867 id
3241 804 3356 868 ubi
3391 825 3524 870 non

419 923 637 1000 erant,
682 922 1126 986 ascenderent.
1173 922 1358 985 Fecit
1398 920 1620 1004 itaque
1667 922 1848 986 Deus
1901 921 2237 984 hominem
2291 939 2374 984 ex
2421 921 2669 1003 duplici
2720 922 3109 1002 substantia,
3155 940 3393 1003 corpus
3444 923 3525 986 de

419 1036 601 1099 terra
651 1054 1077 1118 componens,
1128 1037 1416 1101 animam
1463 1055 1614 1101 vero
1663 1038 1743 1100 de
1795 1036 2004 1099 nihilo
2055 1037 2322 1101 faciens.
2374 1038 2531 1101 Ideo
2577 1039 2777 1101 etiam
2828 1038 3030 1102 unitae
3082 1039 3237 1101 sunt
3286 1039 3525 1104 animae

421 1153 842 1234 corporibuS,
881 1155 957 1217 ut
1003 1155 1072 1217 in
1120 1155 1216 1219 eis
1261 1156 1401 1218 Deo
1451 1155 1866 1232 famulanteS,
1911 1154 2230 1234 maj0rem
2280 1157 2653 1220 mereantur
2699 1173 3029 1218 coronam.

503 1405 584 1468 L.
627 1410 802 1471 Post
843 1411 1405 1474 sacramentum
1455 1409 1870 1482 Trinitatis,
1911 1413 1998 1470 de
2045 1410 2403 1471 creatura
2452 1408 2846 1481 tripartita
2895 1413 3259 1484 nuendum
3305 1412 3455 1487 est,-

1203 1527 1275 1588 et
1312 1529 1531 1598 prius
1577 1530 1662 1588 de
1707 1527 2061 1601 dianiori,
2105 1528 2182 1587 id
2226 1526 2335 1588 est
2378 1528 2741 1600 anaema.

559 1751 664 1813 Ex
709 1751 1074 1832 praemissis
1118 1755 1408 1833 apparet,
1448 1751 1834 1814 rationalem
1885 1752 2247 1812 creaturam
2296 1747 2364 1808 in
2413 1747 2773 1828 angelicam
2812 1747 2878 1810 et
2917 1747 3275 1812 humanam
3324 1749 3529 1814 fuisse

418 1867 808 1930 distinctam
863 1887 880 1928 :
930 1884 1210 1947 quarum
1267 1868 1470 1931 altera
1519 1869 1618 1930 est
1665 1867 1800 1929 tota
1853 1864 2241 1947 spiritualia,
2290 1863 2358 1924 id
2415 1864 2515 1926 est
2568 1863 2897 1945 angelica3
2950 1863 3153 1926 altera
3208 1883 3291 1928 ex
3345 1869 3529 1947 parte

417 1983 793 2064 spiritualis
831 1984 897 2046 et
938 2001 1020 2046 ex
1065 1985 1247 2064 parte
1295 1983 1674 2065 corporaliS,
1715 1983 1783 2045 id
1820 1984 1921 2046 est
1965 1982 2279 2045 humana.
2320 1979 2540 2053 Quum
2589 1980 2812 2060 itaque
2854 1980 2934 2043 de
2973 1981 3079 2043 his
3115 1982 3528 2046 tractandum

417 2099 536 2178 sit,
577 2097 830 2162 scilicet
885 2099 965 2162 de
1021 2099 1346 2180 spirituali
1395 2101 1460 2162 et
1514 2099 1836 2181 corporali
1893 2097 2209 2178 creatura,
2254 2097 2336 2159 de
2387 2096 2690 2160 rationali
2746 2097 2811 2159 et
2866 2097 2946 2160 de
3003 2114 3136 2160 non
3184 2098 3524 2182 rationali3

417 2215 642 2295 primo
687 2213 768 2278 de
805 2215 1109 2278 rationali
1157 2217 1228 2287 et,
1266 2215 1616 2296 spirituali,
1658 2216 1726 2277 id
1765 2217 1864 2279 est
1899 2216 1980 2279 de
2026 2215 2301 2296 angeliS,
2343 2214 2670 2296 agendum
2708 2215 2990 2295 videtur,
3032 2217 3105 2278 ut
3142 2233 3181 2278 a
3229 2217 3526 2280 contuitu

418 2330 754 2393 Creatoris
791 2331 874 2393 ad
912 2332 1355 2412 cognitionem
1394 2333 1704 2396 creaturae
1747 2331 2066 2413 dignioris
2102 2331 2270 2393 ratio
2308 2333 2532 2394 nostra
2567 2331 2885 2411 intendat,
2917 2331 3153 2395 deinde
3194 2332 3277 2395 ad
3313 2333 3527 2396 consi-

413 2446 829 2509 derationem
872 2463 1224 2528 corporeae,
1257 2449 1394 2511 tam
1437 2448 1617 2511 illius
1656 2465 1806 2528 quae
1853 2443 1952 2510 est
1997 2446 2359 2526 rationaliS,
2394 2464 2593 2528 quam
2639 2447 2821 2511 illius
2857 2465 3005 2528 quae
3053 2464 3184 2510 non
3232 2449 3333 2510 est
3368 2449 3526 2510 rati-

414 2561 660 2639 onaliS,
711 2562 1084 2643 descendat,
1134 2565 1212 2626 ut
1263 2564 1604 2627 Trinitatis
1659 2564 1962 2627 increatae
2020 2565 2504 2627 sacramentum
2560 2564 2902 2645 tripartitae
2963 2565 3275 2628 creaturae
3333 2563 3524 2645 eique

414 2680 880 2743 concretorum
923 2681 1119 2762 atque
1165 2681 1685 2762 contingentium
1731 2680 2045 2760 sequatur
2088 2679 2582 2743 documentum.

1946 2947 1997 3008 A
2027 2945 2320 3008 cessitate
2364 2954 2626 3019 naturae,
2661 2948 2771 3009 sed
2814 2966 2889 3009 ex
2935 2947 3191 3030 propria
3238 2947 3521 3012 bonitate

2025 3062 2098 3106 ac
2131 3044 2332 3106 libera
2361 3045 2685 3108 voluntate
2721 3065 2735 3109 :
2768 3053 2832 3107 et
2863 3045 3031 3107 circa
3066 3046 3188 3109 hoc
3219 3049 3522 3129 exprimit

2026 3162 2282 3204 causam
2334 3143 2595 3205 finalem
2656 3143 3072 3206 institutionis
3120 3153 3310 3226 atque
3361 3146 3523 3228 plas-

2027 3241 2323 3304 mationis
2382 3242 2783 3304 rationalium
2842 3249 3271 3304 creaturarum
3310 3261 3325 3322 ;
3385 3263 3523 3326 spe-

2026 3339 2273 3401 cialiter
2312 3358 2482 3413 vero,
2516 3359 2630 3401 cur
2667 3339 2871 3402 factus
2910 3341 2994 3402 sit
3030 3341 3243 3416 homo,
3278 3361 3519 3424 curque

995 3023 1354 3090 SUMMA

696 3191 1307 3248 DISTINCTIONIS
1372 3192 1641 3248 PRIMAE

548 3432 940 3506 OSTQUAM
979 3433 1043 3495 in
1081 3433 1289 3517 primo
1326 3434 1487 3498 libro
1517 3437 1594 3498 de
1626 3436 1753 3500 Deo
1787 3456 1919 3500 cre-

562 3539 735 3593 atore
783 3539 1120 3594 tractatum
1169 3540 1287 3606 est,
1331 3533 1437 3596 hic
1483 3535 1561 3596 de
1611 3536 1915 3598 creaturis

411 3636 724 3691 tractatur
766 3650 780 3693 :
822 3638 886 3691 et
929 3630 1140 3712 primo
1184 3631 1250 3692 in
1289 3633 1593 3712 generali,
1634 3636 1915 3697 secundo

413 3727 484 3789 in
534 3727 822 3809 speciali,
865 3728 1274 3792 distinctione
1327 3732 1626 3806 secunda,
1675 3733 1740 3794 in
1789 3753 1916 3814 qua

412 3825 494 3888 de
537 3825 781 3906 angelis
824 3827 1051 3907 agitur.

493 3923 784 4005 Denique
843 3923 907 3986 in
959 3924 1220 3989 exordio
1277 3924 1702 3990 distinctionis
1761 3948 1916 4010 prae-

409 4021 614 4084 sentis
674 4022 885 4104 primo
942 4023 1123 4104 ponit
1182 4023 1520 4097 intentum,
1579 4024 1913 4089 affirmans

2028 3437 2350 3500 rationalis
2393 3438 2607 3500 anima
2651 3438 2897 3520 corpori
2944 3439 3023 3500 sit
3069 3440 3264 3501 unita.

2106 3635 2287 3698 Circa
2314 3635 2449 3697 haec
2479 3636 2557 3697 ad
2589 3635 2861 3698 litteram
2895 3637 3220 3719 quaeritur,
3246 3637 3371 3701 Cur
3399 3640 3523 3721 pri-

2026 3752 2130 3795 mo
2170 3734 2461 3795 tractavit
2499 3735 2576 3797 de
2617 3734 2906 3798 Creatore
2950 3754 3141 3818 quam
3185 3739 3514 3812 creaturis,

2023 3851 2225 3914 quum
2276 3840 2485 3894 tamen
2544 3841 2757 3896 nostra
2805 3834 3080 3914 cognitio
3126 3855 3163 3897 a
3211 3837 3517 3900 creaturis

2023 3929 2310 4011 incipiat,
2343 3937 2407 3992 et
2445 3932 2851 3995 connaturale
2896 3933 2978 3994 sit
3015 3933 3094 3994 ab
3136 3933 3519 4016 imperfecti-

2022 4029 2243 4092 oribus
2282 4030 2359 4091 ad
2400 4028 2778 4111 perfectiora
2821 4032 3265 4105 conscendere,
3312 4033 3441 4097 imo
3478 4055 3517 4097 a

411 4121 617 4182 Deum
654 4138 794 4182 esse
835 4120 1124 4182 omnium
1158 4127 1514 4191 ,creatorem
1553 4141 1631 4184 ex
1671 4131 1912 4207 tempo·
1946 4126 1991 4189 B
2021 4124 2327 4190 sensitiva
2375 4127 2600 4189 notitia
2640 4129 2718 4190 ad
2761 4128 3253 4192 intellectualem
3301 4149 3516 4212 proce·

407 4218 620 4293 re,vel
653 4219 866 4299 potius
897 4218 1089 4281 simul
1121 4238 1268 4281 cum
1300 4227 1606 4303 tempore,
1628 4221 1716 4284 ita
1743 4225 1911 4305 quod

405 4335 538 4379 non
586 4317 668 4379 ab
717 4325 972 4380 aeterno.
1027 4318 1266 4382 Deinde
1317 4319 1487 4382 circa
1534 4322 1655 4383 hoc
1704 4321 1912 4404 primo

403 4413 693 4477 excludit
737 4416 1012 4479 Platonis
1053 4435 1356 4492 errorem,
1390 4420 1684 4500 ponentis
1729 4420 1912 4502 plura

405 4513 734 4595 principia
765 4515 1044 4578 increata
1067 4533 1082 4577 τ
1107 4516 1406 4598 quocirca
1436 4517 1732 4592 declarat,
1754 4519 1910 4600 quid

398 4612 492 4674 sit
540 4630 780 4684 creare,
831 4621 896 4674 et
945 4612 1216 4694 qualiter
1264 4613 1691 4694 distinguatur
1737 4636 1774 4678 a
1821 4617 1909 4679 fa-

399 4709 642 4783 ctione,
681 4709 834 4772 item
875 4711 1045 4792 quod
1086 4710 1202 4774 soli
1246 4713 1581 4774 conveniat
1618 4715 1781 4794 De03
1813 4732 1910 4777 os-

398 4809 612 4871 tendit
655 4826 934 4890 quoque,
968 4810 1137 4889 quod
1181 4809 1391 4872 facere
1435 4818 1497 4872 et
1541 4829 1747 4892 agere,
1781 4832 1908 4875 non

397 4895 766 4969 secundum
811 4907 1101 4969 eamdem
1161 4908 1470 4971 rationem
1521 4911 1909 4973 conveniunt

399 5005 538 5066 Deo
573 5011 638 5065 et
667 5003 996 5066 creaturis.
1033 5004 1270 5068 Deinde
1307 5006 1588 5069 excludit
1627 5026 1908 5071 errorem

399 5101 786 5175 Aristotelis,
830 5103 1142 5164 mundum
1186 5103 1267 5166 ab
1311 5112 1546 5168 aeterno
1595 5105 1794 5168 fuisse
1834 5125 1908 5170 ac

401 5219 662 5281 semper
722 5198 1012 5261 futurum
1071 5219 1210 5263 esse
1267 5204 1580 5284 ponentis
1641 5206 1910 5287 Insuper

2022 4226 2189 4288 dere.
2214 4225 2306 4287 Ad
2339 4225 2458 4287 hoc
2488 4225 2925 4289 Bonaventura
2954 4229 3315 4308 respondet,
3344 4231 3513 4311 quod

2021 4342 2120 4386 res
2165 4343 2291 4387 non
2342 4331 2546 4407 potest
2592 4326 2884 4407 cognosci
2935 4327 3057 4388 nisi
3101 4337 3515 4408 cognoscatur

2019 4421 2161 4502 ejus
2201 4422 2593 4505 principium
2631 4443 2644 4486 :
2679 4443 3007 4506 quumque
3046 4426 3211 4488 Deus
3252 4426 3335 4488 sit
3375 4428 3513 4489 uni-

2019 4539 2349 4583 versorum
2405 4521 2796 4604 principium
2856 4522 3160 4604 primum,
3213 4531 3383 4586 recte
3433 4527 3511 4588 de

2020 4618 2158 4700 ipso
2202 4627 2414 4680 actum
2460 4627 2556 4681 est
2599 4619 2825 4701 primo.
2872 4621 3046 4682 Unde
3094 4641 3267 4683 nunc
3309 4623 3511 4685 deter-

2019 4715 2301 4778 minatur
2329 4718 2406 4779 de
2447 4717 2773 4790 creaturiS,
2808 4719 3159 4780 secundum
3200 4720 3369 4801 quod
3409 4739 3508 4784 co-

2016 4813 2218 4894 gnitio
2249 4815 2359 4876 Dei
2391 4815 2887 4878 adminiculatur
2916 4835 3134 4879 earum
3164 4817 3503 4897 agnitione.

2016 4911 2140 4973 Alii
2181 4913 2423 4987 dicunt,
2456 4914 2624 4994 quod
2668 4914 3071 4997 philosophia
3104 4923 3166 4976 et
3195 4915 3510 4997 theologia

2015 5010 2311 5090 opposito
2377 5012 2563 5074 modo
2626 5013 2998 5095 procedunt.
3066 5013 3270 5087 Quum
3332 5014 3506 5076 enim

2017 5108 2421 5190 philosophia
2450 5111 2533 5172 sit
2562 5111 2839 5173 humana
2868 5118 2931 5173 et
2960 5111 3271 5194 acquisita
3304 5112 3507 5175 scien-

2016 5206 2126 5279 tia,
2159 5226 2236 5269 ex
2275 5207 2853 5290 imperfectioribus
2882 5217 2945 5270 et
2976 5209 3389 5272 sensibilibus
3427 5212 3504 5273 ad

405 5298 613 5372 docet,
635 5297 820 5379 -quod
851 5297 1018 5360 Deus
1049 5307 1278 5361 cuncta
1315 5301 1613 5383 produxit
1643 5321 1769 5366 non
1800 5323 1908 5366 ne·
1940 5304 1984 5368 C
2018 5304 2399 5387 perfectiora
2446 5313 2510 5368 et
2553 5306 3006 5369 intellectualia
3055 5307 3291 5388 surgit3
3338 5308 3508 5372 theo-
