4334 6242
319 755 1166 844 DISTINCTIONUM
1229 756 1519 843 LIBRI
1586 755 2029 843 SECUNDI
2096 755 2909 844 SENTENTIARUM
2974 755 3589 843 DESCRIPTIO

901 1083 960 1133 In
1013 1095 1125 1147 quo
1176 1082 1356 1146 aperit
1409 1082 1650 1134 formam
1701 1082 2001 1143 tractandi,
2047 1083 2393 1153 praemittens
2445 1083 2699 1148 quaedam
2746 1082 3029 1146 generalia
3071 1082 3139 1132 de
3181 1085 3567 1134 creaturarum
3604 1082 3813 1148 produ-

507 1123 846 1176 pmoemium
931 1153 1135 1215 ctione,
1174 1152 1306 1204 dist.
1347 1155 1394 1204 1.

1633 1226 1890 1286 Quando,
1927 1226 2041 1286 ubi,
2079 1226 2209 1278 dist.
2241 1227 2289 1276 2.

1263 1298 1554 1350 Creatione
1597 1229 1947 1412 {Quomodm
1988 1297 2118 1348 boni
2159 1313 2231 1348 an
2272 1298 2423 1358 mali,
2466 1298 2594 1348 dist.
2628 1299 2675 1348 3.

1633 1369 1860 1428 Quales,
1903 1370 2134 1434 perfecti
2176 1384 2247 1420 an
2288 1369 2617 1434 imperfecti,
2659 1369 2790 1419 dist.
2830 1369 2879 1418 4.

1633 1440 1693 1491 In
1730 1453 1952 1504 genere,
1985 1441 2181 1505 quales
2223 1441 2405 1491 effecti
2444 1455 2543 1506 per
2580 1441 3003 1492 conversionem
3042 1444 3098 1491 et
3134 1440 3503 1500 aversionem,
3550 1438 3680 1491 dist.
3714 1439 3762 1490 5.

2359 1513 2504 1564 Casu
2545 1526 2871 1563 aversorum
2911 1516 2968 1562 et
3004 1512 3346 1577 praelatione,
3392 1511 3521 1562 dist.
3564 1512 3614 1562 6.

1929 1531 2337 1720 Ανονείοιιθῒ
2356 1585 2599 1635 Arbitrio
2630 1589 2722 1665 et
2718 1583 2992 1644 libertate,
3030 1584 3159 1634 dist.
3186 1585 3235 1633 7.

2355 1658 2440 1707 An
2471 1655 2723 1720 corporei
2754 1655 2839 1704 vel
2872 1654 3203 1720 incorporei,
3236 1655 3363 1705 dist.
3398 1655 3447 1704 8.

2001 1726 2297 1777 Conversi·
2322 1727 2651 1908 {ordii-ium,
2684 1727 2815 1776 dist
2848 1727 2896 1777 9.

2017 1812 2136 1858 one,
2149 1799 2217 1848 de
2235 1799 2307 1849 di·
2361 1799 2683 1858 Nominum,
2720 1798 2849 1848 dist.
2883 1799 2962 1848 10.

2013 1870 2307 1920 stinctione
2360 1869 2687 1920 Officiorum
2718 1870 2789 1920 ad
2819 1868 3093 1928 homines,
3126 1868 3257 1918 dist.
3288 1868 3366 1918 11.

897 1405 1050 1455 Mere
1063 1404 1218 1470 spiri-

921 1477 1104 1536 tualis,
1120 1477 1220 1528 sci-

925 1549 1058 1600 licet
1115 1563 1216 1599 an-

922 1620 1118 1686 gelicoe

1262 1521 1576 1573 creatorum

1283 1592 1354 1643 ad
1397 1593 1618 1786 Deum(

1288 1663 1570 1716 habitudi-

105 1707 440 1760 Secundus
1594 1609 1691 1786 (In
1735 1727 1922 1793 specie

121 1779 264 1830 liber
287 1780 442 1830 Seu-

119 1852 438 1903 tentiamm

121 1923 402 2004 djviditur

123 2009 180 2046 m

1261 1941 1320 1991 In
1350 1941 1654 2000 communi,
1686 1942 1814 1992 dist.
1840 1942 1921 1992 12.

895 2003 1050 2052 Mem
1093 2015 1215 2052 00¹·-
1263 2013 1322 2063 In
1375 2012 1580 2077 specie,
1633 2013 1915 2064 inanima·
2003 2013 2169 2063 Lucis
2212 2016 2269 2063 et
2305 2013 2433 2076 ejus
2476 2013 2697 2072 effectu,
2740 2010 2870 2062 dist.
2918 2012 2992 2060 13.

921 2073 1132 2139 porahs
1290 2084 1358 2135 de
1383 2027 1616 2282 βοείη-ἕ
1659 2088 1845 2135 torum
2004 2085 2137 2135 Coeli
2178 2089 2233 2135 et
2271 2083 2691 2144 elementorum,
2734 2083 2865 2134 dist.
2906 2084 2985 2133 14.

1289 2157 1474 2207 ctione
1595 2027 1922 2282 {Animato-
2001 2156 2206 2208 Anima
2243 2156 2501 2207 rationali
2532 2156 2610 2218 (id
2646 2160 2733 2207 est
2762 2155 3025 2214 hominis,
3059 2155 3120 2204 ut
3151 2153 3296 2204 infra
3325 2151 3580 2218 patebit),
3612 2150 3805 2202 anima

1657 2242 1780 2278 rum
2040 2227 2367 2288 irrationali,
2401 2233 2457 2277 et
2485 2228 2552 2277 de
2582 2227 2774 2292 requie
2805 2226 3060 2291 septimae
3088 2225 3216 2284 diei,
3249 2223 3380 2274 dist.
3413 2224 3495 2273 15.

2001 2299 2351 2358 Effectivum,
2383 2299 2599 2350 scilicet
2636 2299 2835 2354 Deum,
2877 2297 3007 2347 dist.
3042 2297 3121 2347 16.

499 2246 849 2306 Tractatum,

527 2318 586 2369 in
619 2334 732 2402 <1130
761 2319 852 2370 de·
1262 2344 1584 2396 Constituti-

529 2395 800 2442 termnnat
1287 2429 1394 2466 one
1417 2417 1472 2468 in
1498 2433 1582 2469 es-

532 2463 610 2544 de
645 2463 852 2527 produ·
1219 2345 1286 4204 ἓ
1287 2501 1350 2538 se
1404 2504 1582 2554 quan-

533 2536 722 2584 ctione
737 2548 852 2585 cre·
1285 2563 1406 2610 tum
1439 2561 1510 2612 ad

533 2609 716 2657 aturae

1631 2327 1904 2393 Principi-

1658 2413 1752 2449 um

2000 2371 2713 2458 Constitutivumsvffqm’
2746 2369 2876 2420 d¹⁸t
2910 2369 2991 2418 17

2462 2435 2811 2510 (Mulierem,
2844 2440 2974 2491 dist.
3008 2439 3087 2490 18.

1629 2507 2063 2590 conserva-5111
2105 2529 2187 2574 se,
2218 2514 2349 2564 dist.
2385 2515 2463 2567 19.

1653 2577 1863 2629 tionem
1961 2520 2057 2652 (In
2098 2586 2307 2652 specie,
2340 2600 2441 2651 per
2479 2586 2719 2638 filiorum
2758 2584 3203 2650 productionem,
3244 2581 3375 2632 dist.
3408 2581 3493 2632 20.

2690 2657 2771 2706 De
2802 2655 3006 2706 diaboli
3040 2654 3372 2714 tentatione,
3404 2651 3535 2702 dist.
3572 2651 3657 2702 21.

2334 2723 2417 2772 ΒΘ
2465 2721 2633 2786 culpa
2692 2727 2950 2779 Hominis
2980 2724 3451 2788 transgressione,
3481 2722 3612 2774 dist.
3644 2722 3725 2772 22.

2689 2799 2789 2850 Dei
2821 2797 3211 2863 permissione,
3245 2795 3375 2846 dist.
3408 2795 3488 2844 23.

2337 2866 2419 2916 De
2460 2869 2652 2932 poten·
2692 2870 2891 2929 Quoad
2923 2883 3003 2929 se,
3035 2869 3167 2919 dist.
3195 2867 3275 2918 24.

2348 2939 2651 3003 tiaperqua
2868 2940 2953 2991 Ad
3018 2940 3162 2990 alias
3228 2938 3433 2990 animae
3496 2935 3803 3002 potentias,

1989 3035 2050 3085 In
2092 3035 2288 3086 ordine
2355 3014 2507 3060 Stare
2551 3025 2652 3077 ΡΟ·
2904 3012 3033 3062 dist
3072 3011 3151 3060 25.

1915 3039 2108 4126 {aa
2109 3121 2170 3156 se
2353 3082 2482 3141 tult
2525 3095 2650 3146 <11¹ae
2680 3083 2837 3134 Com·
3098 3081 3309 3140 'Quoad
3358 3094 3438 3140 se,
3480 3079 3608 3144 ejus
3653 3079 3806 3130 scili-

897 3026 1099 3078 Mediae
1133 3026 1216 3078 in-

919 3103 1214 3165 torem-9⁰⁸
2356 3154 2464 3205 fuit
2518 3153 2649 3204 libe·
2686 3170 2837 3221 para-
2866 3145 3081 3209 Adgra·
3140 3157 3230 3204 cet
3252 3151 3621 3217 quidditatem
3648 3154 3704 3200 et
3725 3151 3805 3200 ef-

2354 3240 2477 3276 rum
2504 3225 2645 3276 arbi-
2686 3227 2798 3278 tivo
2884 3217 3045 3279 tiam,
3140 3225 3370 3283 fectum,
3403 3222 3535 3272 dist.
3567 3221 3648 3272 26.

923 3171 1098 3222 ralem
1159 3176 1215 3222 et

922 3242 1122 3306 spiritu
1130 3257 1191 3294 a-

916 3313 1037 3394 lem,
1051 3314 1216 3366 homi-
2352 3297 2554 3348 trium:
2578 3297 2645 3346 de
2882 3289 2949 3338 de
2968 3303 3080 3354 qua
3348 3294 3435 3345 Ad
3458 3292 3655 3344 habitu*
3678 3307 3803 3357 gra-

2348 3382 2459 3432 quo
2472 3369 2674 3486 deta-x
2882 3360 2999 3424 agit

2355 3439 2531 3490 minat

3374 3366 3543 3426 tuitu,
3567 3363 3698 3415 dist.
3716 3365 3799 3415 27.

3589 3435 3804 3488 Postla-

3520 3525 3559 3560 1-
3610 3521 3798 3572 psum,

3603 3579 3801 3632 dist.28.

3590 3653 3726 3702 Ante
3738 3651 3805 3704 la-

923 3384 1012 3436 nis
1063 3386 1214 3438 scili-

923 3459 1014 3507 eet
3107 3403 3318 3466 Compa-

3130 3477 3308 3596 ἔθετε
3348 3510 3434 3561 Aa
3498 3509 3535 3560 ι·

3132 3616 3261 3666 dine

1623 3441 1703 3490 De
1743 3454 1916 3505 pecca

1648 3514 1706 3562 to
1734 3511 1942 3577 primo-

1647 3597 1771 3634 rum
1842 3598 1942 3648 pa-

1647 3658 1868 3706 rentum

3366 3581 3559 3632 berum

3374 3653 3522 3703 arbi-

3372 3725 3545 3777 trium
3613 3736 3799 3787 psum,

3606 3793 3800 3847 dist-29.

1975 3865 2060 3915 Ad
2106 3869 2296 3930 poste-

1994 3951 2096 3996 ros,
2103 3938 2168 3987 de
2180 3951 2297 4002 pec-

2334 3867 2676 3926 Quidditate,
2720 3868 2851 3918 dist.
2897 3868 2976 3918 30.

2332 3938 2727 3998 Traductione,
2773 3937 2901 3988 dist.
2945 3939 3024 3987 31.

1255 4011 1576 4062 Destitutio-
1997 4009 2108 4058 cati
2132 4009 2297 4072 origi·
2335 4007 2822 4073 Multiplicatione,
2865 4008 2993 4059 dist.
3035 4007 3111 4058 32.

1270 4098 1336 4134 ne
1351 4097 1580 4150 perpec-
2001 4081 2145 4132 nalis
2338 4079 2640 4140 Deletione,
2684 4079 2811 4129 dist.
2851 4080 2929 4129 33.

1273 4159 1464 4207 catum
2335 4152 2475 4209 Quae
2517 4151 2592 4200 sit
2633 4150 2790 4214 origo
2836 4149 3073 4214 peccati,
3112 4149 3242 4200 dist.
3288 4149 3368 4201 34.

2335 4222 2482 4281 Quid
2513 4221 2587 4272 sit
2616 4235 2741 4287 pec·
2788 4221 2848 4271 In
2884 4235 2965 4282 se,
2990 4221 3120 4272 dist.
3154 4221 3233 4271 35.

1946 4311 2293 5046 {Secundum
2372 4297 2563 4345 catum
2786 4292 3072 4357 Respectu
3094 4291 3327 4343 alterius
3348 4291 3799 4357 peccati,dist.36.

2004 4398 2065 4433 ge
2083 4387 2138 4433 et
2157 4397 2294 4434 suas
2332 4367 2413 4416 De
2446 4365 2632 4415 radice
2662 4364 2878 4429 peccati
2910 4364 3222 4415 secundum
3259 4363 3427 4414 aliam
3457 4363 3798 4429 opinionem,

2002 4469 2212 4505 causas
2365 4437 2495 4488 dist.
2531 4438 2610 4487 37.

1619 4531 1701 4580 De
1740 4544 1938 4594 pecca·
2332 4549 2414 4597 De
2481 4545 2738 4610 subjecto

1645 4601 1722 4682 tis
1749 4604 1936 4650 actua·
2354 4617 2571 4684 peccati

1647 4672 1794 4722 libus
1839 4685 1939 4736 po-

1647 4747 1923 4794 sterorum

2789 4507 2847 4558 In
2879 4506 3167 4558 voluntate
3202 4505 3531 4570 subjective,
3558 4506 3689 4557 dist.
3715 4507 3796 4558 38.

2753 4507 2972 4696 {Quare
3005 4579 3059 4629 in
3086 4578 3394 4639 voluntate,
3420 4591 3528 4627 non
3560 4577 3615 4628 in
3641 4577 3800 4628 intel·

2822 4651 2990 4711 lectu,
3029 4651 3159 4700 dist.
3192 4651 3270 4701 39.

2322 4727 2377 4776 In
2392 4725 2665 4789 genemde
2678 4737 2753 4774 ac
2792 4722 2943 4773 Finis
2978 4721 3300 4781 voluntatis,
3332 4719 3461 4770 dist.
3492 4719 3574 4770 40.

2346 4798 2499 4848 tibus
2515 4797 2679 4848 bonis
2696 4799 2773 4909 et}
2792 4793 3045 4874 Luminis
3088 4793 3214 4874 fidei
3255 4789 3619 4842 intentionem
3670 4791 3799 4843 diri-

2822 4867 3025 4928 gentis,
3058 4864 3188 4914 dist.
3219 4865 3299 4913 41.

2790 4936 2869 4984 De
2904 4934 3119 5000 peccati
3160 4933 3631 4994 distinctionibus,
3664 4934 3795 4986 dist.

2790 5007 3134 5160 Sssbeccatis
3152 5077 3206 5127 in
3223 5076 3489 5143 Spiritum
3506 5075 3799 5138 Sanctum,

2789 5149 3157 5287 Dfflsssbssffig
3186 5218 3477 5286 peccandi,
3512 5217 3640 5270 dist.
3672 5219 3755 5269 44.

1974 4796 2054 4845 De
2071 4796 2291 4846 actibus

2003 4868 2291 4918 exteriori-
2350 4869 2515 4921 malis
2533 4868 2749 4919 ratione

2001 4938 2108 4989 bus
2163 4953 2293 5004 pec-

2002 5009 2113 5061 cati

2332 5077 2394 5128 In
2426 5075 2615 5143 specie
