4334 6242
805 457 926 526 468
1753 476 1927 527 mmm
1969 476 2014 526 11
2055 477 2538 528 suni-auruum.
2582 500 2664 509 —
2703 479 2856 528 msr.
2900 479 2962 528 1x

801 655 1125 736 superiori
1173 655 1429 735 fuisset,
1466 657 1531 719 et
1577 655 1724 719 aliis
1771 655 2068 736 ejusdem
2121 655 2370 718 ordinis
2415 656 2676 737 dignior
2713 656 3093 719 exstitisset.
3136 655 3321 720 Sicut
3370 655 3549 720 enim
3595 673 3771 720 unus
3808 655 3911 719 est

802 771 960 835 ordo
998 771 1494 853 Apostolorum,
1518 774 1585 835 et
1611 773 1774 835 alter
1811 774 2201 852 martyrum,
2224 773 2289 836 et
2324 773 2543 834 tamen
2574 773 2642 835 in
2663 771 3001 853 Apostolis
3030 771 3145 835 alii
3182 771 3333 835 aliis
3360 773 3517 835 sunt
3547 772 3905 853 dignioreS,

800 888 1106 952 similiter
1153 890 1219 952 et
1255 890 1322 952 in
1362 889 1762 970 martyribus
1807 888 1922 951 alii
1959 887 2108 951 aliis
2144 890 2301 951 sunt
2336 889 2707 971 superiores
2737 909 2753 971 ;
2794 889 2886 951 ita
2924 891 2988 952 et
3033 888 3103 951 in
3141 888 3482 952 ordinibus
3520 888 3907 969 angelorum

800 1006 973 1069 recte
1021 1005 1305 1069 creditur
1352 1024 1517 1070 esse.

844 1229 923 1293 G.
982 1233 1344 1298 Quomodo
1394 1232 1594 1295 dicat
1635 1233 2056 1306 Scriptura,
2100 1197 2465 1295 decimum}
2503 1236 2843 1296 ordinem
2889 1248 2984 1295 em
3018 1235 3435 1296 hominibus
3472 1236 3857 1308 compleri,

1601 1364 1824 1424 quum
1867 1365 2017 1414 uon
2061 1351 2213 1413 sint
2254 1353 2405 1414 nisi
2448 1366 2713 1414 novem
2759 1353 3081 1413 ordines,

928 1561 1308 1627 Notandum
1361 1565 1582 1643 etiam,
1625 1565 1802 1645 quod
1847 1564 2146 1628 decimus
2198 1565 2356 1627 ordo
2406 1565 2645 1645 legitur
2692 1564 2773 1628 de
2815 1563 3197 1627 hominihus
3234 1564 3720 1627 restaurandus.
3774 1563 3907 1627 Sed

795 1698 1003 1761 quum
1039 1699 1172 1744 non
1214 1681 1348 1744 sint
1384 1681 1512 1744 nisi
1549 1698 1787 1744 novem
1830 1681 2112 1760 ordines,
2153 1699 2275 1744 nec
2302 1681 2526 1761 plures
2564 1681 2845 1744 fuissent
2881 1680 3077 1744 etiam
3122 1681 3181 1744 si
3230 1680 3326 1743 illi
3376 1680 3491 1761 qui
3529 1680 3905 1744 ceciderunt

502 1815 764 1873 cumn,
793 1798 1253 1879 perstitissent,
1288 1800 1635 1863 moventur
1670 1798 1968 1877 lectores,
2011 1799 2344 1878 quomodo
2394 1798 2729 1879 Scriptura
2770 1798 2965 1877 dicat,
3007 1797 3341 1860 decimum
3380 1797 3677 1860 ordinem
3716 1814 3903 1860 com-

499 1881 610 1924 ⁸⁴⁰·
792 1914 958 1997 pleri
997 1931 1080 1978 ex
1115 1914 1518 1978 hominibus.
1563 1915 1920 1994 Gregorius
1959 1931 2247 1994 namque
2294 1914 2386 1976 ait
2432 1914 2736 1977 homines
2773 1914 3205 1978 assumendos
3245 1915 3314 1976 in
3353 1914 3579 1977 ordine
3630 1913 3903 1994 angelo-

522 2051 763 2108 aragon-‚in
791 2048 938 2094 rum
995 2051 1010 2092 :
1066 2048 1350 2112 quorum
1407 2031 1520 2094 alii
1568 2033 1996 2094 assumuntur
2051 2032 2124 2092 in
2183 2031 2409 2094 ordine
2464 2032 2904 2112 superiorum,
2946 2030 3061 2111 qui
3118 2030 3368 2094 scilicet
3415 2030 3627 2111 magis
3671 2029 3903 2093 ardent

495 2115 762 2230 31¹¹&ss
790 2148 1092 2229 caritate3
1131 2147 1245 2210 alii
1282 2148 1350 2210 in
1384 2149 1610 2211 ordine
1646 2147 2058 2226 inferiorum,
2102 2148 2217 2228 qui
2255 2147 2506 2211 scilicet
2534 2148 2756 2210 minus
2785 2146 3054 2228 perfecti
3086 2148 3261 2210 sunt.
3294 2147 3397 2210 Ex
3426 2163 3557 2228 quo
3602 2148 3895 2229 apparet,

493 2255 540 2284 ¹¹·
565 2245 628 2286 ¹¹·
785 2281 918 2328 non
949 2281 1090 2328 esse
1119 2264 1198 2327 de
1235 2263 1618 2327 hominibus
1656 2263 2076 2326 formandum
2113 2263 2444 2327 decimum
2476 2263 2797 2341 ordinem,
2838 2264 3153 2344 tanquam
3182 2279 3419 2326 novem
3460 2263 3593 2326 sint
3632 2262 3903 2342 angelo-

483 2375 488 2380 ’
784 2398 957 2460 rum,
1001 2381 1066 2443 et
1109 2379 1406 2444 decimus
1460 2379 1835 2458 hominum,
1887 2379 2003 2442 sed
2049 2379 2355 2442 homines
2405 2395 2524 2458 pro
2568 2378 2882 2458 qualitate
2932 2378 3319 2442 meritorum
3388 2378 3770 2442 statuendos
3824 2378 3899 2440 in

786 2496 1126 2560 ordinibus
1177 2496 1582 2578 angelorum.
1627 2495 1819 2568 Quod
1856 2513 2009 2576 ergo
2061 2496 2301 2578 legitur
2338 2496 2635 2559 decimus
2678 2494 2836 2558 ordo
2877 2495 3307 2577 complendus
3354 2496 3437 2559 de
3482 2495 3893 2574 hominibuS,

783 2629 866 2675 ex
905 2613 1022 2675 tali
1068 2631 1268 2676 sensu
1303 2613 1553 2675 dictum
1608 2610 1744 2675 fore
1795 2612 2003 2693 accipi
2054 2613 2295 2692 potest,
2341 2613 2497 2693 quia
2546 2612 2627 2674 de
2664 2610 3047 2675 hominibus
3093 2611 3566 2674 restaurabitur
3601 2610 3779 2693 quod
3821 2611 3897 2674 in

581 2745 600 2766 ·
624 2747 674 2788 ut
783 2729 1035 2809 angelis
1070 2728 1329 2811 lapsum
1370 2731 1490 2807 est,
1524 2729 1604 2792 de
1642 2729 1885 2808 quibus
1922 2729 2020 2791 tot
2059 2731 2442 2792 corruerunt
2478 2727 2695 2790 unde*
2732 2729 2957 2808 posset
2990 2727 3131 2791 fieri
3169 2728 3467 2791 decimus
3507 2726 3689 2790 ordo.
3730 2727 3899 2790 Pro-

531 2861 701 2919 Ephes.
724 2875 752 2914 ι,
780 2846 926 2925 pter
953 2845 1132 2925 quod
1168 2844 1528 2925 Apostolus
1557 2845 1717 2907 dicit
1754 2846 2102 2908 restaurari
2141 2845 2365 2906 omnia
2394 2845 2462 2906 in
2492 2843 2776 2923 Christ0,
2802 2860 2949 2924 quae
2987 2844 3056 2905 in
3095 2843 3276 2906 coelis
3305 2844 3369 2906 et
3406 2861 3553 2924 quae
3593 2844 3661 2905 in
3699 2842 3896 2906 terris

489 2927 555 2967 ω’
780 2962 936 3024 sunt
965 2961 1160 3043 :quia
1187 2979 1302 3042 per
1340 2960 1676 3024 Christum
1714 2961 2126 3042 redemptum
2166 2961 2267 3024 est
2296 2978 2503 3040 genus
2532 2961 2924 3038 humanum,
2948 2959 3027 3022 de
3064 2977 3194 3040 quo
3224 2959 3301 3023 fit
3326 2959 3649 3041 reparatio
3678 2959 3892 3022 ruinae

781 3077 1114 3158 angelicae.
1164 3077 1411 3140 Tamen
1457 3094 1590 3139 non
1637 3077 1860 3140 minus
1897 3077 2259 3140 salvaretur
2304 3076 2529 3156 hom0,
2571 3077 2629 3140 si
2677 3076 2949 3158 angelus
2993 3094 3127 3140 non
3176 3076 3539 3140 cecidisset.

1117 3305 1203 3368 H.
1253 3309 1449 3374 Quod
1492 3310 1825 3371 homine-s·
1879 3280 2366 3372 adsumantur
2404 3311 2635 3382 juoeta
2696 3326 3093 3374 numerum
3152 3314 3539 3387 stantium,

2022 3440 2176 3489 nou
2232 3429 2643 3500 lapsorum.

677 3751 682 3756 ι
911 3665 1061 3729 Non
1101 3663 1279 3729 enim
1311 3665 1503 3745 juxta
1539 3681 1888 3728 numerum
1930 3682 2152 3728 eorum
2193 3665 2307 3746 qui
2346 3665 2741 3746 ceciderunt,
2783 3668 2900 3731 sed
2936 3684 3169 3731 eorum
3204 3667 3318 3749 qui
3356 3673 3885 3751 permanserunt,

487 3799 748 3877 qoegomp.
780 3779 1082 3846 homines
1139 3782 1219 3844 ad
1269 3781 1739 3866 beatitudinem
1800 3781 2259 3844 admittuntur.
2294 3782 2482 3844 Unde
2538 3782 2895 3863 Gregorius
2936 3803 2950 3844 :
2993 3783 3289 3864 Superna
3344 3784 3457 3848 illa
3512 3786 3743 3850 civitas
3798 3805 3889 3850 ex

486 3869 562 3910 ‘²¹²'
779 3899 1029 3980 angelis
1065 3899 1131 3962 et
1166 3897 1550 3974 hominibus
1585 3897 1874 3978 constat3
1916 3897 1998 3959 ad
2037 3914 2238 3977 quam
2278 3897 2605 3960 credimus
2642 3899 2860 3962 tantos
2899 3900 3173 3964 humani
3212 3904 3469 3981 generis
3506 3903 3885 3984 ascendere,

483 4027 750 4076 oenum,
779 4013 1059 4093 quantos
1115 4012 1251 4075 illic
1308 4011 1583 4092 contigit
1631 4011 1900 4091 angelos
1955 4013 2372 4092 remansisse,
2424 4014 2597 4076 sicut
2644 4015 2964 4095 scriptum
3012 4018 3113 4080 est
3158 4017 3227 4080 in
3272 4020 3521 4082 cantico
3560 4021 3890 4098 Deutero-

483 4092 691 4196 {kffl'm
777 4128 986 4192 nomii
1020 4148 1034 4188 :
1068 4128 1313 4192 Statuit
1360 4128 1676 4191 terminos
1711 4127 2111 4209 populorum
2150 4129 2344 4210 juxta
2388 4147 2741 4225 numerum
2788 4133 3171 4212 angelorum
3222 4135 3364 4198 Dei.

1053 4351 1107 4413 Ι.
1166 4353 1476 4419 Quidam
1522 4354 1797 4450 dicunt,
1839 4357 2238 4416 secundum
2280 4368 2678 4419 numerum
2726 4359 3113 4430 lapsorum
3162 4363 3602 4437 anaelorum

1885 4472 2219 4534 homines
2260 4477 2752 4545 reparandos.

905 4679 966 4743 A
1003 4679 1399 4762 quibusdam
1455 4681 1676 4744 tamen
1727 4681 2017 4763 putatur,
2052 4682 2230 4762 quod
2276 4683 2581 4748 homines
2631 4688 3013 4766 reparentur
3050 4687 3245 4770 juxta
3290 4707 3639 4756 numerum
3676 4711 3887 4776 ange-

773 4795 990 4862 lorum
1020 4797 1135 4878 qui
1179 4797 1573 4875 ceciderunt,
1615 4798 1688 4860 ut
1727 4797 1840 4859 illa
1879 4797 2160 4861 coelestis
2200 4799 2431 4863 civitas
2471 4819 2592 4864 nec
2629 4819 2901 4866 suorum
2950 4805 3196 4868 civium
3235 4825 3509 4872 numero
3556 4810 3881 4894 privetur,

771 4933 892 4979 nec
921 4913 1156 4996 maj0ri
1186 4914 1374 4995 copia
1402 4913 1647 4994 regnet.
1681 4913 1872 4986 Quod
1892 4915 2305 4995 Augustinus
2335 4917 2400 4978 in
2432 4917 2811 4982 Enchiridio
2847 4921 3088 4985 sentire
3116 4923 3399 5004 videtur,
3421 4943 3554 4989 non
3582 4945 3887 4995 asserens

774 5033 854 5096 de
904 5031 1285 5095 hominibus
1333 5030 1484 5112 plus
1537 5030 1775 5092 salvari
1833 5048 2032 5112 quam
2082 5032 2327 5094 corruit
2369 5033 2449 5096 de
2496 5035 2769 5115 angelis,
2812 5036 2926 5100 sed
2981 5054 3112 5101 non
3161 5040 3407 5121 minuS,
3448 5043 3541 5105 ita
3582 5044 3807 5110 dicens
3862 5069 3879 5111 z

479 5149 1072 5236 aug.ssnei1i-Superna
1115 5145 1505 5224 Jerusalem,
1547 5146 1756 5208 mater
1801 5149 2047 5227 nostra,
2091 5147 2325 5211 civitas
2371 5149 2518 5229 Dei,
2559 5151 2743 5214 nulla
2791 5153 3037 5217 civium
3074 5173 3349 5220 suorum
3402 5163 3883 5230 numerositate

479 5225 562 5268 ’ω’
585 5238 622 5269 ⁰'
646 5229 714 5272 ²⁹⁶
775 5261 1206 5342 fraudabitur,
1249 5263 1362 5325 aut
1402 5260 1702 5326 uberiore
1750 5263 1949 5326 etiam
1989 5263 2178 5345 copia
2219 5263 2495 5330 fortasse
2532 5267 2849 5348 regnabit.
2892 5269 3121 5353 Neque
3159 5274 3338 5337 enim
3374 5293 3723 5344 numerum
3763 5283 3891 5348 aut
