4334 6242
551 504 638 551 AN
675 503 897 551 ANGRLI
937 504 1080 553 nom
1119 505 1231 552 SEU
1267 503 1416 551 MALI
1455 505 1518 552 m
1555 503 1886 550 Asstmr‘rls
1925 503 2293 552 conrolunus
2333 503 2490 550 VERE:
2528 501 2888 550 ExERcEAN'r
2922 501 3122 550 OPERA
3159 505 3315 551 VITAE
3369 485 3486 550 457

403 696 532 740 ram
581 677 934 740 formamve
986 677 1207 760 praelii.
1240 677 1368 740 Nec
1411 676 1679 740 dubium
1726 676 1885 758 quin
1916 674 1968 738 A
1999 675 2169 758 quod
2228 695 2305 738 ex
2365 675 2843 738 circumstantia
2900 674 3125 738 litterae
3182 672 3331 736 libri
3378 673 3491 738 Ge-

405 794 515 858 per
572 777 870 858 angelum
928 784 1218 838 sanctum
1276 783 1528 838 ostensa
1584 776 1667 838 sit
1722 775 1887 838 visio

398 873 522 936 illa.
566 910 644 919 —
681 875 809 938 Nec
846 875 1063 957 aliquo
1102 874 1290 937 modo
1328 881 1589 956 apparet
1630 881 1886 956 propt-er

398 963 871 1056 quamcumque
917 972 1389 1054 apparitionum
1444 972 1707 1035 istarum
1752 991 1883 1034 cre-

396 1078 570 1132 atum
605 1089 743 1133 esse
784 1079 1028 1133 tantum
1063 1071 1412 1132 exercitum
1443 1088 1740 1132 verorum
1778 1071 1887 1132 ho-

401 1167 670 1241 minum,
710 1177 819 1229 aut
865 1168 1222 1250 aliquorum
1277 1186 1542 1250 corpora
1589 1186 1738 1230 vera
1782 1168 1886 1229 ha-

395 1265 706 1328 bentium.
741 1267 964 1340 Quare,
1007 1268 1172 1330 sicut
1215 1267 1502 1350 praedixi,
1545 1267 1886 1329 multitudo

395 1363 484 1426 ita
519 1383 856 1447 apparenS,
889 1384 1007 1428 nec
1037 1383 1332 1428 verorum
1371 1364 1494 1428 fuit
1525 1365 1883 1439 hominum,

393 1481 513 1525 nec
557 1481 854 1526 verorum
899 1481 1236 1546 corporum
1281 1464 1732 1536 humanorum,
1770 1481 1886 1524 nec

393 1579 689 1624 verorum
741 1579 1052 1644 equorum
1099 1569 1208 1623 aut
1252 1579 1600 1634 armorum,
1643 1561 1754 1642 qui
1795 1579 1890 1622 es-

393 1667 533 1720 sent
581 1659 660 1744 de
707 1677 890 1722 novo.
938 1660 1216 1722 Fuerunt
1262 1677 1410 1740 ergo
1458 1658 1886 1742 apparitiones

393 1757 528 1820 istae
558 1775 636 1820 ex
669 1757 1072 1820 irradiatione
1102 1758 1386 1839 angelica
1422 1777 1615 1840 super
1644 1758 1887 1820 animas

1999 793 2223 854 neseos
2269 774 2452 837 fateri
2498 773 2968 856 compellimur,
3016 773 3185 856 quod
3228 771 3491 835 fuerunt

1998 872 2205 954 angeli
2239 873 2395 947 veri,
2428 891 2554 935 non
2592 873 2903 935 homines,
2936 871 3065 934 Nec
3104 891 3373 954 usquam
3407 871 3491 934 le-

1997 971 2168 1053 gitur
2216 971 2283 1032 in
2332 971 2674 1054 Scripturis
2722 970 2959 1033 divinis
3002 971 3203 1032 Deum
3248 988 3491 1032 creasse

1999 1089 2112 1133 seu
2153 1070 2527 1152 produxisse
2557 1071 2634 1132 de
2667 1088 2831 1132 novo
2871 1069 3163 1132 homines
3201 1068 3339 1131 sine
3370 1067 3493 1130 viri

1998 1186 2072 1230 ac
2114 1167 2371 1230 feminae
2420 1168 2895 1242 commixtione,
2937 1167 3219 1249 exceptis
3266 1165 3493 1249 primis

2000 1266 2395 1348 parentibus,
2454 1275 2517 1329 et
2573 1266 2821 1330 Christo
2878 1284 2955 1328 ex
3006 1266 3265 1346 Virgine
3322 1272 3488 1327 nate.

1999 1365 2175 1427 Unde
2218 1365 2596 1428 Guillelmus
2643 1365 2878 1446 adjecit
2918 1383 2931 1427 ε
2974 1364 3129 1452 Puto
3176 1363 3345 1445 quod
3388 1364 3492 1426 de-

2001 1462 2248 1525 centius
2288 1462 2371 1525 sit
2406 1481 2587 1525 veros
2631 1463 2885 1544 angelos
2931 1462 3072 1524 illos
3114 1461 3332 1524 fuisse.
3364 1459 3493 1524 Nec

2001 1561 2233 1623 veritas
2276 1561 2504 1623 horum
2546 1561 2621 1623 ad
2666 1569 2909 1624 certum
2954 1559 3355 1623 declarabilis
3399 1567 3494 1622 est

2002 1678 2116 1741 per
2153 1660 2289 1723 vias
2330 1660 2775 1742 probationum
2812 1677 2827 1721 :
2861 1660 3011 1721 hinc
3054 1658 3355 1721 sufficere
3396 1677 3493 1720 ar-

2001 1757 2224 1832 bitror,
2270 1759 2505 1821 sentire
2552 1759 2615 1820 in
2667 1758 2766 1820 his
2811 1758 2980 1840 quod
3030 1757 3308 1839 amplius
3351 1775 3495 1819 con-

391 1854 869 1936 Prophetarum,
911 1855 1212 1937 pingente
1257 1876 1330 1918 ac
1373 1857 1772 1919 describente
1821 1856 1885 1917 in
1925 1856 1972 1919 B
2001 1857 2172 1937 gruit
2219 1856 2434 1937 gloriae
2484 1856 2815 1931 Creatoris‚
2858 1863 2921 1918 et
2966 1855 3225 1918 utilitati
3272 1873 3494 1917 eorum

391 1953 484 2016 eis
524 1953 894 2035 hujusmodi
929 1955 1080 2018 visa.
1115 1956 1283 2018 Inter
1312 1975 1454 2038 quae
1483 1954 1607 2018 fuit
1636 1964 1698 2017 et
1726 1955 1890 2024 visio

151 2066 365 2173 ίιιιίιεςῖ;1ιι,
393 2051 727 2133 igneorum
773 2071 1082 2135 equorum
1121 2061 1184 2116 et
1223 2073 1528 2116 curruum
1573 2073 1646 2116 ac
1671 2065 1889 2116 'arma-

187 2145 259 2181 :vn
323 2164 334 2174 .

393 2158 606 2213 torum
655 2158 908 2214 ostensa
958 2152 1185 2226 Eliseo,
1233 2161 1296 2215 et
1343 2153 1421 2215 ad
1470 2153 1610 2234 ejus
1671 2170 1889 2234 preces

392 2266 593 2331 puero
624 2249 1001 2332 suo.Sicque
1034 2259 1188 2332 puto
1215 2251 1694 2332 intelligendum
1723 2250 1888 2333 quod

186 2363 316 2418 1⁸02.
393 2349 470 2410 de
516 2347 928 2410 suscitatione
975 2349 1286 2412 Samuelis
1330 2350 1600 2432 ejusque
1642 2350 1890 2434 appari-

147 2440 256 2477 unu,
271 2432 306 2470 tl
326 2433 368 2471 et

146 2502 214 2543 seq.

395 2447 566 2508 tione
605 2444 771 2508 facta
811 2446 982 2508 Sauli
1027 2447 1158 2528 regi
1196 2455 1408 2509 narrat
1446 2448 1728 2510 historia.
1762 2447 1891 2510 Nec

394 2544 569 2606 enim
601 2543 834 2605 mulier
864 2543 972 2605 illa
1003 2563 1183 2625 maga
1223 2545 1584 2628 pythonica,
1619 2565 1736 2608 nec
1768 2545 1892 2628 spi-

393 2641 554 2703 ritus
583 2642 819 2724 aliquis
858 2642 1086 2716 maluS,
1120 2644 1325 2725 potuit
1357 2643 1466 2706 illa
1503 2645 1758 2707 realiter
1784 2663 1888 2706 ex-

393 2739 638 2813 hibere,
672 2758 874 2822 quum
918 2749 981 2802 et
1025 2747 1310 2822 tempore
1355 2742 1464 2804 illo
1509 2760 1739 2824 corpus
1788 2743 1890 2804 Sa-

393 2837 626 2899 muelis
686 2836 958 2919 jacuerit
1021 2838 1086 2899 in
1149 2840 1442 2921 sepulcro
1501 2841 1884 2903 emortuum.

393 2934 794 2998 Manifestum
857 2943 952 2998 est
1009 2954 1180 3017 erge,
1235 2937 1403 3019 quod
1463 2939 1725 3021 spiritus
1785 2939 1890 3001 ille

2002 1962 2264 2037 propter
2305 1972 2463 2036 quos
2512 1953 2661 2015 talia
2700 1954 2888 2017 fiunt.
2932 1955 3076 2018 Haec
3119 1953 3496 2017 Guillelmus

1999 2053 2388 2116 parisiensis.

2081 2153 2348 2232 Insuper
2394 2151 2471 2212 de
2519 2151 2880 2214 daemonum
2933 2150 3495 2214 commixtionibus

2003 2256 2066 2311 et
2105 2248 2621 2329 generationibus
2673 2249 2937 2331 loquens
2980 2269 2994 2313 ε
3040 2249 3191 2312 Esse
3230 2249 3498 2331 (in‘quit)

2003 2347 2364 2410 daemonum
2399 2345 2778 2410 incuborum
2810 2354 2873 2409 et
2902 2347 3329 2410 succuborum
3361 2346 3499 2409 libi-

2002 2443 2289 2507 dinosam
2322 2444 2997 2526 concupiscentiam,et
3025 2445 3496 2526 generationem

2003 2561 2141 2604 esse
2179 2542 2259 2604 ab
2298 2543 2412 2617 eiS,
2446 2542 2778 2605 credibilia
2814 2541 3177 2604 testimonia
3212 2542 3497 2606 virorum

2003 2658 2076 2702 ac
2125 2640 2469 2703 mulierum
2530 2641 2639 2722 qui
2686 2640 2896 2702 testati
2951 2647 3100 2702 sunt
3155 2659 3223 2702 se
3280 2658 3497 2722 passos

2004 2739 2261 2801 illorum
2296 2738 2641 2814 illusioneS‚
2677 2739 3115 2822 improbitates
3144 2747 3335 2820 atque
3366 2755 3500 2800 mo·

2003 2838 2239 2912 lestiaS‚
2260 2836 2575 2900 famosum
2605 2838 3038 2919 credibileque
3068 2836 3376 2899 fecerunt.
3397 2838 3500 2900 At-

2002 2943 2309 2998 testantur
2337 2953 2585 3018 quoque
2616 2937 2885 3019 antiquae
2913 2935 3189 2998 historiae
3210 2955 3223 2998 :
3244 2953 3500 3017 praeser·

394 3033 778 3115 pythonicus
819 3035 1098 3116 speciem
1137 3035 1446 3098 Samuelis
1486 3037 1891 3118 praesentavit
1928 3035 1971 3098 C
2003 3034 2115 3096 tim
2153 3053 2354 3116 quum
2385 3041 2639 3114 gentem
2669 3035 3041 3097 Hunnorum
3083 3033 3176 3095 sic
3215 3033 3494 3114 genitam

391 3131 610 3194 animo
654 3132 840 3213 regiS,
883 3151 1012 3194 non
1058 3133 1262 3213 ipsam
1307 3133 1637 3196 veritatem
1683 3154 1893 3216 perso·
2001 3151 2160 3207 esse,
2186 3131 2589 3194 orientalium
2622 3149 2957 3212 regnorum
2989 3131 3273 3194 affirmet
3302 3131 3497 3194 histo—

393 3249 492 3292 nae
522 3249 596 3292 ac
627 3229 908 3310 corporis
940 3230 1372 3293 Samuelis.·--
1401 3231 1704 3294 Praeterea
1733 3253 1892 3315 quae-
2003 3232 2117 3304 ria,
2163 3231 2293 3292 imo
2330 3237 2394 3292 et
2437 3236 2630 3292 totam
2684 3229 2954 3292 insulam
3001 3230 3187 3314 Cypri
3232 3230 3496 3313 popula-

151 3341 227 3384 τοι.
252 3357 361 3387 mu.
391 3329 665 3391 stionem
697 3327 885 3390 habet
917 3330 1088 3410 quod
1126 3330 1386 3410 angelus
1417 3330 1692 3412 Raphael
1724 3332 1892 3393 circa
2001 3337 2129 3391 tam
2172 3329 2645 3411 habitatamque
2686 3347 2825 3390 esse
2862 3348 2899 3389 a
2937 3328 3093 3390 filiis
3133 3329 3492 3392 daemonum

391 3426 654 3489 Tobiam
682 3426 1004 3507 juniorem
1043 3427 1272 3508 legitur
1301 3429 1642 3510 peregisse,
1679 3429 1888 3510 ipsum
2002 3426 2384 3488 incuborum
2416 3426 2717 3507 praedicet
2744 3426 2933 3488 fama.
2971 3427 3045 3488 Et
3074 3428 3244 3509 quod
3273 3427 3498 3491 scribit

391 3525 704 3598 ducendo,
737 3525 1139 3606 alloquendo,
1173 3533 1236 3588 et
1279 3526 1662 3600 reducend0,
1705 3527 1758 3588 si
1802 3536 1891 3589 to·
1997 3524 2602 3606 ApostoluS,Mulier
2631 3523 2819 3586 debet
2847 3524 3057 3587 velare
3086 3533 3276 3607 caput
3306 3545 3495 3588 suum
3566 3549 3708 3593 icor.
3730 3562 3786 3600 ιι,

390 3630 530 3684 tum
579 3622 698 3684 hoc
743 3623 903 3685 visio
947 3631 1194 3688 tantum
1244 3624 1387 3698 fuit,
1429 3632 1493 3687 et
1533 3624 1772 3691 factum
1822 3625 1889 3686 in
2001 3631 2260 3705 propter
2303 3623 2581 3704 angeIOS,
2625 3622 3072 3685 intellexerunt
3116 3624 3373 3706 quidam
3416 3625 3493 3686 de
3522 3616 3563 3664 ⁶¹
3590 3615 3653 3656 ¹⁰·

155 4319 242 4362 Gen.
256 4335 362 4374 mn,

141 4392 205 4424 ιιι.

390 3720 788 3802 apparentia,
833 3739 960 3784 non
1008 3722 1075 3784 in
1125 3723 1494 3785 exsistentia
1541 3742 1708 3786 vera.
1761 3723 1887 3786 Nec

389 3818 564 3880 enim
614 3817 840 3880 Tobias
902 3818 1007 3880 ille
1065 3827 1239 3882 tanto
1295 3828 1581 3903 tempore
1639 3820 1763 3884 fuit
1822 3821 1888 3883 in

389 3916 642 3998 spiritu.
692 3950 773 3960 —
820 3917 962 3979 Haec
1010 3917 1408 3981 Guillelmus,
1461 3920 1577 3993 Qui
1637 3920 1713 3982 de
1772 3920 1889 3982 hac

392 4014 659 4076 materia
697 4014 1190 4097 disputationem
1239 4018 1551 4098 protrahit
1591 4017 1656 4078 in
1698 4017 1887 4099 proli-

393 4131 570 4184 xum,
603 4113 682 4174 ad
726 4121 1061 4194 utramque
1102 4132 1374 4194 arguens
1419 4123 1681 4196 partem.

471 4209 823 4273 Introducit
862 4228 1114 4292 quoque
1156 4211 1324 4293 quod
1366 4211 1429 4274 in
1469 4213 1694 4276 Genesi
1737 4214 1890 4276 reci·
1921 4220 1969 4281 D
2001 4213 2242 4288 venire,
2294 4213 2515 4275 multis
2568 4213 2689 4274 viis
2748 4213 3052 4294 probatur

392 4317 564 4370 tatur
588 4309 666 4370 de
695 4309 938 4389 angelis
967 4308 1078 4391 qui
1105 4310 1370 4373 Abrahae
1400 4319 1461 4372 et
1486 4311 1594 4373 Lot
1625 4331 1893 4394 apparu-

394 4408 520 4470 isse
552 4407 866 4488 leguntur.
901 4407 1028 4470 Nec
1070 4416 1282 4470 tamen
1320 4409 1482 4472 hanc
1521 4411 1886 4492 opinionem

393 4505 722 4568 evidenter
750 4515 858 4568 aut
887 4507 1189 4568 assertive
1219 4507 1730 4582 determinat,sed
1763 4518 1892 4573 tan-

394 4605 540 4666 dem
591 4602 677 4665 ita
723 4603 1046 4665 concludit
1097 4621 1111 4665 :
1165 4604 1241 4665 Et
1287 4605 1494 4686 angeli
1544 4606 1738 4685 igitur
1785 4625 1892 4688 po-

393 4710 654 4765 tuerunt
693 4721 830 4765 esse
870 4703 1152 4785 hospites
1183 4703 1301 4765 viri
1345 4704 1545 4766 sancti
1587 4704 1794 4778 istiuS,
1827 4713 1891 4768 et

393 4801 527 4864 veri
577 4801 890 4875 homine5‚
933 4803 1032 4863 vel
1080 4803 1252 4876 novi,
1300 4803 1401 4865 vel
1450 4804 1628 4886 prius
1676 4825 1713 4867 a
1761 4805 1890 4867 Deo

394 4901 587 4964 creati
624 4918 638 4963 ε
675 4900 736 4961 id
767 4907 884 4974 est,
919 4899 1012 4962 illi
1046 4919 1203 4982 quos
1244 4910 1500 4965 sanctus
1533 4904 1890 4985 patriarcha

393 4999 707 5062 Abraham
759 4999 1124 5081 hospitavit,
1176 5008 1517 5082 potuerunt
1565 5021 1702 5065 esse
1753 5003 1886 5066 veri

392 5097 635 5179 angeli3
671 5097 822 5160 item
863 5104 1205 5178 potuerunt
1234 5118 1372 5162 esse
1408 5101 1698 5164 homines
1729 5102 1886 5176 veri,

391 5198 490 5260 vel
523 5206 675 5259 tunc
705 5197 786 5259 ab
816 5196 1250 5278 omnipotente
1284 5200 1410 5261 Deo
1445 5199 1521 5261 de
1563 5217 1726 5261 novo
1757 5219 1890 5262 cre-

393 5297 502 5371 ati,
531 5296 633 5358 vel
664 5304 850 5359 antea
879 5295 1136 5359 conditi.
1168 5333 1248 5342 —
1279 5297 1583 5372 Quocirca
1613 5298 1886 5374 videtur,

1999 3721 2241 3801 angelis
2292 3720 2497 3794 maliS,
2541 3739 2813 3803 quorum
2860 3720 3193 3784 libidinem
3236 3723 3496 3805 opinan-

2000 3827 2103 3880 tur
2147 3819 2561 3882 vehementer
2608 3820 2937 3900 provocari
2984 3837 3057 3881 ac
3107 3819 3496 3883 inflammari

1999 3917 2479 4000 pulchritudine
2524 3917 2934 3980 muliebrium
2980 3917 3374 4000 capillorum.

2078 4015 2314 4077 Verum
2358 4033 2477 4078 nec
2523 4015 3106 4097 concupiscentiam
3150 4034 3266 4078 nec
3310 4034 3495 4096 gene-

2001 4113 2310 4176 rationem
2370 4112 2742 4175 substantiis
2801 4113 2928 4175 illis
2990 4114 3197 4176 inesse
3243 4121 3304 4176 et
3354 4132 3497 4177 con-

3104 4233 3117 4277 :
3170 4213 3321 4295 quia
3379 4233 3497 4276 nec

2002 4332 2257 4376 carnem
2289 4313 2546 4387 habent,
2580 4331 2697 4374 nec
2727 4331 2889 4388 ossa,
2918 4333 3037 4376 nec
3069 4314 3237 4376 vires
3268 4312 3496 4378 animae

2001 4413 2338 4475 sensitivae.
2376 4413 2706 4476 Generatio
2752 4431 3005 4497 quoque
3050 4423 3145 4476 est
3186 4415 3415 4477 similis
3460 4435 3497 4478 a

2001 4510 2219 4573 simili.
2248 4512 2561 4593 Amplius,
2596 4512 2648 4573 si
2687 4513 2972 4593 gigantes
3000 4533 3076 4576 ex
3109 4514 3362 4576 incubis
3392 4534 3496 4577 na-

2001 4611 2047 4671 ti
2087 4617 2257 4683 sunt,
2292 4611 2609 4692 quomodo
2648 4631 2817 4674 nunc
2863 4613 3132 4675 cessavit
3172 4613 3496 4694 generatio

2000 4709 2350 4790 gigantum,
2395 4728 2595 4791 quum
2642 4711 2849 4772 adhuc
2898 4728 3025 4773 non
3073 4719 3276 4773 cesset
3325 4730 3493 4775 com-

2001 4807 2225 4869 mixtio
2266 4807 2691 4870 incuborum?
2719 4809 2853 4871 Jam
2895 4809 3065 4871 enim
3098 4829 3133 4870 a
3164 4810 3339 4872 mille
3380 4819 3497 4873 tre-

2002 4905 2202 4966 centis
2258 4905 2442 4967 annis
2500 4924 2627 4968 non
2686 4914 2783 4969 est
2838 4908 3015 4969 visus
3072 4909 3245 4988 gigas
3303 4928 3496 4991 super

2000 5009 2272 5081 terram3
2314 5009 2503 5085 atque
2544 5003 2610 5066 in
2651 5003 2874 5085 majori
2914 5006 3236 5068 Britannia
3274 5008 3493 5070 multis

2003 5100 2319 5164 interfecti
2359 5109 2508 5164 sunt
2538 5103 2773 5184 praeliis
2813 5122 2927 5185 per
2955 5105 3242 5178 Brutum,
3278 5125 3496 5188 quem-

2001 5201 2144 5262 dam
2191 5201 2419 5263 ducem
2464 5201 2901 5281 Trojanorum,
2936 5222 3134 5284 quum
3175 5211 3347 5266 tanta
3392 5223 3495 5268 eo-

2002 5316 2147 5361 rum
2174 5297 2277 5362 .ibi
2316 5298 2521 5362 fuerat
2553 5300 2917 5376 multitudo,
2953 5309 3021 5364 ut
3050 5301 3240 5366 Terra
3276 5303 3493 5387 gigan-
