4334 6242
1127 507 1330 557 uranu
1373 509 1466 556 srr
1504 505 1751 556 TAM-cu
1793 505 1960 556 nrum
2002 507 2352 556 rnmcirwu
2394 508 2741 557 mem-:Arum
3404 491 3484 556 49

381 695 534 740 nem
583 679 966 742 reducantur
1006 681 1084 743 ad
1133 680 1366 762 ipsum,
1403 681 1612 763 ipsum
1663 699 1884 742 sccun-
1913 680 1962 741 A
1994 680 2325 761 quodlibet
2374 680 2627 742 illorum
2674 688 2840 743 esset
2888 699 3145 742 necesse
3190 699 3326 742 esse
3374 693 3489 761 per

377 776 536 838 dum
579 795 720 838 esse
763 796 952 840 suum
995 796 1122 841 non
1165 780 1493 841 reducitur
1531 779 1596 840 in
1639 777 1882 858 aliquid

373 881 527 936 ante
576 893 644 936 56
690 892 703 934 :
747 876 900 957 quia
947 883 1017 938 ut
1064 877 1222 938 dicit
1269 877 1544 950 BoetiuS,
1592 876 1656 938 in
1707 875 1881 938 omni

373 973 555 1052 quod
597 980 693 1034 est
735 973 894 1036 citra
939 975 1240 1056 primum,
1273 975 1448 1038 aliud
1495 983 1591 1037 est
1627 993 1788 1049 6556,
1821 982 1884 1037 et

373 1071 555 1132 aliud
597 1072 766 1152 quod
812 1080 906 1134 est
940 1091 955 1134 ε
993 1073 1162 1155 quod
1201 1073 1402 1155 aliqui
1446 1081 1672 1136 vocant
1712 1076 1884 1152 quod

375 1179 476 1228 esc
504 1177 568 1230 et
596 1190 722 1248 quo
752 1181 862 1232 est.
888 1171 956 1233 In
988 1171 1196 1254 primo
1225 1179 1438 1234 autem
1470 1172 1604 1236 haec
1634 1172 1882 1254 penitus

379 1267 558 1330 idem
605 1276 774 1330 sunt.
827 1269 895 1330 Id
943 1289 1218 1351 namque
1269 1270 1438 1352 quod
1487 1270 1648 1331 nihil
1696 1269 1886 1332 habet

380 1372 534 1427 ante
573 1385 642 1428 56
685 1367 972 1448 negative
1013 1375 1124 1430 aut
1167 1369 1478 1450 privative
1517 1376 1627 1430 aut
1665 1377 1883 1450 poten-

382 1463 645 1539 tialiter,
679 1472 925 1547 oportet
963 1485 1102 1528 esse
1143 1485 1332 1528 suum
1373 1485 1501 1529 non
1539 1466 1772 1529 habere
1806 1465 1886 1527 ab

381 1561 531 1624 alio.
583 1561 816 1644 Sicque
865 1571 1114 1644 oportet
1162 1564 1330 1645 quod
1381 1582 1519 1626 esse
1568 1583 1757 1625 suum
1807 1564 1889 1625 sit

385 1659 604 1741 ipsum
663 1661 834 1741 quod
891 1668 1009 1734 est,
1059 1681 1172 1724 seu
1223 1662 1542 1743 quidditas
1601 1681 1716 1722 sua
1767 1680 1780 1722 :
1832 1661 1886 1722 si

382 1757 560 1823 enim
603 1758 894 1820 differret
921 1759 1002 1820 ab
1042 1779 1137 1832 ea,
1170 1760 1485 1822 accideret
1522 1760 1882 1841 quidditati‚

1993 796 2059 839 56
2112 778 2345 860 ipsum,
2398 779 2699 860 quoniam
2754 797 2893 840 esse
2941 778 3181 840 nullius
3230 777 3486 840 illorum

1991 877 2377 958 dependeret
2419 877 2500 939 ab
2542 877 2689 940 alio.
2724 877 2955 958 Sicque
2999 877 3255 939 illorum
3294 877 3491 958 quod-

1994 973 2149 1036 libet
2180 993 2431 1036 summe
2461 982 2727 1049 esset,et
2758 974 2845 1036 ita
2872 975 3203 1056 quodlibet
3233 974 3487 1036 illorum

1991 1080 2157 1134 csset
2204 1091 2391 1143 verus
2431 1073 2614 1134 Deus.
2650 1073 2987 1136 Probatum
3028 1080 3241 1134 autem
3282 1080 3378 1134 cst
3420 1073 3488 1134 in

1992 1171 2203 1250 primo
2253 1170 2438 1244 libro,
2483 1171 2883 1253 impossibile
2928 1189 3065 1232 6556
3115 1171 3330 1252 plures
3378 1177 3489 1233 aut
3542 1183 3777 1238 tom.xtx,

1993 1269 2151 1331 duos
2202 1287 2385 1331 veros
2435 1271 2615 1332 Deos.
2664 1305 2744 1316 -
2790 1269 3139 1333 Concordat
3180 1269 3484 1350 AEgidiuS,
3515 1262 3558 1302 Ρ·
3586 1252 3661 1292 ¹⁴⁷
3678 1248 3740 1294 θ’·

1994 1366 2104 1447 qui
2150 1366 2273 1428 ista
2313 1367 2557 1448 prolixe
2601 1368 2894 1430 declarat.

2075 1464 2607 1527 Antisiodorensis
2665 1485 2918 1548 quoque
2970 1465 3332 1546 episcopus,
3384 1465 3493 1528 do·

1998 1563 2211 1624 minus
2262 1562 2665 1637 GuillelmuS,
2718 1563 2783 1624 in
2832 1563 3093 1626 Summa
3140 1583 3275 1636 sua,
3328 1562 3492 1625 libro

1997 1662 2299 1736 secund0,
2351 1660 2587 1723 diffuse
2646 1668 2869 1723 tractat
2918 1661 2994 1723 de
3046 1661 3233 1736 malo,
3284 1669 3491 1723 osten-

1996 1759 2154 1820 dens
2204 1759 2372 1840 quod
2422 1777 2547 1821 non
2594 1759 2675 1820 sit
2723 1759 2967 1840 aliquid
3015 1759 3386 1841 positivum,
3423 1765 3495 1820 ut

380 1865 446 1918 et-
479 1856 740 1918 haberet
773 1856 927 1919 illud
961 1875 1088 1920 non
1118 1878 1156 1920 a
1185 1877 1271 1920 56.
1307 1859 1512 1932 Quum
1543 1877 1692 1940 ergo
1722 1877 1886 1940 quae-
1922 1858 1969 1920 B
1999 1856 2381 1919 Manichaeus
2430 1857 2761 1919 confinxit.
2808 1857 2883 1918 Et
2930 1857 3157 1938 allegat
3201 1857 3495 1939 Augusti·
3578 1923 3583 1928 ,

382 1953 538 2016 libet
594 1974 698 2017 res
747 1955 1166 2036 quiddi'tatem
1226 1976 1405 2019 suam
1461 1956 1685 2020 habeat
1735 1976 1772 2018 a
1819 1976 1886 2018 se

382 2053 763 2128 formaliter,
803 2055 1106 2135 quoniam
1156 2055 1476 2136 quidditas
1525 2055 1616 2117 rei
1665 2063 1760 2116 est
1809 2054 1888 2117 (16

387 2151 718 2214 intellectu
771 2171 844 2214 ac
899 2153 1142 2215 ratione
1200 2153 1446 2235 ipsius3
1497 2160 1670 2234 patet
1718 2153 1888 2234 quod

387 2249 674 2333 primum
720 2251 1112 2334 principium
1157 2269 1274 2313 nec
1316 2252 1670 2314 secundum
1718 2252 1888 2333 quod

387 2357 484 2412 est
511 2367 634 2411 nec
665 2349 1021 2411 secundum
1051 2368 1188 2412 esse
1229 2350 1556 2411 reducitur
1586 2350 1651 2411 in
1691 2350 1882 2411 aliud.

389 2483 466 2493 —
496 2449 690 2510 Porro
717 2466 860 2529 quae
899 2455 1050 2510 sunt
1086 2448 1246 2510 citra
1274 2448 1582 2530 primum,
1615 2468 1652 2510 a
1689 2467 1755 2510 se
1786 2448 1890 2509 ha-

391 2545 544 2608 bent
597 2546 770 2626 quod
816 2553 987 2620 sunt,
1040 2553 1110 2607 ut
1158 2553 1330 2628 patet
1387 2565 1500 2629 per
1553 2547 1670 2609 hoc
1721 2546 1889 2627 quod

391 2643 641 2724 negatio
686 2643 878 2705 habet
923 2643 1420 2706 affirmationem
1465 2663 1718 2707 causam
1765 2645 1884 2706 sui.

391 2741 596 2814 Ouum
626 2741 802 2803 enim
835 2741 1092 2816 dicitur,
1123 2741 1324 2804 Homo
1355 2760 1482 2805 non
1513 2751 1608 2804 est
1637 2742 1887 2821 asinus3

391 2857 580 2902 causa
626 2847 745 2913 est,
779 2839 1082 2920 quoniam
1125 2840 1317 2902 homo
1359 2848 1456 2902 est
1497 2840 1706 2903 homo.
1743 2840 1890 2913 Quae

393 2955 540 3000 vera
584 2944 704 3011 est,
745 2939 882 3000 sive
931 2938 1123 3000 homo
1170 2938 1274 3012 sit,
1317 2938 1451 2999 sive
1501 2956 1629 3000 non
1677 2937 1781 3012 sit,
1814 2955 1891 3000 co

1999 1974 2154 2017 num
2189 1955 2255 2017 in
2286 1955 2451 2018 libro
2482 1962 2699 2018 contra
2728 1955 3071 2037 Epistolam
3101 1954 3493 2017 fundamenti

1999 2053 2316 2116 dicentem
2353 2071 2367 2114 :
2401 2053 2547 2116 ldeo
2593 2054 2899 2136 deceptus
2946 2062 3042 2116 est
3088 2054 3491 2127 ManichaeuS‚

1998 2152 2301 2233 quoniam
2352 2153 2531 2233 prius
2574 2152 2775 2214 voluit
2819 2152 2981 2214 scire
3025 2154 3193 2214 unde
3241 2152 3324 2214 sit
3366 2170 3495 2213 ma·

2001 2250 2156 2323 lum,
2195 2269 2387 2332 quam
2429 2250 2584 2332 quid
2628 2251 2711 2311 sit
2750 2251 3011 2312 malum.
3056 2251 3120 2314 Si
3160 2251 3335 2312 enim
3379 2250 3498 2312 sci-

2000 2347 2195 2410 visset
2245 2348 2413 2429 quod
2476 2347 2713 2409 malum
2774 2347 2938 2410 nihil
2996 2355 3113 2422 est,
3166 2366 3497 2429 nunquam

1998 2445 2258 2527 aliquod
2298 2465 2411 2508 ens
2450 2446 2765 2528 posuisset
2804 2445 3196 2528 principium
3240 2445 3410 2507 mali.

2080 2544 2367 2627 Denique
2415 2543 2725 2606 Hannibal
2764 2543 3032 2606 :Omnis
3080 2543 3348 2626 (inquit)
3398 2563 3499 2606 res

2001 2643 2188 2723 cujus
2232 2644 2508 2706 essentia
2560 2661 2687 2705 non
2734 2651 2831 2705 est
2878 2662 3065 2705 suum
3116 2661 3275 2718 6556,
3310 2642 3501 2705 habet

2000 2761 2140 2805 esse
2180 2761 2369 2804 suum
2408 2742 2490 2805 ab
2528 2742 2653 2804 alio
2693 2741 2817 2804 sibi
2860 2742 3177 2804 influxum
3216 2759 3231 2802 :
3265 2742 3415 2823 quia
3445 2741 3501 2804 si

2001 2860 2140 2903 esse
2172 2841 2261 2904 rei
2294 2848 2390 2903 est
2420 2848 2648 2922 praeter
2680 2840 3020 2903 essentiam
3058 2841 3221 2922 ejuS,
3253 2847 3502 2922 oportet

2002 2940 2174 3022 quod
2203 2938 2263 3002 61
2296 2939 2719 3020 conjungatur
2757 2957 2872 3020 per
2897 2939 3177 3020 aliquam
3218 2957 3494 3001 causam.

393 3038 558 3118 quod
609 3037 703 3098 ibi
747 3037 996 3100 dicatur
1031 3040 1204 3116 quod
1240 3047 1332 3097 est
1373 3037 1450 3099 (16
1494 3057 1620 3116 quo
1663 3046 1774 3099 est.
1816 3037 1892 3098 Et
1928 3041 1972 3105 C
2003 3038 2150 3112 Quae
2194 3037 2453 3118 quidem
2498 3055 2637 3100 6556
2677 3055 2805 3099 11011
2841 3044 3049 3118 potest
3092 3037 3230 3119 ipsa
3272 3036 3362 3099 rei
3402 3055 3501 3099 es-

392 3135 482 3196 516
526 3138 703 3215 quod
740 3145 832 3196 est
874 3155 990 3217 per
1027 3155 1094 3197 se
1138 3135 1350 3217 ipsum
1397 3135 1672 3197 refertur
1709 3134 1785 3197 ad
1824 3153 1892 3196 se

397 3234 630 3315 ipsum,
663 3240 726 3295 et
767 3251 894 3296 non
940 3252 1056 3315 per
1093 3233 1266 3296 aliud
1306 3234 1474 3314 quod
1516 3233 1746 3296 influat
1789 3252 1891 3294 su-

395 3349 508 3413 per
545 3331 785 3413 ipsum.
821 3331 994 3393 Patet
1035 3330 1250 3412 igitur,
1285 3331 1454 3412 quod
1491 3349 1679 3394 omne
1723 3331 1892 3413 quod

395 3438 508 3504 est,
542 3429 738 3492 habet
775 3450 812 3493 a
842 3449 910 3491 56
953 3430 1090 3512 ipso
1128 3430 1298 3511 quod
1338 3437 1452 3492 est.
1488 3430 1639 3492 Esse
1678 3437 1892 3491 autem

395 3547 584 3590 suum
627 3528 987 3591 necessario
1031 3528 1221 3590 habet
1262 3527 1341 3590 ab
1383 3528 1530 3602 alic,
1565 3547 1765 3610 quum
1811 3528 1895 3590 sit

393 3647 468 3689 ex
497 3627 724 3690 nihilo.
763 3627 854 3688 Ex
884 3644 1012 3708 quo
1041 3627 1351 3708 sequitur,
1387 3627 1557 3708 quod
1587 3627 1892 3709 possibile

397 3725 513 3787 fuit
562 3726 640 3788 ad
687 3743 826 3787 6556
869 3733 933 3786 et
975 3725 1053 3787 ad
1098 3742 1226 3787 non
1271 3743 1430 3798 esse,
1470 3734 1532 3787 et
1583 3726 1704 3787 tale
1754 3745 1893 3788 esse

394 3824 612 3886 differt
641 3824 724 3885 ab
753 3842 830 3886 6ο
860 3824 1028 3905 quod
1069 3831 1201 3902 cst3
1234 3831 1296 3885 et
1325 3824 1494 3905 quod
1532 3843 1672 3886 esse
1703 3843 1892 3886 suum

397 3940 518 3984 non
567 3930 665 3984 est
713 3923 772 3984 61
821 3922 1259 3995 substantiale,
1312 3923 1421 3983 sed
1479 3922 1890 3996 accidentale,

398 4022 750 4084 secundum
785 4021 957 4102 quod
987 4020 1376 4084 accidentale
1409 4029 1670 4083 vocatur
1703 4039 1894 4083 omne

402 4121 564 4202 quod
615 4138 744 4183 non
796 4119 1095 4181 convenit
1143 4119 1335 4180 alicui
1384 4137 1501 4200 per
1546 4137 1634 4194 se,
1686 4118 1752 4181 id
1801 4126 1897 4182 est

2003 3136 2228 3209 sentia,
2281 3135 2447 3197 sicut
2505 3135 2871 3216 subjectum
2932 3154 3123 3197 causa
3177 3143 3275 3196 est
3330 3136 3497 3197 acci-

2002 3235 2211 3297 dentis
2258 3250 2273 3295 :
2317 3234 2620 3315 quoniam
2672 3234 2833 3296 nihil
2877 3241 3085 3316 potest
3125 3252 3263 3296 esse
3309 3253 3499 3296 causa

2002 3332 2299 3413 alicujus,
2350 3331 2472 3393 nisi
2534 3351 2648 3414 per
2694 3333 2814 3394 hoc
2865 3333 3034 3414 quod
3092 3351 3231 3394 esse
3283 3331 3493 3394 habet.

2004 3431 2177 3494 Unde
2210 3430 2615 3511 relinquitur,
2650 3431 2821 3512 quod
2850 3430 3195 3512 cujuslibet
3237 3431 3326 3492 rei
3356 3449 3499 3512 quae

2003 3547 2128 3591 non
2174 3537 2270 3592 cst
2313 3549 2501 3592 suum
2545 3547 2705 3603 esse,
2738 3529 2822 3591 sit
2864 3547 3054 3591 causa
3094 3529 3344 3592 essendi
3392 3528 3501 3590 ali-

2003 3628 2156 3709 quid
2203 3636 2564 3709 separatum
2609 3626 2687 3689 ab
2733 3631 2825 3689 ea.
2861 3626 3046 3689 Nulla
3094 3627 3352 3688 demum
3398 3644 3500 3688 res

2003 3733 2213 3808 potest
2254 3745 2393 3788 esse
2437 3726 2625 3806 cujus
2668 3726 2943 3788 essentia
2981 3725 3063 3787 sit
3104 3743 3291 3787 suum
3336 3743 3497 3799 6556,

2004 3825 2128 3887 11151
2175 3845 2300 3887 una
2342 3833 2612 3898 tantum,
2647 3824 2950 3907 quoniam
2994 3824 3187 3905 hujus
3232 3824 3323 3886 rei
3362 3842 3501 3886 6556

2005 3942 2132 3986 non
2172 3924 2427 3985 additur
2454 3923 2647 3986 alicui
2688 3941 2801 4004 per
2841 3923 3010 4004 quod
3050 3922 3371 3984 dividatur
3399 3921 3500 3984 vel

2005 4022 2413 4084 contrahatur
2462 4040 2477 4084 ε
2530 4021 2698 4083 sicut
2747 4039 2875 4082 non
2924 4028 3138 4102 posset
3186 4038 3327 4082 6556
3374 4019 3501 4081 nisi

2006 4139 2132 4182 una
2160 4119 2387 4182 albedo
2417 4126 2701 4203 separata
2730 4137 2842 4181 seu
2874 4137 2990 4200 per
3018 4137 3085 4180 se
3120 4117 3495 4180 subsistens,

403 4218 752 4280 secundum
794 4216 963 4298 quod
1005 4217 1240 4297 ipsum,
1274 4217 1384 4278 sed
1428 4235 1542 4297 per
1576 4217 1892 4290 accidens,
1925 4224 1976 4285 D
2005 4217 2411 4299 Relinquitur
2464 4235 2634 4298 ergo,
2686 4217 2855 4298 quod
2915 4233 3042 4278 non
3099 4223 3307 4298 potest
3360 4233 3501 4278 6556

406 4318 462 4378 1(1
509 4323 610 4380 est
655 4314 737 4377 ab
783 4315 927 4378 alio.
962 4315 1295 4396 Quumque
1341 4332 1532 4377 omne
1569 4334 1696 4391 per
1736 4317 1897 4374 acci-

405 4419 560 4475 dens
605 4414 948 4476 reducatur
991 4413 1070 4474 ad
1111 4431 1238 4489 per
1284 4433 1370 4482 se,
1407 4413 1623 4476 omnia
1672 4432 1897 4475 secun-

407 4513 552 4575 dum
601 4530 744 4574 6556
793 4531 980 4574 51111111
1041 4512 1434 4573 reducuntur
1481 4512 1558 4573 ad
1611 4512 1896 4594 primum

409 4611 796 4694 principium
847 4618 1148 4692 tanquam
1199 4611 1274 4672 ad
1325 4629 1602 4673 causam.
1636 4646 1717 4656 -
1754 4611 1898 4674 Haec

410 4710 751 4772 UdalricuS.

483 4807 562 4870 At
589 4826 744 4871 vero
772 4807 942 4870 dicta
980 4807 1144 4871 Petri
1175 4807 1252 4869 de
1281 4807 1641 4870 Tarantasia
1673 4808 1750 4870 dc
1781 4808 1900 4870 hac

415 4906 778 4986 quaestione,
813 4906 878 4967 in
925 4904 1338 4987 praeinductis
1384 4904 1597 4967 verbis
1645 4905 1900 4970 Thomae

417 5004 833 5066 continentur.

489 5101 796 5164 Similiter
837 5101 1010 5164 dicta
1055 5100 1349 5164 Ric-hardi
1397 5101 1474 5164 dc
1521 5101 1897 5176 Mediavilla,

418 5201 520 5279 qui
547 5199 722 5263 addit
757 5217 772 5261 :
806 5200 871 5262 Si
902 5206 1116 5262 essent
1146 5189 1272 5262 duo
1312 5199 1630 5282 principia
1660 5207 1902 5261 creatu·

421 5317 618 5363 rarum
666 5317 940 5383 quorum
993 5319 1194 5362 unum
1239 5319 1366 5364 non
1410 5307 1574 5363 esset
1621 5299 1701 5362 ab
1752 5299 1898 5375 alie,

653 5434 718 5486 T.
756 5435 837 5486 21.

2006 4316 2130 4379 nisi
2180 4334 2379 4378 unum
2420 4316 2810 4395 increatum3
2854 4323 2917 4377 et
2953 4333 3068 4397 per
3106 4332 3501 4397 consequens

2009 4416 2075 4476 in
2107 4415 2319 4497 ipsum
2352 4413 2517 4476 sicut
2548 4414 2614 4476 in
2647 4431 2902 4476 causam
2935 4421 3184 4495 oportet
3214 4432 3315 4475 res
3346 4413 3502 4475 alias

2008 4531 2230 4577 omnes
2260 4512 2498 4574 reduci.
2533 4512 2675 4574 Haec
2706 4511 3037 4574 Hannibal.
3071 4544 3153 4556 ·—-
3182 4511 3377 4591 Cujus
3408 4529 3503 4573 re-

2009 4611 2268 4693 sponsio
2326 4610 2611 4692 procedit
2670 4611 3023 4672 secundum
3071 4610 3243 4672 viam
3291 4609 3505 4672 dicen-

2008 4710 2193 4782 tium,
2239 4705 2409 4792 quod
2457 4726 2596 4771 6556
2644 4715 2707 4770 et
2753 4708 3028 4770 essentia
3076 4708 3142 4770 in
3196 4706 3502 4769 creaturis

2009 4807 2263 4870 realiter
2303 4806 2630 4869 differunt.
2667 4807 2841 4868 Unde
2884 4813 2947 4868 et
2989 4806 3152 4868 hanc
3191 4805 3500 4866 rationem

2009 4907 2199 4969 etiam
2231 4905 2553 4968 Avicenna
2582 4904 2648 4966 in
2678 4923 2793 4966 sua
2820 4904 3243 4986 Metaphysica
3276 4903 3498 4984 tangit,

2010 5005 2279 5068 Thomas
2322 5020 2597 5085 quoque,
2638 5003 2920 5084 AEgidius
2962 5010 3025 5064 et
3067 5003 3309 5065 Petrus.

2089 5103 2413 5176 Praeterea,
2455 5109 2673 5164 contra
2719 5108 3083 5182 praetactam
3130 5100 3499 5163 Manichaeo-

2012 5219 2154 5263 rum
2196 5198 2533 5281 perfidiam
2572 5199 2869 5261 dominus
2904 5197 3306 5274 GuillelmuS,
3338 5198 3501 5260 Pari-

2013 5298 2242 5361 siensis
2281 5297 2640 5378 episcopuS,
2674 5297 2739 5358 in
2778 5296 2989 5378 primo
3023 5297 3347 5359 volumino
3383 5315 3499 5360 suo

3216 5431 3249 5483 4
