4334 6242
185 1761 321 1806 Est-ch.

150 1839 255 1877 mut,
290 1832 346 1870 li.

161 3435 367 3492 Hermu,

660 495 865 544 (mum
903 494 1127 544 ANGELI
1170 493 1504 544 Porunmm·
1545 491 1837 548 PECCARE,
1880 489 1953 538 ΕΤ
1994 488 2115 546 QUA
2160 484 2367 536 SPECIE
2409 486 2658 536 Pacem
2698 485 2894 545 ATQUE
2935 487 3232 544 Quantum
3269 516 3288 534 .

3382 463 3496 532 321

392 664 793 746 imperialem
849 688 862 732 :
914 674 1151 750 quanto
1208 665 1408 747 magis
1468 663 1729 746 angelus
1790 662 1895 724 ille
1926 661 1977 724 A
2006 661 2194 734 dicat,
2229 679 2354 722 non
2395 660 2578 740 longe
2616 679 2653 722 a
2697 659 3141 741 probabilitate
3181 659 3503 733 consistet,

391 762 916 845 imperitissimus
957 765 1205 839 fuisset,
1239 764 1293 826 si
1322 764 1400 825 ad
1432 763 1541 825 Dei
1584 761 1895 843 adspiras-

390 868 487 922 set
534 863 1011 944 aequalitatem?
1059 863 1376 945 AmpliuS,
1432 862 1719 943 ignorare
1770 877 1896 921 non

388 960 601 1040 potuit
641 961 799 1042 quin
843 970 1014 1024 tanta
1052 971 1219 1024 esset
1254 981 1368 1024 sua
1405 981 1441 1022 a
1476 959 1765 1022 Creatore
1805 958 1899 1019 di-

386 1057 641 1133 stantia,
693 1067 763 1121 ut
804 1078 921 1122 nec
969 1078 1222 1140 genere,
1267 1059 1395 1120 imo
1434 1076 1551 1119 nec
1602 1056 1899 1139 praedica-

388 1163 611 1219 mento
649 1156 707 1220 ci
748 1158 1289 1240 appropinquaret
1322 1175 1336 1220 τ
1371 1157 1512 1219 ideo
1553 1163 1799 1217 certum
1837 1152 1894 1216 ei

386 1254 535 1330 fuit,
577 1275 707 1320 non
754 1257 881 1320 nisi
928 1276 1043 1340 per
1088 1277 1217 1320 suae
1267 1256 1638 1320 substantiae
1687 1273 1898 1317 corru-

390 1353 679 1433 ptionem
738 1374 997 1438 suaeque
1046 1355 1285 1437 speciei
1348 1353 1765 1417 mutationem
1818 1352 1895 1415 ad

390 1451 705 1515 Creatoris
738 1453 1112 1534 dignitatem
1145 1472 1257 1516 seu
1289 1453 1714 1536 aequalitatem
1758 1469 1898 1533 pos-

388 1569 457 1612 se
504 1552 884 1633 pertingere.

470 1649 537 1712 Si
596 1657 811 1712 autem
869 1650 1013 1732 quis
1071 1652 1261 1725 dicat,
1320 1651 1488 1732 quod
1546 1650 1771 1712 videns
1828 1667 1895 1710 se

389 1747 793 1828 signaculum
858 1748 1299 1811 similitudinis
1358 1749 1472 1811 Dei
1531 1767 1659 1830 prae
1718 1746 1894 1809 omni

2006 779 2207 841 quum
2251 767 2314 820 et
2361 757 2772 821 manifestum
2822 758 2903 820 sit
2946 758 3238 820 homines
3281 757 3358 819 ad
3403 758 3507 819 do-

2007 857 2293 920 minandi
2328 857 2660 918 libidinem
2692 875 2829 919 esse
2864 864 2990 918 tam
3022 864 3358 938 pron08,ut
3389 874 3508 918 nec

2008 957 2256 1040 magnis
2321 956 2722 1018 subditorum
2793 955 3318 1018 multitudinibus
3380 955 3510 1018 sint

2008 1054 2312 1128 contenti,
2351 1053 2479 1117 imo
2511 1053 2658 1116 totis
2689 1053 2939 1127 studiis,
2965 1053 3210 1115 viribus
3239 1071 3313 1116 ac
3342 1051 3510 1116 frau-

2007 1151 2196 1216 dibus
2229 1153 2723 1216 dominationem
2754 1172 2928 1214 suam
2959 1152 3024 1214 in
3056 1153 3270 1234 plures
3301 1161 3510 1215 exten-

2007 1253 2156 1314 dere
2187 1252 2510 1315 enitantur
2543 1269 2557 1314 :
2591 1270 2959 1334 quanquam
2989 1271 3027 1313 a
3056 1259 3230 1314 tanta
3257 1269 3510 1334 perver-

2008 1350 2194 1413 sitate
2228 1350 2434 1432 angeli
2466 1357 2640 1412 tanto
2675 1350 2924 1431 longius
2959 1368 3099 1412 esse
3133 1349 3503 1424 debuerant,

2007 1457 2247 1531 quanto
2308 1457 2370 1512 et
2434 1469 2469 1511 a
2531 1449 2812 1512 tenebris
2875 1449 3243 1530 ignorantiae
3305 1455 3368 1511 et
3425 1448 3506 1511 ab

2007 1548 2301 1628 originali
2361 1548 2770 1630 corruptione
2827 1548 3021 1610 creati
3077 1555 3226 1610 sunt
3275 1547 3508 1610 immu-

2008 1665 2120 1708 nes
2167 1667 2242 1709 ac
2293 1647 2498 1709 liberi.
2544 1647 2671 1709 Nec
2715 1647 2899 1709 video
2945 1647 3218 1729 qualiter
3261 1647 3508 1729 primus

2008 1745 2114 1806 ille
2154 1754 2451 1827 peccator
2491 1764 2760 1827 praeesse
2803 1745 3023 1818 voluit,
3058 1763 3183 1808 non
3221 1745 3504 1819 subesse,

390 1854 701 1920 creatura,
744 1846 1016 1942 inaniter
1060 1849 1343 1909 elevatus
1396 1848 1461 1908 in
1510 1847 1711 1928 gloria
1758 1845 1897 1928 pul·
1932 1844 2129 1907 Bnisi
2183 1845 2371 1906 modo
2422 1852 2738 1926 praetacto.
2787 1843 3184 1906 Difficillime
3233 1862 3509 1926 namque

388 1944 775 2006 chritudinis
814 1965 887 2007 ac
919 1945 1363 2008 similitudinis
1399 1954 1525 2007 tam
1564 1947 1640 2007 ad
1682 1946 1892 2027 ipsum

388 2043 637 2105 Patrem
666 2062 861 2124 quam
898 2045 976 2106 ad
1014 2044 1153 2125 ejus
1196 2043 1451 2117 Filium,
1485 2043 1687 2105 voluit
1718 2042 1895 2104 filius

386 2141 634 2216 haberi,
668 2160 868 2223 quum
906 2161 973 2204 se
1010 2142 1417 2205 simillimum
1447 2141 1612 2204 Patri
1645 2141 1893 2222 conspi-

386 2247 579 2302 ceret.
617 2240 709 2302 Ex
739 2240 860 2302 hoc
892 2240 1084 2322 igitur
1115 2241 1318 2303 voluit
1348 2240 1568 2302 haberi
1601 2238 1798 2313 tilius,
1832 2248 1897 2302 et

386 2338 709 2400 recusavit
740 2357 879 2401 esse
910 2358 1131 2401 servus
1168 2359 1181 2402 ε
1218 2357 1343 2401 non
1386 2338 1556 2420 quod
1597 2337 1896 2400 essentia-

388 2435 533 2498 liter
571 2444 683 2499 aut
722 2436 1141 2518 personaliter
1182 2437 1452 2500 volucrit
1493 2454 1631 2498 esse
1672 2435 1897 2517 Unige-

386 2533 562 2596 nitus
611 2534 831 2608 PatriS,
876 2534 985 2596 sed
1030 2535 1197 2596 sicut
1248 2535 1405 2616 ipsc,
1453 2534 1517 2596 in
1561 2534 1682 2595 hoc
1725 2535 1895 2616 quod

389 2648 515 2694 non
556 2631 869 2706 subesset,
906 2633 1015 2695 sed
1060 2640 1311 2694 tantum
1356 2641 1656 2714 praeesset
1698 2633 1898 2694 omni-

388 2730 509 2793 bus
559 2749 629 2792 se
678 2729 1111 2805 inferioribus,
1158 2731 1701 2813 quemadmodum
1751 2729 1897 2793 Uni-

388 2829 642 2910 genitus
703 2828 919 2891 Patris,
985 2829 1182 2910 Cujus
1244 2829 1614 2909 exemplum
1676 2836 1773 2890 est
1830 2829 1893 2890 in

392 2929 816 3011 magnatibuS‚
880 2929 989 3011 qui
1049 2929 1462 2992 vehementer
1520 2929 1773 2992 exaltati
1835 2937 1898 2991 et

2008 1943 2278 2024 maj0res
2314 1945 2390 2005 ad
2425 1945 2746 2006 minorum
2783 1962 2856 2005 ac
2894 1942 3297 2006 subditorum
3328 1943 3508 2006 obse-

2004 2043 2153 2124 quia
2187 2041 2592 2117 inclinantur,
2618 2042 2742 2105 nisi
2776 2042 2886 2104 Dei
2919 2061 3183 2104 munere
3212 2041 3512 2123 adjuven-

2005 2149 2130 2216 tur,
2166 2150 2230 2203 et
2269 2161 2382 2204 sua
2419 2141 2640 2204 officia
2677 2161 2750 2204 ac
2783 2141 3122 2223 dignitates
3156 2140 3510 2205 difficulter

2006 2249 2305 2323 reputant
2346 2259 2540 2324 onera
2584 2261 2742 2304 esse.

2086 2341 2479 2414 Praeterea,si
2510 2347 2830 2423 quaeratur
2861 2340 3028 2402 unde
3059 2339 3353 2402 Lucifero
3383 2348 3517 2402 tan·

2007 2447 2107 2501 tus
2138 2458 2332 2502 ausus
2367 2447 2620 2520 tamque
2655 2439 3047 2501 intoleranda
3078 2439 3506 2522 praesumptiO,

2010 2545 2079 2598 ut
2122 2537 2399 2601 Creatori
2445 2538 2708 2601 subesse
2753 2538 2941 2600 modo
2989 2538 3291 2619 praedicto
3333 2539 3514 2601 nolu·

2008 2635 2163 2714 erit3
2205 2637 2578 2718 responden,
2612 2637 2765 2718 quia
2793 2637 3007 2718 ipsum
3040 2655 3309 2717 praeesse
3339 2643 3514 2699 tanta

2009 2734 2275 2797 libidine
2306 2736 2364 2797 ei
2397 2735 2805 2816 complacuit,
2839 2742 2908 2796 ut
2943 2733 3206 2797 subesse
3245 2752 3372 2796 non
3410 2755 3514 2797 cu-

2009 2833 2263 2905 raverit,
2295 2834 2623 2896 adhaerens
2666 2833 2786 2914 ipsi
2828 2852 3100 2915 praeesse
3139 2851 3354 2896 amore
3384 2851 3511 2895 non

2009 2932 2219 2994 solum
2263 2950 2582 3014 perverso,
2616 2933 2725 2994 sed
2767 2932 2956 2994 etiam
3002 2931 3204 2994 nimio
3243 2940 3306 2994 et
3351 2951 3514 3014 pene

390 3027 679 3090 honorati
728 3047 765 3088 a
813 3027 1093 3109 regibus,
1138 3046 1410 3109 praeesse
1456 3028 1680 3090 volunt
1728 3026 1893 3100 aliis,
1936 3028 1980 3092 C
2011 3030 2252 3093 insano.
2286 3031 2544 3113 Propter
2586 3031 2756 3113 quod
2803 3049 2918 3113 pro
2963 3038 3115 3092 tunc
3158 3048 3286 3093 non
3327 3030 3510 3106 vidit,

392 3134 454 3188 et
500 3145 903 3208 nequaquam
946 3125 1209 3188 subesse
1256 3127 1532 3205 eisdem3
1576 3125 1896 3188 interdum

394 3242 647 3307 quoque
698 3223 937 3286 servire
987 3233 1265 3286 renuunt
1310 3232 1375 3286 et
1416 3224 1678 3286 subesse
1728 3224 1820 3286 eis
1863 3243 1897 3286 a

395 3322 633 3404 quibus
678 3322 768 3383 ita
810 3329 958 3385 sunt
998 3322 1307 3384 honorati.
1342 3323 1530 3386 Porro
1576 3323 1678 3384 lex
1721 3322 1899 3385 Crea-

398 3420 571 3494 toriS,
622 3438 815 3501 quam
865 3420 1151 3483 Christus
1210 3421 1525 3502 expressit
1572 3440 1644 3482 ac
1696 3420 1895 3483 adim-

396 3519 617 3602 plevit,
650 3524 747 3580 est
776 3524 845 3580 ut
874 3518 1110 3599 quibus
1149 3520 1593 3602 unusquisque
1626 3537 1895 3601 praee-sse

396 3616 669 3690 videtur,
711 3615 840 3678 illis
884 3615 1158 3679 maxime
1200 3617 1434 3679 serviat
1474 3617 1897 3699 subditusque

397 3715 717 3779 consistat.
772 3714 847 3776 Et
894 3721 1047 3776 tunc
1106 3715 1380 3796 quisque
1431 3715 1548 3778 rite
1597 3735 1670 3779 ac
1726 3724 1897 3779 recte

398 3813 794 3877 multitudini
837 3821 1085 3894 praeest,
1117 3814 1271 3876 dum
1314 3815 1377 3876 in
1409 3814 1643 3878 officiis
1682 3815 1898 3897 injun—

397 3913 511 3976 ctis
563 3912 904 3991 diligenter
952 3929 1025 3973 ac
1069 3910 1351 3974 fideliter
1401 3913 1595 3975 servit
1637 3914 1751 3986 eiS,
1794 3915 1897 3976 vel

398 4011 608 4094 potius
656 4010 936 4075 Creatori
986 4010 1052 4072 in
1101 4009 1559 4092 gubernatione
1613 4011 1891 4076 illorum.

398 4111 640 4174 Primus
690 4128 841 4174 vero
890 4110 997 4172 ille
1046 4117 1331 4192 apostata
1388 4111 1741 4173 econtrario
1789 4112 1897 4176 ha-

2010 3130 2179 3210 quod
2216 3148 2365 3192 vere
2407 3136 2468 3192 et
2511 3131 2630 3192 rite
2673 3128 2934 3191 subesse
2979 3128 3061 3191 sit
3098 3147 3248 3191 vere
3289 3149 3515 3211 praees-

2007 3245 2110 3306 se3
2154 3235 2218 3290 et
2249 3229 2414 3311 quod
2460 3228 2818 3290 mirabilius
2859 3236 2976 3302 cst,
3009 3246 3136 3290 non
3179 3229 3379 3290 sensit
3414 3227 3514 3309 ju—

2008 3326 2396 3388 cunditatem
2429 3345 2619 3408 quam
2651 3325 2842 3388 habet
2872 3326 3144 3389 servitus
3173 3326 3507 3400 CreatoriS,

2007 3443 2149 3506 quae
2191 3424 2776 3504 incomparabiliter
2813 3423 3020 3505 major
3049 3430 3145 3486 est
3174 3443 3367 3506 quam
3408 3425 3513 3486 de-

2009 3522 2262 3584 lectatio
2293 3540 2474 3604 quam
2509 3523 2784 3584 somniat
2811 3542 2884 3584 ac
2917 3522 3220 3584 mentitur
3249 3521 3514 3585 ambitio

2008 3621 2075 3683 in
2120 3620 2489 3701 hujusmodi
2531 3619 2675 3681 falsi
2724 3621 3004 3682 nominis
3047 3620 3504 3685 dominatione.

2007 3719 2085 3781 Et
2113 3718 2409 3800 quamvis
2439 3735 2627 3780 omne
2659 3717 2886 3780 vitium
2918 3717 3293 3780 obtenebret
3322 3737 3510 3783 suum

2006 3816 2393 3898 subjectum,
2441 3815 2720 3878 maxime
2768 3823 2980 3877 tamen
3028 3815 3318 3890 ambitio,
3367 3836 3508 3899 quae

2006 3915 2412 3998 appropriate
2460 3933 2627 3977 caeca
2668 3922 2930 3976 vocatur
2973 3931 2986 3976 :
3029 3932 3172 3996 quae
3215 3923 3278 3977 et
3321 3923 3509 3979 tantae

2006 4013 2427 4076 vehementiae
2475 4011 2598 4074 fuit
2643 4013 2708 4075 in
2756 4011 2952 4093 impio
2996 4012 3128 4086 illo,
3162 4013 3332 4094 quod
3381 4022 3508 4076 tam

2010 4111 2440 4174 illuminosam
2487 4110 2626 4191 ejus
2671 4110 2929 4173 caecavit
2970 4111 3324 4175 scientiam.

398 4209 531 4273 buit
590 4230 681 4284 se,
734 4209 955 4273 volens
1014 4208 1313 4272 omnibus
1368 4227 1435 4271 se
1485 4208 1896 4274 inferioribus
1930 4213 1979 4275 D
2089 4209 2154 4272 Si
2193 4209 2453 4271 demum
2493 4208 2639 4290 quis
2677 4208 3026 4271 admiretur
3063 4210 3338 4291 qualiter
3381 4218 3510 4274 tam

399 4326 505 4390 per
543 4316 838 4371 naturam
879 4326 1151 4390 praeesse
1191 4326 1264 4370 ac
1307 4307 1641 4383 dominari,
1674 4316 1736 4370 et
1779 4328 1895 4372 nec

398 4407 548 4488 ipsis
608 4425 728 4468 nec
777 4406 1054 4469 Creatori
1116 4407 1180 4468 in
1242 4406 1527 4489 ipsorum
1583 4407 1896 4489 regimine

400 4505 735 4578 deservire,
770 4505 936 4568 sicut
980 4514 1044 4568 ct
1082 4505 1491 4587 Unigenitum
1541 4506 1651 4568 Dei
1698 4507 1898 4569 domi-

399 4605 525 4666 nari
570 4603 927 4686 conspexit,
964 4603 1174 4686 ipsum
1222 4604 1456 4666 imitari
1503 4605 1720 4668 volens
1760 4625 1898 4688 per-

402 4703 889 4785 verse.Denique
922 4703 1055 4766 haec
1085 4711 1181 4764 cst
1211 4704 1591 4785 perversitas
1623 4705 1687 4766 in
1718 4707 1895 4768 omni

401 4801 773 4882 praesidente
817 4808 1047 4874 creato,
1090 4801 1263 4862 aliud
1306 4821 1589 4883 quaerere
1634 4803 1699 4863 in
1749 4803 1898 4864 sub-

402 4899 566 4974 ditis,
599 4918 796 4982 quam
843 4898 1119 4961 Creatori
1173 4899 1421 4980 placere
1464 4907 1653 4983 atque
1704 4901 1898 4963 servi-

403 5017 485 5072 re,
518 5007 581 5060 ct
628 4999 785 5080 ipsis
832 4998 1147 5079 prodesse.
1192 4997 1480 5070 Quaerere
1523 5008 1735 5061 autem
1782 5019 1895 5063 seu

402 5115 605 5160 amare
644 5097 857 5178 ipsum
900 5095 1243 5170 dominari,
1271 5104 1665 5177 quaestumvc
1695 5098 1895 5160 alium

403 5214 473 5258 cx
503 5195 837 5275 subjectiS‚
871 5194 1185 5257 diabolica
1225 5195 1605 5276 perversitas
1646 5216 1718 5258 ac
1750 5197 1897 5259 seri-

404 5313 481 5356 na
514 5293 765 5358 exsistit
800 5293 1131 5378 rapacitas.
1165 5294 1489 5375 -Itaque
1532 5295 1582 5356 si
1626 5295 1713 5358 ita
1752 5297 1897 5378 quis

647 5427 713 5479 T.
750 5427 830 5478 21.

2008 4307 2222 4371 subito
2279 4324 2502 4388 rapere
2558 4306 2766 4388 quivit
2822 4305 3188 4370 Luciferum
3249 4309 3509 4373 honoris

2010 4406 2183 4469 illius
2224 4405 2496 4468 illusorii
2535 4405 2965 4488 pulchritudo,
2999 4406 3280 4469 attendat
3313 4427 3506 4490 quam

2009 4506 2134 4569 cito
2183 4513 2372 4586 atque
2421 4504 2695 4567 faciliter
2751 4504 3162 4586 pulchritudo
3217 4507 3506 4570 mulieris

2007 4604 2213 4687 rapiat
2262 4604 2327 4666 in
2388 4623 2455 4666 se
2505 4603 2889 4686 sapientium
2945 4604 3169 4682 corda;
3223 4605 3504 4686 ipsaeque

2006 4704 2266 4766 seminae
2330 4703 2651 4765 interdum
2709 4721 2786 4764 ex
2847 4721 2961 4764 sua
3025 4703 3504 4784 pulchritudine

2006 4811 2135 4866 tam
2181 4803 2426 4864 intense
2466 4820 2540 4863 ac
2580 4801 2752 4862 fatue
2793 4802 3204 4876 extolluntur,
3241 4809 3310 4862 ut
3346 4801 3503 4864 alias

2007 4908 2332 4983 spernant,
2375 4908 2438 4962 et
2485 4898 2565 4961 ab
2614 4898 2985 4961 hominibus
3033 4918 3194 4980 pene
3243 4900 3505 4982 cupiant

2008 4999 2275 5062 adorari.
2311 4998 2746 5081 Multipliciter
2773 5017 3028 5084 quoque
3057 5005 3321 5074 constat,
3357 5017 3506 5081 qua·-

2010 5100 2153 5160 liter
2193 5097 2455 5179 quidam
2502 5098 2594 5159 sic
2636 5096 2982 5158 ambitione
3024 5116 3264 5160 vanave
3305 5099 3506 5179 gloria

2009 5204 2119 5259 aut
2160 5214 2376 5258 amore
2421 5195 2656 5256 'carnali
2701 5194 3046 5257 vincuntur
3087 5202 3149 5256 et
3191 5216 3506 5276 excaecan-

2008 5304 2136 5369 tur,
2188 5303 2260 5357 ut
2305 5293 2621 5356 desiderio
2669 5293 2948 5368 honoriS‚
3002 5293 3346 5376 voluptatis
3395 5304 3506 5359 aut

3189 5429 3249 5482 21
