4334 6242
671 511 876 558 mmm
917 513 1117 560 OMNES
1159 515 1442 562 ANGEucl
1485 514 1752 562 sl‘ml'rus
1793 515 2162 563 mNISTRENT
2205 517 2316 564 sm]
2359 517 2422 563 m
2463 517 2861 576 mmsmnmu
2900 515 3247 563 mrrANTUR

3387 493 3507 560 523

407 682 748 746 nisterium
805 684 1156 760 mittantur,
1192 686 1473 769 loquitur
1519 687 1583 748 in
1629 688 1850 750 eodem
1887 705 1902 748 τ
1935 687 1986 751 Α
2015 689 2188 752 cutio
2228 690 2610 752 divinorum.
2645 725 2725 734 --
2754 689 2914 751 Hinc
2954 705 3207 770 quoque
3238 685 3511 767 philoso-

405 781 583 844 Hanc
649 785 1068 866 quaestionem
1136 794 1348 848 movet
1415 786 1775 866 Gregorius,
1844 793 1906 848 et

409 883 964 946 indeterminatam
997 883 1318 966 relinquit.
1345 884 1609 957 Quidam
1643 903 1792 946 vero
1823 885 1908 946 di-

405 988 584 1053 cunt,
618 980 867 1062 aliquos
910 982 1167 1062 angelos
1211 1001 1288 1043 ex
1334 982 1555 1044 officio
1595 983 1670 1044 ad
1717 983 1906 1044 mini-

403 1078 670 1140 sterium
716 1078 1030 1159 deputari,
1063 1079 1359 1141 videlicet
1400 1079 1656 1160 angelos
1688 1079 1906 1142 inferi-

402 1194 584 1255 ores3
622 1184 900 1238 attamen
941 1176 1156 1257 aliqua
1196 1196 1384 1238 causa
1424 1178 1686 1259 speciali
1730 1186 1908 1240 extra

407 1292 816 1337 communem
879 1275 1417 1356 dispensationem
1476 1295 1588 1338 seu
1639 1276 1908 1338 admini-

403 1373 776 1436 strationem
835 1380 1072 1447 exorta,
1126 1374 1486 1455 superiores
1537 1393 1792 1457 quoque
1841 1375 1906 1436 in

407 1473 837 1535 ministerium
889 1473 1076 1534 mitti.
1128 1473 1248 1535 Sed
1302 1474 1422 1536 hoc
1475 1475 1908 1537 necessarium

404 1590 532 1634 non
565 1571 836 1646 videtur,
872 1573 1176 1654 quoniam
1207 1574 1286 1635 ad
1315 1580 1906 1655 quantumcumque

405 1689 634 1751 magna
674 1671 1028 1733 nuntianda
1066 1689 1176 1733 seu
1218 1671 1621 1753 exsequenda
1651 1671 1905 1735 inferio-

403 1786 505 1830 res
536 1766 876 1829 sul'siciunt
907 1768 1180 1830 ordines.
1218 1769 1293 1830 Et
1324 1769 1578 1841 iterum,
1614 1771 1906 1850 quamvis

2015 788 2124 870 phi
2180 795 2527 869 posuerunt
2574 795 2847 849 motores
2895 786 3149 849 orbium
3197 783 3508 866 duplices,

2017 893 2170 968 puta
2214 903 2227 948 :
2272 886 2667 967 conjunctos,
2702 903 2863 968 quos
2906 883 3216 947 vocabant
3258 881 3513 945 orbium

2015 984 2297 1062 animas3
2330 1001 2603 1065 quorum
2635 983 3083 1064 conceptiones
3123 987 3273 1042 sunt
3309 980 3512 1041 deter-

2019 1082 2272 1144 minatae
2334 1090 2396 1144 et
2454 1080 2975 1164 particularizatae
3033 1097 3046 1140 :
3102 1097 3261 1160 quos
3318 1077 3511 1139 etiam

2015 1179 2337 1241 Avicenna
2367 1187 2549 1241 vocat
2578 1179 2833 1260 angelos
2866 1179 3317 1240 ministrantes.
3341 1175 3513 1238 Alios

2017 1295 2168 1338 vero
2215 1284 2556 1358 separatOS,
2604 1293 2763 1358 quos
2814 1274 3263 1356 intelligentias
3311 1272 3513 1334 nomi-

2017 1381 2206 1454 nant3
2241 1374 2304 1437 in
2354 1374 2588 1456 quibus
2631 1381 2781 1435 sunt
2823 1374 3042 1436 formae
3086 1370 3410 1453 simplices
3452 1377 3515 1431 et

2017 1471 2409 1534 universales
2451 1489 2464 1533 :
2511 1489 2669 1553 quos
2718 1471 3040 1534 Avicenna
3087 1468 3364 1551 appellat
3411 1487 3517 1530 an-

2015 1569 2190 1650 gelos
2230 1570 2623 1633 adsistentes.

2096 1668 2271 1731 Unde
2316 1676 2559 1731 constat
2602 1670 2770 1750 quod
2816 1668 2934 1730 ista
2977 1666 3209 1751 posit-io
3252 1665 3517 1729 rationa-

2017 1767 2210 1831 bilior
2257 1767 2338 1829 sit
2391 1785 2403 1828 :
2460 1775 2597 1829 tum
2648 1768 2799 1850 quia
2847 1774 3103 1829 sanctus
3152 1773 3215 1827 et
3260 1764 3515 1828 divinus

406 1866 556 1928 talia
596 1866 758 1928 siant
799 1874 1027 1949 praeter
1066 1885 1475 1929 communem
1505 1887 1763 1930 cursum
1799 1888 1905 1931 na·
1943 1863 1989 1926 B
2019 1866 2378 1949 DionysiuS,
2429 1866 2697 1948 apostoli
2746 1865 2919 1928 Pauli
2969 1864 3347 1947 discipulus,
3398 1871 3517 1924 tra-

399 1971 584 2038 turae,
643 1983 774 2026 non
833 1973 1045 2027 tamen
1106 1964 1275 2027 siunt
1332 1972 1561 2046 practer
1618 1967 1906 2029 ordinem

398 2063 641 2141 gratiae,
675 2063 1029 2124 secundum
1071 2081 1264 2145 quem
1303 2063 1652 2125 attenditur
1690 2064 1910 2126 distin-

399 2160 532 2221 ctio
576 2160 896 2222 ordinum.

485 2258 644 2319 Hinc
698 2259 1052 2320 secundum
1105 2259 1476 2341 Dionysium
1529 2261 1910 2342 responden-

399 2357 772 2438 dum,quod
805 2355 1163 2437 superiores
1195 2357 1400 2438 angeli
1433 2377 1761 2440 nunquam
1794 2359 1912 2420 im-

401 2454 680 2516 mediate
744 2453 914 2514 circa
975 2472 1089 2516 nos
1151 2454 1578 2517 ministerium
1650 2456 1904 2518 habent..

399 2552 603 2633 Cujus
633 2551 794 2614 ratio
825 2571 902 2614 ex
934 2551 1137 2614 tribus
1167 2553 1371 2634 accipi
1415 2561 1640 2634 potest.
1676 2554 1906 2628 Prim0‚

397 2669 480 2712 ex
539 2649 956 2731 dispositione
1019 2650 1251 2712 divinae
1313 2651 1661 2732 sapientiae,
1724 2652 1910 2732 cujus

396 2747 801 2810 ordinatione
832 2747 932 2809 vel
975 2748 1111 2827 lege
1152 2747 1468 2810 sancitum
1509 2757 1604 2810 est
1641 2757 1711 2811 ut
1740 2768 1776 2810 a
1807 2769 1909 2811 su-

403 2845 771 2928 perioribus
825 2845 889 2906 in
943 2845 1168 2906 ultima
1216 2863 1330 2927 per
1373 2847 1580 2908 media
1630 2848 1909 2909 actiones

399 2943 805 3024 perveniant,
863 2950 933 3004 ut
990 2942 1072 3004 sit
1129 2943 1418 3005 ordinata
1475 2944 1785 3006 connexio
1843 2944 1906 3005 in

2019 1964 2180 2026 didit
2230 1982 2393 2036 eam,
2446 1963 2555 2045 qui
2611 1971 2675 2025 et
2712 1962 2997 2044 Apostoli
3050 1963 3327 2024 visiones
3385 1979 3515 2022 cre—

2018 2063 2192 2124 ditur
2238 2061 2713 2143 conscripsisse,
2765 2069 2827 2123 et
2879 2061 3091 2142 ipsum
3139 2060 3512 2142 Apostolum
3562 2077 3808 2120 DeCoelest.

3542 2140 3650 2183 hier.
3676 2153 3715 2182 c.
3742 2153 3780 2181 vn
3794 2155 3805 2165 ·

2018 2159 2386 2241 frequenter
2432 2159 2656 2239 allegat
2707 2177 2780 2220 ac
2835 2166 3136 2240 tanquam
3190 2165 3514 2220 auctorem
3542 2203 3597 2245 do
3640 2173 3805 2245 „Mn-⁹

2020 2257 2287 2331 inducit,
2307 2266 2369 2318 et
2396 2257 2559 2318 sicut
2584 2255 3023 2318 tertiodecimo
3046 2255 3331 2318 Coelestis
3357 2254 3516 2315 hier·
3542 2277 3657 2308 nom.
3693 2278 3731 2308 c.
3764 2279 3807 2315 ιι,

2018 2356 2250 2418 archiae
2304 2355 2583 2437 capitulo
2643 2355 2873 2428 innuit,
2926 2354 3047 2416 ista
3103 2353 3337 2436 positio
3392 2343 3557 2414 suit¹

2019 2454 2274 2534 vulgata
2313 2462 2597 2535 tempore
2629 2453 2968 2535 primitivae
3010 2452 3345 2530 Ecclesiae3
3377 2459 3513 2512 tum

2020 2553 2322 2633 quoniam
2366 2552 2553 2614 dictis
2598 2551 2935 2615 meliorum
2987 2550 3514 2632 philosophorum

2019 2649 2163 2730 plus
2224 2658 2549 2724 consonat,
2600 2658 2669 2711 ut
2722 2649 3116 2731 accipiamus
3168 2647 3248 2709 ab
3297 2636 3393 2709 eis¹
3441 2665 3518 2708 ea

2017 2766 2159 2829 quae
2209 2747 2361 2810 fidei
2409 2766 2533 2810 non
2579 2756 2956 2829 repugnant,
3001 2745 3145 2808 aliis
3194 2744 3511 2808 resecatis,

3558 2343 3600 2371 V.

2097 2847 2287 2907 Porro
2316 2845 2742 2925 objectionem
2774 2864 2852 2907 ex
2893 2845 3052 2908 Isaia
3082 2844 3405 2906 inductam
3439 2844 3517 2905 de
3546 2858 3809 2906 13.v1,6,7.

2019 2943 2375 3025 Seraphim,
2415 2944 2481 3005 B.
2528 2943 2866 3026 Dionysius
2908 2942 3345 3033 tertiodecimo
3390 2941 3523 3004 Coe-

402 3040 696 3123 partibus
746 3040 1052 3114 universi,
1101 3049 1164 3102 et
1212 3040 1372 3102 nulli
1425 3060 1539 3102 sua
1585 3041 1911 3103 auferatur
1946 3043 1989 3106 C
2021 3043 2195 3105 lestis
2228 3043 2597 3105 hierarchiae
2628 3042 2907 3124 capitulo
2936 3042 3126 3104 solvit
3156 3041 3515 3125 dupliciter.

401 3139 730 3212 nobilitaS,
765 3158 905 3220 quae
947 3139 1237 3200 consistit
1279 3139 1343 3199 in
1385 3138 1505 3200 hoc
1549 3140 1717 3221 quod
1757 3158 1912 3221 quo-

403 3237 748 3300 dammodo
793 3255 982 3298 causa
1027 3244 1124 3298 est
1173 3235 1548 3299 inferiorum
1601 3245 1908 3319 quantum

401 3337 486 3399 ad
539 3334 802 3417 aliquid.
851 3335 1162 3408 Secundo,
1195 3354 1271 3396 ex
1327 3344 1502 3417 parte
1544 3335 1915 3398 illuminati-

403 3451 624 3496 onum.
688 3433 1234 3506 Quemadmodum
1293 3434 1466 3495 enim
1527 3433 1591 3495 in
1649 3434 1912 3497 actioni—

403 3533 528 3594 bus
559 3529 993 3613 corporalibus
1025 3530 1366 3612 requiritur
1397 3533 1717 3613 proportio
1751 3533 1914 3594 inter

403 3649 600 3711 agens
641 3638 704 3690 et
744 3628 1014 3710 patienS,
1048 3629 1215 3710 quod
1259 3630 1582 3711 praecipue
1624 3631 1687 3691 in
1719 3631 1915 3692 sensi-

403 3729 527 3790 bus
560 3735 752 3810 patet,
787 3727 938 3810 quia
966 3726 1046 3788 ab
1079 3727 1412 3789 excellenti
1457 3727 1745 3790 sensibili
1779 3747 1911 3790 cor-

405 3833 831 3907 rumpuntur3
875 3825 960 3886 ita
1003 3832 1098 3886 est
1140 3832 1201 3886 et
1243 3826 1307 3886 in
1351 3825 1908 3887 intellectualibus,

407 3925 672 4006 Propter
701 3924 872 4004 quod
905 3923 1266 3984 intellectus
1299 3922 1495 3985 hebes
1526 3924 1604 3984 ad
1635 3923 1913 3986 subtilis-

407 4023 604 4086 simas
655 4021 952 4085 veritates
1012 4039 1140 4083 non
1200 4021 1524 4102 pertingit..
1579 4022 1912 4104 Quumque

409 4122 629 4184 lumen
691 4119 1120 4182 intellectuale
1175 4119 1237 4181 in
1298 4121 1617 4201 supremis
1672 4121 1912 4203 angelis

2020 3140 2249 3212 Primo,
2305 3140 2473 3222 quod
2524 3140 2785 3221 angelus
2841 3140 3073 3201 missus
3121 3140 3200 3201 ad
3254 3157 3524 3222 purgan-

2021 3239 2174 3300 dum
2219 3237 2385 3299 labia
2427 3237 2622 3311 lsaiae,
2657 3237 2775 3299 suit
2822 3239 2899 3300 de
2944 3237 3165 3301 ordine
3210 3237 3519 3310 inferiori,

2022 3344 2084 3398 et.
2113 3337 2320 3420 dictus
2350 3343 2445 3397 est
2475 3336 2806 3416 Seraphim
2838 3335 3185 3417 aequivoce,
3218 3335 3521 3417 quoniam

2023 3442 2282 3498 venerat
2322 3453 2589 3516 purgare
2635 3453 2746 3515 per
2787 3435 2997 3516 ignem
3036 3435 3384 3496 ardentem.
3420 3435 3525 3496 Se-

2025 3531 2441 3612 cund0,quod
2472 3549 2619 3592 vere
2651 3530 2775 3591 suit
2804 3532 2881 3592 de
2911 3531 3131 3592 ordine
3164 3530 3517 3611 Seraphim.

2022 3631 2158 3692 Non
2190 3637 2401 3690 tamen
2432 3628 2693 3710 angelus
2727 3628 2835 3690 ille
2865 3628 2975 3709 qui
3006 3628 3318 3690 visionem
3352 3647 3525 3690 reve-

2025 3728 2178 3789 lavit
2208 3728 2381 3790 lsaiae
2432 3726 2555 3788 fuit
2601 3727 2676 3788 de
2726 3727 3038 3807 superiori
3088 3727 3356 3789 ordine:
3393 3727 3523 3790 imo

2025 3825 2078 3886 is
2117 3826 2241 3887 fuit
2280 3826 2357 3886 de
2396 3825 2618 3886 ordine
2657 3823 2964 3886 inferiori.
3000 3825 3121 3886 Sed
3161 3844 3359 3906 quum
3402 3825 3525 3886 vir-

2022 3931 2124 3984 tus
2156 3922 2549 3984 hierarchica
2579 3941 2719 4003 quae
2750 3929 2845 3982 est
2877 3922 2939 3984 in
2975 3921 3385 3985 inferioribus
3414 3942 3523 3984 an-

2022 4020 2204 4100 geliS,
2238 4020 2320 4080 sit
2363 4021 2572 4101 primo
2614 4039 2649 4081 a
2692 4021 2841 4094 Dec,
2880 4027 2942 4081 et
2984 4027 3446 4101 consequenter
3488 4041 3525 4082 a

2023 4117 2461 4200 superioribus
2500 4118 2741 4198 angelis
2784 4118 2847 4179 in
2890 4117 3223 4179 inferiores
3269 4118 3526 4180 descen-

407 4217 963 4301 simplicissimum
998 4217 1746 4301 universalissimumque
1777 4237 1916 4281 con·
1943 4222 1992 4284 D
2023 4218 2201 4290 denS,
2252 4217 2513 4297 angelus
2562 4215 2873 4278 visionem
2924 4215 3225 4288 sormanS,
3273 4216 3525 4278 reduxit

409 4317 613 4389 sistat,
648 4333 775 4379 non
821 4323 916 4377 est
961 4317 1508 4398 proportionatum
1561 4316 1911 4379 intellectui

410 4423 650 4488 nostr0,
683 4415 807 4476 nisi
850 4414 1028 4496 prius
1073 4414 1480 4476 contrahatur
1517 4423 1579 4477 et
1622 4416 1916 4478 determi-

410 4520 600 4576 netur
639 4512 705 4574 in
749 4511 1160 4574 inferioribus
1198 4513 1460 4594 angelis,
1497 4514 1606 4595 qui
1649 4514 1912 4576 minoris

409 4619 560 4673 sunt
602 4609 1052 4691 simplicitatis.
1095 4610 1326 4682 Terti0,
1369 4629 1446 4672 ex
1495 4619 1674 4692 parte
1721 4612 1912 4674 actio—

411 4729 568 4772 num
600 4727 758 4791 quas
798 4707 967 4769 circa
1006 4726 1121 4770 nos
1151 4717 1466 4771 exercent..
1502 4710 1708 4783 Quum
1739 4711 1909 4773 enim

409 4809 692 4872 actiones
726 4806 1066 4869 ministerii
1098 4807 1225 4868 sint.
1256 4807 1669 4889 particulares
1704 4817 1764 4870 et
1797 4809 1914 4870 cir-

409 4927 485 4969 ca
524 4905 953 4987 particularia,
990 4912 1239 4985 oportet
1278 4907 1445 4987 quod
1486 4924 1704 4968 earum
1741 4927 1914 4970 exse-

409 5005 584 5067 cutio
626 5004 710 5065 sit
750 5022 861 5085 per
901 5002 1137 5064 formas
1182 5003 1453 5066 maxime
1499 5005 1912 5087 particulares

405 5111 601 5184 atque
644 5109 1014 5163 contractas
1052 5101 1126 5162 Et
1168 5102 1264 5164 hae
1307 5111 1456 5164 sunt
1503 5103 1724 5167 formae
1773 5125 1913 5186 quae

409 5203 477 5264 in
523 5199 766 5282 angelis
819 5199 1195 5261 inferiorum
1246 5209 1394 5262 sunt
1440 5202 1736 5264 ordinum
1773 5220 1786 5263 :
1823 5204 1912 5264 id-

407 5298 581 5363 circo
629 5304 872 5380 spectat
912 5297 991 5359 ad
1033 5315 1140 5360 eos
1190 5297 1692 5361 ministeriorum
1741 5319 1915 5364 exse-

2022 4316 2399 4397 Prophetam
2433 4333 2557 4376 non
2590 4314 2795 4376 solum
2829 4313 2894 4376 in
2937 4314 3363 4395 cognitionem
3396 4314 3521 4376 vir-

2021 4415 2175 4476 tutis
2209 4415 2572 4476 immediate
2602 4413 2867 4494 agentiS,
2901 4414 3011 4475 sed
3043 4413 3233 4475 etiam
3264 4413 3520 4474 virtutis

2021 4515 2253 4576 divinae
2306 4530 2321 4575 :
2374 4513 2542 4574 unde
2595 4511 2870 4574 ostendit
2926 4513 3266 4574 Dominum
3326 4530 3520 4593 super

2020 4613 2251 4675 solium
2283 4612 2627 4674 sedentem.
2663 4610 2740 4671 Et
2770 4627 2883 4691 per
2913 4627 3307 4690 consequens
3337 4609 3519 4670 duxit

2021 4711 2085 4773 in
2131 4710 2422 4775 notitiam
2466 4727 2907 4791 supremarum
2954 4708 3263 4769 virtutum
3298 4724 3313 4769 ζ
3348 4707 3517 4769 unde

2022 4809 2297 4872 ostendit
2336 4807 2667 4890 Seraphim
2710 4807 2941 4869 stantia
2980 4807 3149 4869 circa
3191 4808 3511 4869 thronum.

2021 4909 2096 4970 Et
2142 4908 2419 4970 ostendit
2470 4907 2769 4968 virtutem
2831 4905 3229 4987 purgativam
3286 4905 3367 4968 ab
3424 4905 3517 4968 eis

2021 5025 2135 5088 per
2176 5007 2431 5087 angelos
2480 5004 2811 5067 inferiores
2863 5023 3062 5086 usque
3112 5005 3178 5066 in
3227 5003 3517 5066 homines

2020 5105 2341 5176 devenire,
2375 5123 2487 5185 per
2528 5104 2646 5166 hoc
2687 5104 2854 5185 quod
2896 5102 3227 5184 Seraphim
3262 5102 3516 5166 videba-

2021 5211 2124 5264 tur
2153 5204 2232 5265 ad
2262 5221 2411 5264 eum
2442 5202 2679 5264 volare.
2710 5203 2785 5262 Et
2826 5202 3006 5283 ponit
3040 5202 3407 5284 exemplum
3438 5202 3517 5263 de

2021 5300 2345 5363 sacerdote
2386 5299 2496 5384 qui
2537 5298 2811 5364 absolvit
2845 5318 2920 5361 ex
2950 5306 3260 5382 potestate
3291 5320 3326 5363 a
3358 5318 3511 5386 pon-

3590 4529 3706 4574 Ibid.
3728 4533 3764 4574 l.

3585 4827 3698 4870 levid.
3727 4831 3767 4869 2.

3589 5125 3701 5168 laid.
3738 5129 3778 5169 6.
