4334 6242
837 470 916 541 34
1916 493 2261 544 raoocmtm
2302 492 2859 544 consummmavi(

842 665 1152 730 tinuando
1213 667 1474 730 infirma
1526 668 1713 743 facta,
1766 668 2026 730 miscuit
2083 687 2149 730 se
2208 667 2485 730 infinitis
2536 666 2998 750 quaestionibus
3059 685 3173 748 per
3220 663 3719 727 instabilitatem.
3766 661 3940 725 Unde

841 791 1095 855 semper
1137 775 1364 856 quaerit
1411 775 1714 857 quietem,
1749 793 1866 837 nec
1916 775 2160 838 invenit
2202 775 2324 837 nisi
2372 775 2435 837 in
2480 775 2625 836 Deo.
2661 775 3021 838 Resecanda
3064 780 3214 835 sunt
3256 790 3406 854 ergo
3451 791 3632 845 vana,
3665 770 3939 841 inutilia,

841 879 1289 957 immoderata,
1333 890 1397 944 et
1437 883 1569 945 sola
1613 883 1797 944 utilia
1836 889 1985 944 sunt
2025 883 2385 964 quaerenda.
2418 918 2500 926 —
2528 881 2671 944 Haec
2713 881 3171 944 Bonaventura.

970 1095 1262 1178 Amplius
1292 1096 1510 1158 Petrus
1541 1096 1619 1159 de
1649 1096 2030 1166 Tarantasia,
2057 1096 2168 1178 qui
2200 1095 2323 1157 fuit
2352 1095 2517 1178 Papa
2545 1095 2951 1159 Innocentius
2980 1094 3050 1170 V,
3074 1094 3179 1156 hic
3209 1093 3478 1156 assumit
3508 1111 3624 1175 pro
3654 1093 3942 1175 prologo:

546 1207 810 1313 fedi-mn,
843 1203 975 1270 Qui
1015 1204 1180 1262 vivit
1221 1205 1290 1263 in
1331 1212 1677 1274 oeternum,
1708 1206 1957 1264 creavit
1993 1207 2215 1264 omnia
2254 1205 2475 1264 simul.
2516 1204 2585 1265 In
2630 1203 2867 1286 quibus
2908 1185 3121 1264 herbis
3170 1220 3331 1284 opus
3379 1201 3717 1264 creationis
3765 1199 3946 1262 suffi-

576 1303 588 1315 '
845 1309 1090 1371 cienter
1120 1310 1504 1392 exprimitur
1535 1328 1548 1372 :
1585 1310 1651 1371 in
1682 1329 1809 1393 quo
1839 1311 2028 1373 etiam
2061 1309 2257 1391 hujus
2288 1311 2550 1373 secundi
2584 1310 2731 1372 libri
2764 1310 3235 1372 Sententiarum
3268 1309 3531 1370 materia
3561 1307 3940 1389 designatur.

843 1415 1065 1498 Tangit
1126 1435 1401 1500 namque
1459 1417 1942 1480 Ecclesiasticus
2003 1417 2242 1479 summi
2300 1416 2556 1500 opificis
2616 1417 3013 1498 dignitatem,
3065 1416 3357 1490 dicendo,
3411 1437 3445 1474 «
3494 1415 3611 1489 Qui
3662 1415 3819 1476 vivit
3878 1415 3941 1475 in

842 1531 1150 1586 aeternum
1189 1546 1224 1583 »
1271 1543 1287 1602 ;
1347 1525 1649 1607 operandi
1712 1542 1965 1607 quoque
2026 1525 2286 1586 modum
2346 1525 2756 1605 singularem,
2816 1523 3169 1597 subdendo,
3234 1545 3267 1582 «
3309 1523 3548 1585 creavit
3585 1545 3619 1581 »
3656 1539 3673 1599 ;
3732 1523 3938 1596 tertio,

841 1649 1108 1712 operum
1153 1630 1634 1712 perfectionem,
1679 1632 1988 1704 addendo,
2038 1653 2072 1689 «
2112 1631 2327 1694 omnia
2368 1649 2445 1710 »3
2489 1638 2737 1713 quarto,
2782 1631 3169 1713 operationis
3211 1627 3522 1702 ordinem,
3564 1628 3936 1709 subjicienS,

839 1760 874 1798 «
905 1738 1098 1800 simul
1129 1761 1184 1799 ».

959 1845 1237 1919 Quatuor
1283 1865 1558 1928 namque
1618 1847 1923 1928 praecipui
1981 1845 2249 1928 opifices
2302 1853 2451 1908 sunt
2504 1846 2670 1908 inter
2717 1854 2927 1908 creata
2978 1863 2991 1907 :
3045 1863 3316 1928 quorum
3376 1844 3700 1926 indignior
3750 1852 3938 1925 atque

839 1951 1104 2015 inferior
1144 1959 1240 2014 est
1282 1961 1527 2027 natura,
1561 1972 1704 2035 quae
1747 1959 1816 2014 ut
1858 1952 1946 2014 ait
1988 1953 2265 2028 BoetiuS,
2298 1961 2395 2014 est
2432 1953 2527 2015 vis
2568 1952 2757 2015 insita
2800 1953 3011 2028 rebuS,
3045 1972 3121 2015 ex
3164 1952 3486 2014 similibus
3528 1950 3765 2014 similia
3802 1968 3941 2032 pro-

839 2078 1081 2122 creanS.
1121 2059 1448 2123 Secundus
1479 2068 1575 2122 est
1603 2061 1827 2142 quinta
1866 2061 2162 2136 essentia,
2196 2061 2442 2123 scilicet
2481 2061 2738 2135 coelum,
2773 2068 2926 2143 puta
2957 2060 3281 2141 congeries
3322 2059 3678 2122 coelestium
3720 2074 3940 2140 corpo-

841 2186 1004 2229 rum.
1041 2167 1215 2229 Unde
1257 2168 1612 2229 secundum
1651 2167 2105 2250 Philosophum
2145 2169 2355 2249 primo
2391 2169 2467 2230 de
2509 2167 2946 2242 Generatione,
2980 2168 3333 2230 secundum
3378 2165 3744 2228 allationem
3788 2164 3939 2227 solis

843 2273 907 2336 in
940 2273 1182 2336 circulo
1220 2272 1482 2356 obliquo
1520 2281 1903 2355 generantur
1932 2275 2251 2338 inferiora.
2287 2275 2535 2338 Tertius
2574 2283 2671 2336 est
2709 2274 2988 2335 humana
3018 2274 3365 2352 industria3
3396 2280 3683 2355 quartuS,
3717 2279 3941 2334 natura

841 2379 1150 2460 angelica,
1186 2398 1300 2461 per
1327 2399 1520 2462 quam
1551 2382 1896 2463 corporalis
1929 2381 2167 2462 regitur
2200 2389 2503 2443 creatura.
2540 2382 2612 2442 Hi
2646 2390 2793 2444 sunt
2832 2390 3103 2464 quatuor
3132 2381 3295 2444 fabri
3335 2382 3413 2443 de
3442 2380 3680 2463 quibus
3712 2380 3938 2442 Zacha-

543 2500 808 2554 Zactmao.
839 2487 966 2548 rias
995 2486 1084 2548 ait
1117 2503 1130 2548 :
1165 2486 1450 2549 Ostendit
1482 2487 1640 2549 mihi
1671 2488 1978 2551 Dominus
2006 2497 2281 2571 quatuor
2308 2487 2540 2551 fabros
2576 2489 2779 2570 Super
2809 2507 2967 2570 quos
2998 2496 3094 2551 est
3122 2489 3385 2570 quintus
3416 2487 3615 2560 faber,
3647 2487 3939 2550 omnium

573 2609 652 2655 1²2.
670 2624 805 2662 mm,
837 2591 1201 2668 fabricator,
1235 2594 1312 2655 de
1361 2613 1489 2676 quo
1531 2594 1734 2657 fertur
1776 2595 1842 2657 in
1884 2596 2178 2659 Psalmo:
2212 2596 2303 2658 Tu
2347 2594 2693 2658 fabricatus
2734 2615 2801 2658 es
2845 2614 3137 2659 auroram
3183 2603 3245 2656 et
3288 2595 3507 2656 solem.
3542 2630 3623 2639 —
3652 2594 3936 2676 Denique

548 2676 611 2716 ¹⁶·
839 2699 1208 2762 Aristoteles
1252 2701 1466 2782 posuit
1509 2702 1819 2763 mundum
1863 2719 1989 2764 non
2033 2721 2173 2765 esse
2216 2710 2499 2765 creatum
2544 2703 2608 2764 in
2652 2709 2960 2785 tempore,
2994 2703 3103 2766 sed
3147 2701 3227 2764 ab
3268 2710 3503 2764 aeterna
3540 2720 3729 2764 causa
3764 2708 3938 2764 aeter-

839 2826 1018 2881 num,
1051 2814 1122 2868 ut
1160 2807 1414 2870 Boetius
1453 2816 1642 2889 atque
1672 2809 2048 2872 Ambrosius
2092 2809 2394 2872 referunt.
2430 2810 2602 2872 Plato
2642 2828 2791 2873 vero
2823 2811 3038 2891 posuit
3076 2811 3387 2872 mundum
3426 2827 3553 2872 non
3592 2828 3731 2872 esse
3759 2818 3937 2872 aeter-

840 2933 1020 2988 num,
1043 2915 1153 2976 sed
1182 2915 1261 2977 de
1290 2923 1525 2978 aeterna
1555 2917 1817 2979 materia
1847 2916 2105 2979 factum.
2127 2917 2441 2999 Epicurus
2469 2935 2725 2998 quoque
2756 2917 2916 2978 dixit
2946 2918 3259 2979 mundum
3290 2934 3416 2979 non
3447 2935 3587 2978 esse
3616 2923 3935 2989 aeternum,

842 3023 952 3084 sed
982 3041 1059 3083 ex
1091 3023 1343 3085 aeternis
1374 3023 1601 3086 atomis
1634 3043 1780 3086 casu
1813 3025 2341 3086 concurrentibus
2372 3023 2631 3085 factum.
2655 3060 2737 3068 —
2763 3024 3047 3106 Denique
3079 3024 3386 3106 perfectio
3418 3023 3638 3086 mundi
3668 3031 3941 3105 quatuor

842 3128 1098 3191 indiciis
1144 3130 1516 3192 declaratur.
1551 3130 1780 3202 Primo,
1817 3149 2084 3192 numero
2131 3130 2380 3192 dierum
2431 3131 2496 3192 in
2545 3131 2780 3213 quibus
2830 3138 2926 3192 est
2968 3131 3196 3205 factuS,
3229 3131 3381 3213 quia
3424 3132 3489 3193 in
3534 3150 3641 3193 sex
3687 3129 3934 3192 diebus,

841 3235 1139 3297 Senarius
1199 3236 1461 3318 quippe,
1513 3237 1865 3298 secundum
1913 3236 2364 3318 Augustinum‚
2416 3246 2510 3299 est
2570 3238 2816 3320 primus
2874 3257 3179 3300 numerus
3240 3238 3583 3320 perfectus,
3634 3237 3937 3320 quoniam

839 3349 1086 3404 constat
1115 3342 1378 3424 praecise
1409 3362 1486 3405 ex
1525 3344 1967 3424 aggregatione
1997 3363 2259 3405 suarum
2302 3343 2578 3427 partium
2618 3345 3065 3426 aliquotarum.
3102 3345 3412 3418 Secunde,
3448 3345 3513 3407 in
3553 3344 3937 3407 rotunditate

841 3467 972 3512 suae
1018 3448 1260 3530 figurae.
1302 3449 1544 3531 Nempe
1592 3451 1946 3512 secundum
1992 3451 2339 3526 Platonem,
2380 3459 2451 3512 ut
2502 3453 2777 3514 mundus
2826 3454 3007 3535 quasi
3058 3451 3412 3535 perfectum
3461 3452 3697 3515 animal
3746 3460 3931 3526 esset,

839 3572 1040 3616 unum
1091 3555 1446 3637 perfectum
1495 3576 1571 3618 ex
1622 3556 2014 3639 imperfectis
2060 3557 2362 3620 omnibus
2412 3558 2570 3620 citra
2618 3560 2867 3621 senium
2916 3560 3527 3642 dissolutionemque
3576 3560 3742 3621 Deus
3790 3579 3935 3622 con-

838 3661 1064 3736 stituit,
1099 3661 1500 3745 formamque
1529 3680 1896 3744 congruam,
1931 3671 2084 3746 puta
2114 3665 2450 3726 rotundam
2481 3675 2544 3727 et
2572 3666 2922 3746 globosam,
2957 3667 3245 3729 omnium
3286 3666 3637 3729 formarum
3671 3667 3834 3729 intra
3863 3687 3931 3729 se

840 3769 1292 3842 contentivam,
1325 3769 1383 3831 ei
1415 3770 1692 3832 donavit.
1728 3771 1958 3844 Tertio,
1993 3771 2196 3853 ipsius
2227 3773 2451 3834 mundi
2483 3773 2722 3835 unitate
2754 3791 2866 3834 seu
2896 3773 3332 3854 singularitate
3359 3774 3550 3855 :quia
3576 3774 3929 3835 secundum

839 3875 1184 3949 Platonem,
1219 3883 1288 3938 ut
1321 3876 1598 3938 mundus
1638 3894 1754 3939 suo
1782 3878 2130 3960 exemplari
2172 3877 2401 3940 similis
2441 3887 2629 3952 esset,
2668 3880 2893 3942 unicus
2922 3899 2959 3942 a
2988 3880 3115 3943 Deo
3156 3887 3251 3942 est
3282 3878 3505 3942 factus.
3540 3881 3689 3952 Quae
3719 3881 3929 3942 unitas

837 3988 1168 4044 attestatur
1198 3981 1422 4044 mundi
1455 3982 1832 4064 perfectioni
1868 4003 1881 4046 :
1916 3984 2234 4066 siquidem
2268 3985 2345 4047 de
2376 3985 2713 4067 speciebus
2745 3986 3139 4069 imperfectis
3168 3988 3334 4049 Deus
3372 3987 3557 4068 plura
3586 3987 3931 4068 singularia

838 4087 1026 4168 fecit3
1060 4089 1137 4150 de
1185 4087 1484 4171 perfectis
1534 4107 1684 4152 vero
1731 4089 2166 4165 sensibilibuS,
2201 4110 2401 4153 unum
2450 4092 2679 4166 solum,
2714 4101 2783 4154 ut
2833 4101 3003 4175 patet
3052 4094 3129 4155 de
3177 4093 3308 4155 sole
3356 4101 3421 4156 et
3470 4092 3637 4155 luna.
3674 4094 3927 4167 Qum-te,

836 4195 1178 4257 additionis
1219 4196 1754 4277 impossibilitate.
1788 4197 2145 4259 Perfectum
2187 4216 2484 4279 namque,
2520 4199 2871 4260 secundum
2911 4198 3387 4280 Philosophum,
3418 4206 3515 4260 est
3555 4199 3657 4260 cui
3700 4199 3931 4281 impos-

545 4323 806 4375 Rea-laun,
837 4301 1044 4364 sibilis
1075 4309 1278 4364 exstat
1317 4303 1574 4365 additio.
1611 4303 1920 4384 Operibus
1957 4312 2173 4366 autem
2204 4304 2317 4366 Dei
2355 4323 2485 4366 non
2524 4313 2620 4367 est
2658 4306 2889 4368 addere
2928 4324 3135 4387 neque
3177 4305 3487 4378 minuere,
3524 4313 3592 4366 ut
3623 4306 3689 4368 in
3722 4306 3931 4369 Eccle-

544 4390 584 4432 ⁵‘
837 4409 1094 4471 siastico
1121 4409 1444 4470 asseritur.
1478 4445 1558 4455 -
1584 4410 1725 4472 Haec
1756 4409 1991 4472 Petrus.
2027 4412 2094 4473 ln
2127 4411 2313 4492 cujus
2345 4410 2555 4473 verbis
2586 4411 2929 4474 obscurum
2962 4411 3237 4485 videtur,
3260 4412 3427 4494 quod
3458 4411 3548 4473 ait
3574 4412 3929 4474 secundum

835 4515 1158 4580 Platonem
1203 4517 1517 4579 mundum
1561 4533 1685 4579 non
1729 4535 1867 4579 esse
1908 4525 2235 4580 aeternum.
2284 4517 2405 4580 Sed
2449 4519 2526 4580 de
2568 4518 2689 4580 hoc
2733 4518 2898 4581 infra
2939 4518 3203 4581 dicetur.

955 4732 1304 4797 Richardus
1355 4747 1609 4813 quoque
1659 4731 1736 4793 de
1785 4731 2140 4793 Mediavilla
2191 4732 2257 4794 in
2308 4733 2569 4814 prologo
2618 4750 2733 4795 suo
2782 4752 2975 4815 super
3022 4734 3375 4795 secundum
3410 4751 3425 4795 ε
3459 4731 3754 4807 Quaedam
3802 4733 3929 4814 (in-

834 4843 1003 4924 quit)
1050 4848 1200 4903 sunt
1251 4839 1417 4901 facta
1465 4856 1581 4920 per
1625 4837 1904 4900 Verbum
1953 4838 2064 4900 Dei
2115 4857 2243 4900 non
2293 4840 2370 4901 de
2418 4839 2634 4921 aliquo
2670 4857 2683 4900 ε
2719 4846 2789 4900 ut
2838 4839 3045 4921 prima
3096 4839 3415 4922 principia
3464 4859 3605 4922 quae
3653 4847 3804 4902 sunt
3849 4841 3929 4903 de

834 4949 1108 5012 essentia
1167 4966 1381 5009 rerum
1442 4953 1819 5018 creatarum,
1872 4953 1942 5006 ut
2002 4945 2209 5028 prima
2268 4947 2548 5008 materia.
2612 4947 2907 5020 Qut-:edam
2968 4963 3120 5008 vero
3179 4955 3327 5009 sunt
3384 4945 3551 5008 facta
3610 4966 3723 5028 per
3780 4948 3929 5008 Ver-

835 5056 991 5118 bum
1049 5055 1160 5116 Dei
1219 5054 1298 5116 de
1359 5053 1694 5136 principiis
1755 5071 1954 5114 unum
2018 5071 2132 5134 per
2188 5053 2529 5115 essentiam
2592 5053 3130 5116 constituentibus
3184 5071 3199 5115 t
3254 5060 3324 5115 ut
3380 5054 3579 5115 Adam
3637 5074 3715 5116 ex
3775 5055 3931 5116 limo

837 5171 1040 5236 terrae,
1085 5169 1150 5224 et
1195 5161 1427 5222 anima.
1475 5159 1768 5234 Quaedam
1819 5158 1986 5221 facta
2038 5168 2189 5221 sunt
2237 5179 2352 5242 per
2399 5161 2676 5222 Verbum
2730 5160 2840 5222 Dei
2892 5161 2969 5222 de
3022 5161 3393 5242 compositis
3446 5179 3574 5224 non
3624 5163 3929 5224 constitu-

835 5269 1093 5334 entibus
1144 5287 1344 5331 unum
1396 5286 1510 5351 per
1556 5267 1921 5340 essentiam,
1973 5268 2083 5329 sed
2132 5286 2247 5349 per
2294 5267 2582 5330 ordinem
2631 5269 2973 5350 quemdam
3022 5284 3035 5329 :
3080 5275 3149 5329 ut
3199 5267 3492 5330 machina
3542 5269 3765 5330 mundi
3816 5287 3929 5332 seu
