4334 6242
589 4133 766 4179 Manli.
789 4148 843 4180 tv.

857 487 980 554 428

1535 507 1602 554 m
1641 507 1865 554 mamm
1905 507 1949 553 11
1991 505 2473 554 snnmnrlanmt.
2518 523 2601 536 -
2639 508 2792 554 DlsT.
2818 508 2946 571 vu;
2988 508 3214 564 QUAEST.
3240 509 3281 556 V

941 681 1018 744 Ut
1075 689 1286 743 autem
1349 680 1584 742 clarius
1641 678 2031 760 intelligatur
2087 677 2362 760 qualiter
2389 676 2440 739 A
2470 677 2803 760 spiritibus
2852 680 2919 742 in
2966 681 3271 762 potentiis
3318 680 3677 744 animarum
3724 689 3965 744 nostra-

859 778 1022 842 fiant
1049 797 1240 860 opera
1281 779 1546 861 magica,
1578 795 1811 859 ponam
1841 777 2119 859 exempli
2158 777 2361 858 gratia

859 877 1073 961 aliqua
1124 895 1138 940 :
1192 877 1400 960 primo
1451 877 1528 940 de
1579 876 1862 938 nummis
1910 875 2119 938 aureis
2167 885 2357 958 atque

858 977 1194 1059 argenteis,
1220 977 1330 1059 qui
1365 983 1770 1039 revertuntur
1799 976 1875 1037 ad
1907 976 2187 1048 dantem,
2212 993 2361 1056 quo-

858 1075 978 1138 ties
1023 1076 1252 1138 dantur
1300 1087 1412 1136 seu
1461 1082 1866 1157 exponuntur
1899 1055 2030 1156 ‘pro
2071 1074 2215 1136 aliis
2265 1093 2359 1136 re-

859 1173 1103 1237 bu5.De
1134 1173 1370 1256 quibus
1401 1174 1851 1255 constat,quod
1883 1173 2140 1255 propria
2169 1172 2364 1234 virtu·

858 1281 920 1335 te
969 1291 1095 1336 non
1146 1273 1434 1346 redeunt,
1486 1291 1604 1334 nec
1653 1271 1820 1353 magi
1871 1289 1989 1333 nec
2039 1271 2359 1333 daemones

861 1370 954 1434 eis
984 1379 1282 1453 praestare
1311 1370 1709 1452 gressibilem
1744 1376 1989 1451 queunt
2016 1369 2355 1432 virtutem:

862 1468 1006 1533 ideo
1053 1486 1178 1531 non
1229 1468 1351 1530 nisi
1403 1468 1823 1549 malignorum
1875 1474 2185 1550 potestate
2232 1466 2360 1549 spi·

861 1568 1055 1629 ritum
1113 1574 1539 1641 revertuntur,
1600 1566 1654 1628 si
1713 1573 1924 1628 tamen
1982 1583 2206 1626 verum
2264 1572 2362 1626 est

863 1666 1034 1750 quod
1073 1672 1491 1729 revertantur.
1527 1665 1733 1727 Facile
1773 1664 2014 1746 quippe
2051 1671 2148 1726 est
2180 1663 2359 1726 mali-

863 1763 1004 1846 gnis
1062 1762 1395 1845 spiritibus
1447 1762 1656 1826 facere
1705 1781 2012 1845 apparere
2065 1760 2361 1825 similitu-

2471 795 2611 838 rum
2673 777 2935 860 pingere
2994 780 3265 860 cogitata
3321 798 3745 862 quaecumque
3790 779 3968 844 volu·

2468 876 2657 949 erint,
2681 877 2931 958 quoties
2963 877 3121 959 ipsis
3152 877 3575 960 permittitur3
3606 886 3671 940 et
3704 878 3814 941 illa
3844 896 3969 941 non

2470 982 2717 1037 tantum
2763 984 2834 1037 ut
2875 975 3145 1057 cogitata
3188 977 3296 1038 sed
3337 977 3526 1038 etiam
3568 983 3641 1037 ut
3676 977 3817 1039 visa
3860 977 3973 1040 im-

2471 1073 2766 1154 primere‚
2782 1075 3314 1155 quemadmodum
3348 1076 3413 1137 in
3445 1075 3683 1138 somnis
3712 1095 3785 1138 ac
3818 1094 3974 1138 som-

2470 1171 2615 1233 niis.
2660 1171 2737 1233 Et
2780 1172 2900 1235 hoc
2940 1173 3279 1254 diligenter
3320 1174 3598 1248 adverte,
3640 1194 3841 1257 quum
3888 1176 3971 1238 sit

2470 1268 2811 1333 declaratio
2864 1270 3379 1335 ludificationum
3436 1272 3723 1334 istarum.
3776 1273 3973 1336 Inter·

2468 1367 2623 1429 dum
2673 1386 2929 1451 quoque
2984 1369 3255 1451 cogitata
3304 1369 3369 1431 in
3418 1369 3639 1451 vigilia
3684 1389 3971 1453 eousque

2470 1465 2535 1526 in
2576 1485 2645 1528 se
2685 1466 2940 1549 rapiunt
2978 1467 3223 1530 animas
3262 1455 3530 1542 nostras,
3562 1475 3633 1530 ut
3669 1477 3975 1551 appareat

2470 1562 2654 1626 nobis
2700 1566 2870 1646 quod
2908 1584 2983 1627 ea
3028 1583 3152 1628 non
3198 1565 3405 1628 solum
3448 1566 3823 1648 cogitemuS‚
3861 1568 3978 1630 sed

2471 1662 2683 1744 potius
2714 1662 3063 1726 videamus.
3097 1699 3178 1710 —
3208 1663 3367 1726 Hinc
3407 1672 3615 1746 potest
3646 1673 3865 1748 patere
3896 1666 3975 1729 de

2474 1760 2975 1824 incantatoribus
3007 1761 3119 1844 qui
3150 1762 3449 1825 videntur
3478 1781 3675 1844 equos
3708 1780 3858 1826 suos
3892 1763 3979 1825 la·

863 1862 1046 1924 dines
1095 1879 1432 1924 aureorum
1471 1869 1536 1924 et
1573 1868 2015 1943 argenteorum
2065 1878 2359 1922 nummo·
2396 1859 2443 1922 B
2474 1878 2688 1922 cerare
2726 1859 3070 1936 frustatim,
3103 1861 3405 1943 quoniam
3445 1861 3651 1924 forma
3688 1862 3838 1944 equi
3872 1862 3977 1926 vel

864 1979 1030 2034 rum,
1074 1960 1184 2023 ubi
1227 1960 1458 2022 veritas
1509 1979 1720 2022 rerum
1771 1959 2140 2040 hujusmodi
2184 1959 2361 2020 nulla

864 2058 1155 2122 consistit.
1205 2075 1220 2120 τ
1273 2058 1414 2120 ideo
1471 2076 1597 2121 non
1656 2064 1752 2119 est
1798 2075 2059 2119 necesse
2107 2063 2179 2118 ut
2225 2054 2361 2118 veri

863 2156 1112 2218 nummi
1159 2155 1287 2218 sint
1325 2143 1434 2237 qui
1477 2155 1705 2217 reverti
1748 2153 2066 2216 dicuntur.
2099 2152 2259 2216 Nam
2299 2159 2362 2213 et

865 2253 973 2315 uni
1022 2254 1438 2328 Sanctorum,
1459 2259 1613 2335 puta
1659 2269 1887 2333 magno
1925 2251 2221 2324 Antonio,
2253 2269 2361 2331 ap-

863 2371 1084 2434 parere
1125 2351 1417 2414 fecerunt
1457 2351 1522 2413 in
1565 2351 1812 2414 deserto
1847 2369 1956 2412 vas
1995 2350 2231 2430 grande
2270 2367 2363 2410 ar-

862 2458 1183 2532 genteum.
1219 2449 1293 2513 Et
1325 2448 1379 2511 si
1410 2450 1729 2512 daemones
1762 2465 2066 2531 apparere
2099 2447 2364 2509 credun-

863 2555 969 2610 tur
1011 2548 1076 2610 in
1122 2547 1458 2630 speciebus
1501 2547 1859 2620 bominum,
1902 2565 2017 2608 cur
2057 2563 2365 2627 apparere

865 2665 993 2709 non
1025 2645 1271 2708 vale-ant
1304 2645 1372 2708 in
1401 2645 1738 2728 speciebus
1778 2662 2191 2706 nummorum
2229 2643 2363 2706 sive

865 2745 1160 2807 vasorum
1226 2761 1340 2827 per
1387 2742 1976 2826 transfigurationes
2025 2760 2184 2824 quas
2242 2740 2363 2823 ipsi

865 2845 1236 2904 noverunt?
1283 2843 1410 2904 Nec
1465 2842 1742 2904 multum
1801 2840 1991 2902 refert
2039 2859 2118 2901 an
2170 2840 2247 2901 de
2297 2857 2363 2900 se

870 2939 1027 3023 ipsis
1070 2940 1656 3022 transfigurationes
1694 2939 2066 3019 hujusmodi
2103 2937 2361 3012 faciant,

867 3057 949 3100 an
993 3039 1070 3100 de
1115 3039 1397 3102 materiis
1439 3039 1600 3101 aliis.

936 3136 1221 3218 Denique
1251 3136 1318 3198 in
1348 3135 1684 3218 speciebus
1715 3135 2108 3217 serpentium
2139 3141 2202 3196 et
2232 3153 2366 3216 spe.-

869 3233 1184 3296 ciosarum
1235 3234 1576 3296 mulierum
1625 3233 1945 3295 interdum
1995 3231 2364 3314 apparuisse

870 3332 1184 3413 leguntur.
1230 3331 1307 3394 Et
1350 3331 1578 3394 merito
1622 3332 1948 3413 quaeritur,
1991 3351 2068 3393 an
2114 3330 2366 3392 realiter

867 3430 1110 3494 fuerint
1153 3430 1310 3492 tales
1358 3430 1601 3504 formae,
1647 3437 1711 3490 et
1760 3429 1824 3490 in
1875 3446 2003 3510 quo
2049 3428 2249 3490 veluti
2302 3427 2365 3489 in

868 3528 1180 3609 subjecto,
1203 3527 1478 3610 qualiter
1503 3527 1694 3590 etiam
1731 3525 2213 3607 malignissimis
2244 3523 2369 3607 spi·

867 3625 1099 3688 ritibus
1131 3624 1336 3708 patuit
1367 3632 1576 3687 tantus
1613 3624 1690 3687 ad
1732 3623 2165 3686 sanctissimos
2197 3623 2366 3685 viros

869 3743 1180 3786 accessus·
1223 3723 1457 3785 Verum
1504 3723 1582 3784 ad
1633 3722 1753 3784 hoc
1795 3741 1831 3783 a
1880 3719 2368 3802 sapientissimis

873 3821 1374 3885 Christianorum
1410 3837 1784 3902 responsum
1819 3827 1936 3893 est,
1970 3837 2094 3881 non
2126 3819 2249 3880 hoc
2276 3837 2370 3879 es-

873 3939 940 3982 se
981 3919 1174 3981 nimis
1219 3919 1604 3992 mirandum,
1640 3937 1836 4000 quum
1879 3925 1941 3980 et
1980 3916 2215 3999 saepius
2255 3916 2370 3978 fla·

871 4017 1247 4100 gellaverint
1290 4018 1550 4080 Sanctos
1595 4018 1660 4080 in
1705 4034 1990 4098 corpore,
2034 4023 2097 4078 et
2135 4015 2370 4096 ipsum-

876 4122 1007 4179 met
1076 4115 1461 4178 Salvatorem
1535 4123 1807 4178 tentator
1882 4114 2111 4176 adierit
2178 4122 2369 4194 atque

2473 1957 2703 2039 integri
2761 1959 2862 2021 vel
2922 1959 3302 2032 detruncati,
3354 1967 3451 2022 est
3511 1959 3577 2022 in
3634 1960 3979 2024 animabus

2472 2056 2898 2138 spectantium
2957 2075 3073 2138 per
3128 2057 3639 2139 procurationem
3689 2065 3754 2120 et
3802 2059 3979 2140 depi-

2472 2154 2749 2217 ctioncm
2786 2155 2887 2234 (ut
2928 2155 3089 2235 dixi)
3128 2155 3553 2236 malignorum
3602 2156 3973 2238 spirituum.

2471 2252 2598 2316 Nec
2628 2261 2723 2315 est
2754 2251 2820 2314 in
2851 2253 2944 2315 eis
2981 2261 3049 2314 ut
3080 2253 3425 2334 cogitatum
3455 2261 3519 2316 et
3549 2253 3827 2334 signum,
3862 2256 3976 2317 sed

2474 2351 2675 2432 magis
2732 2359 2803 2413 ut
2850 2350 3061 2414 visum
3118 2360 3183 2414 et
3230 2371 3331 2414 res
3383 2371 3397 2416 ε
3450 2360 3515 2414 et
3560 2352 3681 2414 hoc
3738 2359 3837 2415 est
3897 2371 3977 2416 ex

2472 2449 2846 2513 fortitudine
2877 2450 3337 2532 impressionis,
3373 2451 3477 2514 cui
3514 2452 3745 2513 addere
3774 2459 3840 2514 et
3869 2472 3979 2513 au-

2473 2546 2641 2610 ferre
2684 2548 2977 2628 malignis
3021 2548 3355 2630 spiritibus
3398 2556 3601 2611 exstat
3639 2549 3973 2632 possibile..

2474 2646 2632 2707 Hinc
2673 2645 2839 2708 sicut
2878 2646 3291 2727 cogitationes
3333 2646 3503 2729 ipsas
3543 2647 3842 2729 ingerunt
3886 2649 3982 2710 in-

2475 2743 2896 2826 spicientibus
2924 2752 3102 2825 gesta
3131 2762 3239 2806 seu
3274 2744 3585 2826 figmenta
3614 2764 3977 2827 magorum,

2475 2842 2567 2904 sic
2599 2841 2767 2924 ipsas
2798 2841 3213 2923 cogitationes
3244 2842 3521 2905 visiones
3550 2842 3882 2924 efficiunt3
3918 2852 3981 2907 et

2477 2958 2617 3021 quae
2674 2948 2852 3001 erant
2910 2940 3111 3021 signa,
3163 2941 3367 3003 videri
3425 2940 3672 3004 faciunt
3726 2960 3855 3005 non
3910 2950 3981 3005 ut

2397 3045 2442 3109 C
2475 3038 2673 3120 signa,
2708 3041 2817 3102 sed
2851 3047 2920 3101 ut
2951 3059 3069 3102 res.
3096 3041 3273 3114 Quod
3302 3059 3452 3123 ergo
3485 3061 3705 3124 magus
3736 3061 3979 3124 equum

2474 3156 2660 3198 suum
2709 3137 3027 3200 frustatim
3072 3139 3448 3202 detruncare
3492 3159 3605 3202 seu
3648 3139 3979 3203 hominem

2474 3238 2776 3300 devorare
2832 3237 3105 3310 videtur,
3166 3236 3287 3300 hoc
3348 3238 3536 3300 modo
3591 3244 3686 3299 est
3740 3245 3807 3299 et
3865 3257 3984 3319 per

2475 3336 2639 3398 hanc
2680 3335 2873 3408 viam,
2915 3343 3225 3416 quantum
3274 3342 3371 3398 est
3417 3335 3496 3398 de
3538 3335 3810 3397 naturali
3856 3337 3984 3397 vir-

2476 3442 2611 3496 tute
2655 3432 3079 3512 malignorum
3122 3433 3488 3515 spirituum.
3522 3433 3980 3496 Verumtamen

2448 3550 2605 3596 ·non
2666 3531 3090 3612 improbabile
3136 3539 3233 3593 est
3290 3531 3447 3594 alias
3494 3532 3629 3594 vias
3684 3533 3779 3594 eis
3838 3552 3983 3596 esse

2478 3629 2849 3712 possibileS,
2885 3629 2997 3711 qui
3048 3629 3395 3694 multarum
3447 3649 3659 3692 rerum
3709 3631 3984 3693 virtutes

2478 3728 2759 3792 occultas
2802 3736 2992 3810 atque
3036 3727 3347 3789 mirificas
3388 3746 3517 3792 non
3562 3728 3877 3809 ignorant.

2560 3827 2825 3908 Insuper
2874 3825 3428 3907 perscrutandum,
3471 3826 3747 3908 qualiter
3794 3828 3987 3908 spiri-

2478 3931 2581 3986 tus
2630 3924 2756 3998 isti,
2810 3924 2919 4005 qui
2970 3942 3087 3985 nec
3135 3922 3298 3987 colla
3356 3942 3475 3985 nec
3523 3923 3827 3987 humeros
3877 3925 3987 3988 ha-

2479 4022 2653 4095 bent,
2708 4021 2998 4084 homines
3046 4021 3354 4102 quosdam
3402 4029 3465 4083 et
3512 4022 3776 4102 grandia
3834 4042 3987 4085 saxa

2478 4121 2847 4201 deportent3
2891 4127 2955 4181 et
2984 4119 3257 4202 qualiter
3290 4117 3531 4198 jaciant
3568 4118 3835 4202 lapides,
3870 4120 3984 4203 qui

874 4215 1291 4296 assumpserit
1329 4233 1549 4277 secum
1587 4215 1666 4276 ad
1711 4215 1847 4277 loca
1884 4213 2151 4276 diversa.
2188 4213 2371 4275 Deni-
2398 4223 2449 4286 D
2481 4238 2706 4282 manus
2735 4219 2812 4281 ad
2842 4217 3207 4298 jaciendum
3241 4236 3367 4280 non
3397 4217 3651 4281 habent.
3677 4219 3984 4282 Homines

876 4331 1022 4394 que,
1064 4313 1337 4396 qualiter
1385 4315 1553 4377 viros
1601 4323 1853 4377 sanctos
1900 4313 2185 4396 quotidie
2236 4321 2369 4375 ten-

742 4479 758 4494 ,
877 4420 1010 4476 tant
1054 4413 1542 4496 cogitationibus
1589 4422 1653 4476 et
1697 4412 2280 4494 imaginationibus,
2314 4412 2368 4474 si

877 4531 1002 4576 non
1053 4521 1149 4576 est
1196 4513 1287 4575 eis
1343 4532 1636 4576 accessus
1684 4513 1760 4574 ad
1818 4513 2062 4574 animas
2118 4530 2369 4575 eorum-

877 4612 1045 4685 dem,
1091 4620 1155 4675 et
1195 4612 1249 4675 si
1300 4631 1426 4676 non
1472 4620 1566 4675 est
1607 4612 1700 4674 eis
1748 4611 2016 4674 facultas
2065 4610 2370 4693 pingendi

877 4711 1147 4792 cogitata
1175 4711 1543 4792 hujusmodi
1577 4711 1638 4773 in
1673 4710 2225 4792 imaginatione-,et
2254 4709 2375 4772 for-

875 4819 938 4872 te
987 4810 1178 4873 etiam
1229 4811 1294 4872 in
1345 4809 1407 4871 vi
1457 4809 1844 4872 intellectiva
1893 4808 2172 4881 illorum,
2214 4828 2372 4890 prae-

875 4909 1096 4974 sertim
1141 4909 1195 4971 si
1243 4908 1437 4970 fuerit
1484 4908 1745 4971 tentatio
1795 4907 2193 4989 cogitationis
2242 4907 2371 4970 bla-

877 5009 1186 5093 sphemiae
1255 5008 1334 5070 de
1405 5006 1596 5070 rebus
1670 5005 2112 5089 spiritualibus
2183 5015 2372 5088 atque

877 5107 1286 5182 sublimibus,
1321 5115 1392 5168 ut
1423 5107 1500 5168 de
1531 5105 1806 5168 essentia
1837 5104 2168 5178 Creatoris,
2202 5111 2264 5166 et
2294 5104 2373 5166 de

880 5205 1350 5278 consimilibus,
1384 5225 1526 5288 qut-‚e
1568 5221 1694 5266 non
1734 5203 1969 5265 cadunt
2007 5203 2130 5265 nisi
2172 5203 2237 5264 in
2280 5202 2373 5264 in-

879 5304 1246 5369 tellectum?
1275 5305 1668 5389 Quapropter
1711 5301 1896 5368 facile
1941 5309 2038 5366 est
2078 5300 2373 5384 malignis

2480 4326 2691 4380 tamen
2733 4317 2965 4378 ictibus
3007 4316 3134 4378 illis
3175 4335 3315 4379 raro
3352 4325 3459 4379 aut
3500 4336 3832 4399 nunquam
3878 4319 3983 4382 lae·
4032 4338 4247 4410 emant.

2480 4417 2639 4480 dunt
2681 4435 2695 4479 :
2740 4433 2867 4497 quo
2916 4422 3159 4478 constat
3200 4415 3501 4477 virtutem
3554 4435 3775 4478 eorum
3820 4417 3983 4480 divi-
4010 4417 4183 4510 23:³¹¹

2479 4515 2653 4576 nitus
2683 4532 2821 4576 esse
2852 4513 3229 4586 restrictam,
3264 4514 3565 4595 quoniam
3594 4514 3807 4596 jacere
3843 4535 3982 4597 per-

2483 4613 2845 4684 mittuntur,
2886 4619 2951 4674 et
2994 4611 3220 4674 laedere
3266 4612 3703 4694 prohibentur.
3739 4613 3981 4696 Estque

2482 4710 2775 4774 mirabile
2835 4709 3109 4792 qualiter
3168 4728 3368 4792 usque
3419 4709 3485 4771 in
3538 4710 3831 4774 homines
3888 4713 3982 4794 ja-

2482 4817 2655 4872 ctent
2693 4828 2841 4871 saxa
2880 4808 3122 4889 absque
3166 4807 3503 4871 bominum
3546 4809 3823 4872 laesione.
3860 4812 3981 4874 Sed

2483 4927 2672 4971 causa
2722 4907 2785 4968 in
2834 4908 2955 4969 boc
2996 4913 3093 4969 est
3140 4907 3479 4980 restrictio,
3524 4906 3670 4989 quia
3717 4917 3985 4972 conatus

2483 5024 2703 5069 eorum
2737 5006 3100 5068 moderatur
3128 5004 3347 5066 divina
3382 5003 3652 5068 bonitas.
3686 5043 3767 5052 ——
3796 5007 3987 5072 Porro

2484 5105 2619 5168 haec
2650 5103 2983 5187 possibilia
3012 5122 3149 5165 esse
3186 5103 3350 5166 scire
3387 5111 3568 5185 potes
3608 5104 3747 5165 istis
3776 5122 3991 5166 exem·

2486 5202 2627 5285 plis.
2692 5202 2962 5265 Adamas
3021 5219 3300 5283 namque
3356 5221 3468 5264 seu
3534 5220 3793 5283 magnes
3853 5203 3989 5264 sola

2486 5319 2600 5364 sua
2646 5300 2905 5364 virtute.
2938 5299 3180 5382 absque
3238 5300 3521 5382 impulsu
3570 5301 3675 5362 dat
3736 5309 3983 5364 motum
