4334 6242
857 483 938 550 28
1681 503 1876 550 'rimu
1917 505 2030 552 SEU
2069 503 2343 552 RUBRIGAE
2383 504 2543 550 LIBRI
2584 505 2629 551 11
2670 505 3133 552 SENTENTIARUH

948 682 1186 744 Utrum
1213 681 1378 747 illud
1407 681 1745 764 peccatum
1777 681 1865 746 sit
1883 680 2349 762 necessarium,
2381 674 2431 737 A
2552 681 2743 755 Quod
2794 699 3001 763 quum
3048 682 3390 764 peccatum
3440 683 3529 747 sit
3571 701 3765 766 poena
3807 703 3965 767 pec-

856 789 963 853 vel
1009 789 1479 854 voluntarium.

945 898 1158 971 Quare
1215 898 1395 962 Deus
1439 897 1663 980 Jungit
1717 898 2009 961 animam
2069 897 2349 978 corpori,

855 1005 1069 1069 sciens
1115 1022 1261 1068 eam
1308 1005 1460 1070 inde
1509 1005 1844 1069 maculari.

943 1113 1048 1174 An
1078 1113 1299 1176 anima
1327 1114 1415 1176 sit
1440 1113 1591 1177 talis
1616 1112 1832 1195 qualis
1851 1130 1890 1175 a
1909 1113 2050 1175 Deo
2073 1113 2349 1176 creatur.

943 1219 1049 1282 An
1093 1220 1332 1284 animae
1372 1237 1453 1284 ex
1495 1221 1820 1284 creatione
1867 1219 2000 1282 sint
2045 1219 2114 1282 in
2162 1219 2355 1283 donis

857 1325 1268 1390 naturalibus
1314 1327 1623 1408 aequales,

947 1434 1321 1496 D1s'rmc'r10
1369 1433 1690 1498 XXXIII.
1742 1435 1846 1497 An
1903 1435 2166 1515 peccata
2216 1451 2357 1496 om-

859 1541 1048 1604 nium
1085 1541 1595 1621 praecedentium
1633 1542 1893 1622 patrum
1927 1541 2186 1622 parvuli
2219 1542 2355 1604 ori-

859 1648 1164 1729 ginaliter
1198 1648 1482 1728 trahant,
1515 1651 1590 1712 ut
1625 1650 1968 1730 peccatum
2005 1649 2191 1713 Adae.

949 1760 1296 1833 Quomodo
1353 1761 1422 1822 in
1478 1761 1591 1824 illo
1646 1761 1862 1843 primo
1909 1777 2042 1824 uno
2089 1764 2354 1842 peccato

858 1868 1050 1950 plura
1095 1869 1530 1949 reperiuntur.

948 1976 1052 2038 An
1118 1976 1459 2056 peccatum
1530 1977 1693 2040 Adae
1759 1977 1848 2040 sit
1909 1977 2177 2058 gravius
2244 1994 2352 2041 ce-

865 2083 1043 2147 teris.

946 2191 1050 2254 An
1087 2190 1252 2255 illud
1289 2193 1628 2272 peccatum
1668 2192 1757 2256 sit
1797 2193 2030 2274 primis
2072 2192 2357 2274 parenti-

858 2298 984 2362 bus
1029 2299 1402 2363 dimissum.

949 2406 1296 2480 Quomodo
1326 2409 1590 2488 peccata
1626 2409 1972 2490 parentum
2005 2407 2357 2472 visitentur

861 2515 928 2577 in
975 2515 1172 2594 filios,
1217 2517 1284 2578 et
1327 2532 1461 2577 non
1507 2516 1879 2579 visitentur.

947 2623 1321 2685 D1s‘r1nc‘r10
1377 2620 1691 2685 XXXIV.
1751 2623 1850 2685 De
1909 2624 2176 2704 peccato
2242 2639 2355 2685 ac-

864 2729 1049 2793 tuali.

950 2837 1112 2911 Quae
1150 2835 1350 2901 fuerit
1396 2836 1578 2917 origo
1627 2838 1692 2900 et
1729 2854 1926 2901 causa
1955 2837 2168 2919 prima
2206 2857 2358 2920 pec—

863 2945 1013 3008 cati.

2464 790 2615 870 cati,
2684 792 3025 870 peccatum
3094 791 3193 854 est
3260 790 3343 854 ab
3406 791 3698 874 homine,
3766 812 3959 876 poena

2464 914 2503 959 a
2539 897 2702 961 De0.

2552 1004 2650 1067 De
2692 1003 3088 1085 quibusdam
3126 1022 3273 1086 quae
3313 1005 3757 1071 indubitanter
3801 1008 3961 1071 sunt

2464 1117 2728 1198 peccata
2756 1117 2822 1180 et
2854 1135 3101 1199 poenae3
3134 1119 3201 1180 et
3237 1117 3305 1179 in
3346 1121 3667 1199 quantum
3704 1139 3815 1184 eas
3842 1138 3959 1202 pa-

2464 1224 2689 1304 timur,
2730 1227 2995 1306 peccata
3032 1242 3165 1288 non
3198 1227 3374 1288 sunt.

2552 1331 2927 1394 D1sT1xc‘r1o
2974 1331 3321 1396 XXXVII.
3361 1332 3551 1406 Quod
3594 1334 3799 1416 aliqui
3838 1354 3961 1417 pu-

2464 1440 2628 1518 tant,
2688 1438 2899 1502 malos
2962 1440 3147 1502 actus
3210 1441 3391 1505 nullo
3439 1441 3637 1504 modo
3704 1461 3845 1508 esse
3918 1462 3959 1508 a

2465 1548 2628 1610 Dec.

2554 1654 2655 1716 Ex
2707 1671 2840 1736 quo
2896 1672 3095 1718 sensu
3143 1655 3393 1718 dictum
3441 1656 3551 1736 sit,
3595 1658 3775 1722 Deus
3824 1676 3957 1722 non

2466 1763 2567 1826 est
2608 1762 2765 1825 mali
2804 1763 3051 1825 auctor.

2390 1863 2439 1927 B
2554 1869 2927 1932 Dlsrmc‘rlo
2964 1868 3346 1934 XXXVIII.
3380 1871 3479 1934 De
3518 1871 3851 1936 voluntate
3892 1874 3962 1938 et

2468 1976 2613 2057 eJus
2658 1977 2809 2039 fine.

2554 2083 2729 2157 Quid
2766 2083 2853 2146 sit
2887 2083 3101 2147 bonus
3144 2084 3319 2165 finiS,
3361 2085 3611 2150 scilicet
3655 2088 3909 2151 caritas.

2554 2190 2747 2264 Quod
2798 2208 3026 2255 omnes
3082 2192 3271 2256 bonae
3328 2192 3699 2258 voluntates
3752 2213 3963 2259 unum

2464 2299 2665 2362 finem
2693 2298 2957 2379 habent,
2991 2299 3056 2362 et
3083 2299 3302 2362 tamen
3334 2300 3637 2380 quaedam
3666 2301 3963 2367 diversos

2464 2406 2629 2470 fines
2676 2406 3061 2469 sortiuntur.

2553 2514 2651 2577 De
2683 2513 3049 2577 differentia
3085 2514 3442 2578 voluntatis
3480 2516 3545 2579 et
3580 2515 3963 2582 intentionis

2466 2621 2531 2683 et
2565 2621 2738 2684 finis.

2554 2731 2927 2792 DIS‘rmci-lo
2956 2728 3275 2791 XXXIX.
3298 2729 3513 2802 Quare
3533 2730 3837 2794 voluntas
3863 2732 3963 2794 di-

2468 2836 2650 2898 catur
2704 2836 3069 2917 peccatum,
3129 2853 3338 2917 quum
3403 2837 3491 2900 sit
3550 2837 3632 2901 de
3692 2839 3961 2902 natura-

2466 2943 2664 3021 libus,
2724 2960 3005 3023 quorum
3066 2943 3327 3007 nullum
3382 2943 3564 3007 aliud
3617 2946 3959 3026 peccatum

949 3053 1110 3127 Quae
1162 3053 1288 3116 fuit
1334 3052 1718 3116 secundaria
1761 3071 1958 3116 causa
2004 3053 2353 3118 malorum.
2393 3051 2436 3114 C
2468 3051 2588 3114 est.

949 3161 1142 3234 Quod
1181 3178 1314 3224 non
1360 3160 1488 3222 nisi
1527 3160 1595 3222 in
1642 3159 1814 3222 bona
1851 3178 1918 3224 re
1956 3161 2044 3223 sit
2081 3161 2355 3226 malum.

954 3267 1147 3340 Quod
1175 3267 1242 3330 in
1273 3268 1380 3330 his
1416 3266 1584 3329 fallit
1613 3267 2105 3331 dialecticorum
2133 3268 2362 3348 regula

864 3374 945 3439 de
993 3375 1356 3438 contrariis,

954 3484 1329 3546 D1s'rmc‘r10
1358 3482 1638 3546 XXXV.
1665 3483 1840 3557 Quid
1876 3483 1963 3547 sit
1991 3486 2355 3564 peccatum.

956 3591 1196 3654 Utrum
1234 3590 1450 3654 malus
1491 3593 1676 3654 actus
1715 3592 1782 3653 in
1835 3592 2155 3672 quantum
2208 3609 2359 3672 pec-

865 3699 1086 3762 catum
1161 3699 1282 3776 est,
1351 3698 1439 3760 sit
1502 3698 1832 3780 corruptio
1899 3697 2002 3760 vel
2077 3698 2359 3778 privatio

863 3805 1042 3868 boni.

953 3911 1301 3985 Quomodo
1338 3913 1679 3992 peccatum
1707 3911 1920 3992 possit
1947 3927 2362 3992 corrumpere

863 4019 1137 4099 bonum,
1179 4035 1386 4100 quum
1433 4017 1601 4081 nihil
1647 4019 1754 4082 sit.

954 4127 1252 4202 Qualiter
1277 4143 1347 4189 se
1378 4126 1579 4189 homo
1619 4126 1878 4206 elongat
1915 4143 1955 4188 a
1990 4126 2154 4189 Deo.

957 4235 1062 4297 An
1099 4250 1292 4315 poena
1328 4233 1415 4296 sit
1456 4233 1738 4314 privatio
1776 4233 1956 4295 boni.

957 4343 1332 4405 D1s‘r1Nc‘r10
1369 4338 1683 4402 XXXVI.
1713 4339 1906 4413 Quod
1933 4341 2236 4419 quaedam
2274 4340 2365 4403 si-

869 4450 1011 4514 mul
1042 4450 1198 4513 sunt
1233 4448 1495 4529 peccata
1531 4448 1598 4510 et
1633 4464 1827 4529 poena
1861 4447 2140 4531 peccati,
2182 4465 2364 4527 quae-

869 4563 1024 4624 dam
1069 4559 1335 4640 peccata
1372 4559 1437 4621 et
1483 4575 1680 4622 causa
1716 4557 1988 4639 peccati,
2038 4556 2168 4620 alia
2210 4574 2365 4621 vero

868 4668 1136 4750 peccata
1171 4667 1238 4730 et
1275 4683 1472 4729 causa
1501 4667 1566 4728 et
1601 4683 1795 4746 poena
1831 4666 2102 4746 peccati.

959 4775 1062 4837 An
1086 4775 1429 4856 peccatum
1453 4773 1542 4836 sit
1560 4790 1756 4837 causa
1775 4774 2048 4854 peccati,
2069 4773 2139 4836 in
2161 4790 2369 4855 quan-

869 4885 1014 4948 tum
1059 4882 1402 4963 peccatum
1451 4883 1570 4944 est.

959 4989 1152 5063 Quod
1205 5004 1341 5050 non
1395 5004 1589 5051 omne
1639 4989 1981 5069 peccatum
2031 4989 2130 5053 est
2177 5005 2370 5071 poena

870 5094 1145 5178 peccati.

962 5203 1199 5265 Utrum
1231 5202 1494 5283 peccata
1530 5201 1750 5283 aliqua
1777 5201 2212 5266 essentialiter
2238 5201 2373 5266 sint

874 5326 1086 5392 poenae
1132 5307 1404 5390 peccati.

2557 3159 2771 3231 Quare
2800 3160 2985 3221 actus
3014 3157 3373 3221 voluntatis
3400 3158 3487 3222 sit
3510 3160 3873 3241 peccatum,
3904 3160 3961 3223 si

2468 3268 2653 3329 actus
2690 3266 2968 3329 aliarum
3005 3266 3445 3347 potentiarum
3474 3283 3607 3330 non
3636 3269 3790 3331 sunt
3819 3285 3964 3349 pec-

2471 3376 2633 3437 cata.

2556 3483 2659 3544 Ex
2688 3499 2820 3562 quo
2849 3499 3046 3546 sensu
3072 3482 3313 3545 dicitur
3340 3482 3722 3545 naturaliter
3748 3483 3962 3545 omnis

2469 3590 2669 3652 homo
2717 3590 2885 3652 velle
2931 3589 3202 3652 bonum.

2558 3698 2932 3760 D1s'rmc'r10
2972 3697 3111 3759 XL.
3144 3697 3250 3758 An
3292 3713 3373 3760 ex
3412 3697 3543 3760 fine
3592 3714 3821 3762 omnes
3859 3715 3965 3761 ac-

2469 3807 2578 3868 tus
2624 3804 2882 3886 pensari
2930 3803 3229 3866 debeant.

2558 3913 2661 3975 Ex
2716 3928 2848 3991 quo
2910 3911 3145 3974 affectu
3199 3910 3307 3975 vel
3358 3911 3487 3975 fine
3543 3928 3772 3976 omnes
3832 3913 3967 3978 sint

2471 4019 2627 4083 boni
2664 4018 2769 4082 vel
2806 4018 2987 4082 mali.

2562 4129 2938 4192 D1sT1Ncr10
2965 4126 3141 4189 XLI.
3174 4127 3281 4189 An
3312 4127 3531 4190 omnis
3556 4127 3833 4192 intentio
3862 4129 3967 4192 vel

2394 4239 2445 4301 D
2474 4235 2642 4298 actio
2685 4234 3047 4298 infidelium
3098 4234 3186 4297 sit
3222 4234 3417 4297 mala.

2564 4342 2819 4415 Quibus
2855 4342 3072 4405 modis
3107 4342 3363 4405 dicatur
3398 4341 3668 4406 bonum.

2566 4449 2911 4522 Quomodo
2952 4449 3342 4530 intelligitur
3388 4449 3575 4531 illud,
3616 4450 3966 4516 Peccatum

2476 4559 2636 4622 adeo
2676 4559 2775 4622 est
2813 4557 3280 4637 voluntarium,
3321 4559 3397 4620 ut
3424 4559 3607 4622 nullo
3645 4560 3843 4622 modo
3881 4561 3969 4624 sit

2474 4668 2842 4748 peccatum,
2895 4665 2951 4729 si
3008 4682 3139 4726 non
3196 4665 3285 4726 sit
3338 4665 3842 4748 voluntarium3
3904 4670 3969 4731 et

2478 4774 2665 4853 illud,
2704 4773 3047 4853 Nusquam
3083 4772 3215 4835 nisi
3261 4771 3329 4835 in
3367 4772 3703 4837 voluntate
3744 4791 3970 4855 pecca-

2477 4883 2619 4943 tum
2687 4880 2826 4960 est3
2885 4880 2950 4940 et
3006 4878 3191 4958 item,
3242 4879 3393 4942 Non
3448 4879 3577 4941 nisi
3632 4878 3970 4944 voluntate

2478 4988 2804 5069 peccatur.

2568 5094 2761 5169 Quod
2806 5091 2979 5157 mala
3024 5094 3330 5158 voluntas
3378 5095 3477 5158 est
3526 5094 3972 5159 voluntarium

2476 5203 2842 5286 peccatum.
3698 5299 3702 5303 ¹

2568 5309 2942 5373 D1s‘rmcno
2970 5307 3183 5372 XLII.
3224 5307 3329 5371 An
3356 5307 3663 5373 voluntas
3700 5310 3764 5373 et
3801 5309 3969 5373 actio
