4334 6242
149 1688 268 1731 arod.
284 1703 351 1739 vn,

134 1754 190 1801 123
205 1765 278 1799 vui,
297 1754 334 1793 7.

149 1812 214 1856 lob
239 1827 266 1863 ι.
290 1817 352 1864 1⁶,

135 1880 182 1919 12².

841 524 928 570 AN
969 522 1268 570 nAEuoNas
1309 522 1618 569 NArunAu
1657 523 1914 569 viarum
1956 521 2205 569 Possim·
2246 522 2408 570 vnaA
2450 523 2760 571 maetenni
2800 522 3034 572 monna
3370 504 3485 571 421

387 711 640 755 mauam
675 710 690 755 ε
723 693 942 777 sicque
984 694 1302 758 daemones
1338 693 1646 756 miracula
1675 692 1884 757 facere
1913 691 1966 756 A
1994 694 2195 776 possit
2224 714 2302 757 ex
2339 714 2485 757 aere
2514 694 2639 757 sihi
2674 694 2947 758 formare
2986 702 3177 778 atque
3212 714 3493 758 assume-

385 791 618 864 valent‚
652 792 820 855 sicut
849 799 912 855 et
942 813 1107 855 unus
1148 793 1340 855 homo
1380 792 1701 854 interdum
1732 791 1884 855 facit

382 891 551 971 quod
590 890 958 953 facultatem
999 898 1062 953 et
1095 891 1522 972 cognitionem
1563 898 1882 953 transcen-

381 988 473 1050 dit
509 988 796 1063 alterius,
828 996 894 1051 et
933 989 1116 1051 illum
1155 989 1219 1051 in
1261 989 1746 1052 admirationem
1781 990 1882 1051 de-

380 1086 575 1149 ducit.

459 1186 763 1259 Quamvis
811 1194 1024 1249 autem
1077 1204 1269 1270 opera
1322 1188 1472 1249 talia
1519 1187 1878 1250 daemonum

378 1286 456 1347 ad
507 1304 724 1348 veram
783 1293 848 1347 et
903 1286 1158 1367 plenam
1218 1287 1527 1348 rationem
1587 1286 1880 1349 miraculi

380 1402 507 1445 non
538 1384 1092 1466 pertingant,sunt
1121 1392 1335 1447 tamen
1367 1385 1748 1467 quandoque
1779 1404 1879 1448 res

379 1501 568 1552 verm,
621 1500 748 1545 non
807 1482 1220 1565 phantasticae
1274 1500 1288 1545 :
1339 1484 1878 1565 quemadmodum

381 1581 550 1662 magi
598 1581 939 1643 Pharaonis
984 1581 1220 1643 virtute
1270 1582 1654 1656 daemonum,
1696 1600 1880 1645 veros

381 1680 821 1761 produxerunt
859 1687 1185 1761 serpentes
1223 1698 1297 1743 ac
1335 1698 1555 1759 ranas3
1587 1689 1651 1743 et
1687 1701 1881 1763 quan-

381 1779 464 1841 do
495 1778 660 1859 ignis
690 1779 767 1841 de
799 1778 962 1841 coelo
990 1779 1243 1853 cadenS,
1277 1778 1479 1841 sancti
1506 1779 1620 1842 Job
1652 1798 1882 1861 pecora

1993 812 2060 855 re
2091 812 2322 875 corpus
2354 793 2819 875 cujuscumque
2848 792 3073 875 figurae
3101 801 3211 856 aut
3242 793 3486 868 formae,

1991 893 2213 953 eadem
2263 891 2497 953 virtute
2550 910 2623 953 ac
2672 891 2914 954 ratione
2962 899 3171 973 potest
3218 890 3491 955 circum-

1991 1008 2228 1071 ponere
2267 989 2449 1051 alteri
2483 990 2574 1051 rei
2611 1008 3081 1072 quamcumque
3113 988 3388 1072 figuram
3424 998 3489 1053 et

1989 1087 2262 1151 formam
2304 1106 2694 1169 corpoream,
2727 1096 2798 1150 ut
2837 1088 2903 1150 in
2943 1088 3115 1151 illius
3154 1088 3367 1171 specie
3398 1089 3487 1153 vi-

1989 1188 2235 1261 deatur,
2266 1194 2329 1249 et
2378 1194 2677 1269 appareat
2717 1187 2887 1268 quod
2926 1205 3053 1249 non
3096 1195 3211 1250 est.
3246 1188 3323 1249 Et
3362 1187 3485 1251 hoc

1989 1293 2082 1349 est
2115 1286 2285 1367 quod
2316 1286 2791 1349 octavodecimo
2820 1287 2897 1349 de
2929 1286 3193 1349 Civitate
3221 1287 3335 1349 Dei
3366 1288 3485 1350 Au-

1988 1385 2283 1465 gustinus
2329 1391 2618 1458 testatur,
2660 1382 2809 1466 quia
2855 1385 3325 1466 phantasticum
3374 1386 3485 1448 ho-

1990 1484 2206 1557 miniS‚
2241 1484 2407 1565 quod
2446 1483 2636 1545 etiam
2684 1483 2748 1545 in
2788 1483 3120 1564 cogitando
3162 1502 3273 1546 seu
3318 1501 3487 1547 som-

1989 1582 2223 1645 niando
2264 1601 2380 1664 per
2408 1582 2973 1644 innumerabilium
3004 1600 3218 1645 rerum
3252 1601 3484 1664 genera

1986 1680 2291 1753 variatur,
2342 1680 2519 1742 velut
2574 1680 3048 1761 incorporatum
3097 1680 3161 1742 in
3209 1680 3483 1760 alicujus

1987 1778 2283 1841 animalis
2313 1786 2423 1841 aut
2448 1778 2709 1841 alterius
2738 1779 3017 1843 hominis
3046 1778 3258 1862 specie
3288 1779 3485 1842 sensi-

381 1895 744 1960 puerosque
789 1878 1207 1959 consumpsit,
1243 1876 1430 1939 turbo
1472 1896 1726 1959 quoque
1775 1879 1880 1941 do·
1910 1879 1957 1942 B
1989 1876 2108 1939 bus
2151 1884 2415 1959 apparet
2456 1877 2700 1939 alienis.
2736 1877 2912 1950 Quod
2950 1895 3075 1940 non
3120 1885 3215 1939 est
3259 1877 3351 1939 sic
3390 1877 3482 1939 in-

381 1994 562 2037 mum
594 1974 735 2055 ejus
765 1974 1101 2049 subvertit,
1119 1982 1182 2037 et
1210 1975 1382 2038 filios
1411 1975 1552 2056 ejus
1580 1976 1878 2057 filiasque

378 2074 637 2147 occidit,
671 2072 804 2135 haec
853 2072 1113 2135 fuerunt
1161 2091 1288 2136 non
1334 2073 1728 2155 phantastica
1767 2075 1876 2136 sed

375 2172 572 2234 realia
616 2172 858 2234 Satanae
897 2189 1109 2254 opera,
1143 2178 1214 2233 ut
1249 2170 1556 2234 vicesimo
1600 2172 1677 2234 de
1717 2172 1882 2235 Civi-

375 2278 502 2333 tate
541 2270 656 2332 Dei
695 2270 922 2332 asserit
960 2268 1372 2351 Augustinus.
1404 2269 1618 2333 Nihilo
1664 2271 1876 2333 minus

373 2367 748 2449 hujusmodi
790 2367 969 2450 signa
1007 2367 1241 2430 diaboli
1285 2368 1586 2430 dicuntur
1622 2370 1876 2431 menda-

373 2468 474 2530 cia
522 2488 600 2530 ex
650 2476 828 2549 parte
878 2466 1054 2541 finis,
1087 2467 1390 2548 quoniam
1436 2468 1514 2530 ad
1563 2468 1876 2549 deceptio-

373 2586 523 2628 nem
570 2566 905 2629 hominum
956 2565 1330 2627 ordinantur
1370 2585 1408 2627 a
1452 2566 1696 2628 Satana.

453 2664 584 2727 Nec
616 2663 786 2726 fiunt
824 2664 959 2726 solo
995 2662 1268 2745 imperio
1303 2663 1663 2726 daemonum
1700 2682 1713 2725 :
1748 2681 1874 2726 non

373 2762 549 2825 enim
583 2761 849 2825 materia
878 2761 1225 2843 corporalis
1255 2762 1471 2823 obedit
1500 2762 1741 2843 angelis
1772 2762 1879 2825 bo-

371 2862 474 2923 nis
503 2868 616 2923 aut
645 2860 830 2923 malis
859 2860 936 2921 ad
968 2868 1219 2934 nutum,
1240 2859 1328 2921 ita
1357 2860 1526 2941 quod
1557 2862 1874 2924 daemones

369 2960 627 3023 valeant
665 2978 781 3021 sua
807 2958 1043 3021 virtute
1083 2965 1505 3021 transmutare
1545 2960 1872 3023 materiam

1987 1976 2425 2056 telligendum,
2488 1976 2656 2058 quod
2725 1975 2863 2057 ipsa
2922 1976 3017 2039 vis
3085 1976 3482 2057 phantastica

1985 2074 2268 2137 hominis
2307 2082 2414 2136 aut
2454 2075 2699 2156 species
2744 2075 2907 2155 ejuS‚
2948 2075 3168 2136 eadem
3212 2092 3481 2137 numero

1986 2173 2387 2255 incorporata
2426 2173 2687 2235 alterius
2734 2172 3029 2235 sensibus
3076 2172 3478 2252 ostendatur3

1985 2271 2095 2333 sed
2137 2272 2307 2354 quod
2351 2272 2621 2346 daemon,
2656 2272 2765 2354 qui
2812 2270 2879 2333 in
2922 2270 3253 2353 phantasia
3288 2270 3479 2333 unius

1985 2369 2265 2431 hominis
2315 2370 2547 2431 format
2593 2369 2871 2451 aliquam
2920 2369 3221 2451 speciem,
3274 2376 3482 2451 potest

1983 2467 2175 2529 etiam
2226 2467 2504 2530 similem
2548 2468 2829 2549 spe-ciem
2878 2466 3173 2530 sensibus
3219 2466 3481 2529 alterius

1984 2576 2385 2648 praesentare.
2418 2602 2498 2612 —
2527 2567 2671 2629 Haec
2712 2566 2979 2629 Thomas
3020 2566 3085 2628 in
3125 2566 3407 2629 Summa.

2062 2665 2367 2729 Praeterea
2415 2664 2481 2727 in
2530 2664 2749 2727 eadem
2800 2664 3081 2738 Summa,
3131 2664 3480 2747 quaestione

1983 2763 2333 2825 centesima
2376 2762 2644 2837 decima,
2679 2762 2925 2844 quierit,
2958 2780 3036 2825 an
3078 2763 3285 2843 angeli
3324 2762 3477 2826 boni

1983 2880 2095 2923 seu
2127 2860 2278 2923 mali
2318 2860 2565 2943 possint
2604 2860 2913 2923 miracula
2940 2859 3167 2923 facere.
3203 2861 3482 2943 Respon-

1982 2958 2088 3021 det
2123 2977 2136 3020 :
2172 2958 2544 3021 Miraculum
2590 2976 2717 3021 non
2758 2958 2992 3020 dicitur
3030 2959 3285 3041 proprie
3323 2960 3477 3021 dum

371 3060 450 3121 de
483 3057 692 3121 forma
722 3058 787 3120 in
818 3056 1128 3135 formam3
1161 3057 1271 3118 sed
1301 3058 1547 3119 semina
1585 3058 1874 3139 quaedam
1912 3062 1956 3126 C
1983 3056 2227 3138 aliquid
2267 3055 2345 3117 fit
2385 3063 2613 3138 praeter
2651 3074 2908 3118 cursum
2949 3064 3012 3117 et
3048 3056 3337 3119 ordinem
3366 3057 3479 3120 ali-

373 3156 441 3219 in
481 3155 820 3219 elementis
853 3154 1113 3217 latentia
1151 3164 1420 3237 possunt
1457 3154 1759 3218 adhibere
1797 3158 1874 3219 ad

373 3254 526 3316 talia
577 3253 1004 3337 producenda,
1037 3261 1104 3315 ut
1159 3253 1440 3334 loquitur
1486 3254 1876 3335 Augustinus

373 3353 564 3415 tertio
615 3354 694 3415 de
743 3351 1064 3414 Trinitate.
1109 3351 1269 3413 Hinc
1316 3369 1536 3414 omnes
1586 3370 1876 3433 corpora-

373 3452 534 3515 lium
595 3450 1152 3513 transmutationes
1207 3469 1348 3532 quae
1406 3450 1630 3512 talium
1688 3451 1876 3513 semi-

371 3570 530 3613 num
591 3548 987 3611 adhibitione
1039 3568 1152 3610 seu
1206 3549 1592 3611 naturalium
1641 3549 1876 3613 virtute

369 3647 518 3711 fieri
572 3654 836 3729 queunt,
888 3646 1252 3729 operatione
1311 3647 1672 3709 daemonum
1730 3646 1872 3710 fieri

373 3752 646 3829 possunt
691 3762 707 3806 z
755 3752 826 3806 ut
873 3743 1025 3806 dum
1077 3763 1178 3805 res
1226 3744 1515 3826 quaedam
1565 3752 1876 3807 transmu-

373 3852 592 3906 tantur
656 3842 722 3904 in
791 3849 1118 3924 serpentes
1173 3842 1273 3903 vel
1343 3861 1547 3915 ranaS,
1609 3862 1750 3923 quae
1811 3850 1876 3904 et

371 3962 490 4025 per
521 3940 1052 4024 putrefactionem
1092 3940 1433 4022 aliquando
1468 3950 1869 4020 generantur.

370 4039 960 4104 Transmutationes
1003 4045 1218 4101 autem
1262 4040 1686 4120 corporalium
1735 4058 1874 4121 quae

368 4139 519 4201 fieri
551 4144 878 4220 nequeunt
909 4137 1144 4199 virtute
1176 4144 1436 4209 naturae,
1471 4156 1872 4219 nequaquam

1986 3154 2170 3235 cujus
2213 3153 2614 3236 particularis
2660 3160 2935 3232 naturae3
2974 3153 3131 3216 alias
3168 3154 3279 3236 qui
3324 3154 3482 3237 lapi-

1985 3254 2128 3315 dem
2181 3252 2521 3333 projiceret
2568 3270 2845 3325 sursum,
2882 3259 3251 3334 operaretur
3297 3252 3483 3314 mira-

1985 3351 2222 3413 culum.
2259 3349 2377 3413 Sed
2413 3349 2791 3411 miraculum
2822 3350 3079 3432 proprie
3118 3350 3483 3413 nominatur

1984 3452 2152 3533 quod
2220 3449 2296 3511 fit
2354 3456 2582 3531 praeter
2638 3447 2928 3510 ordinem
2988 3448 3182 3511 totius
3238 3456 3480 3512 naturae

1985 3556 2228 3612 creatae.
2279 3548 2425 3609 Ideo
2483 3545 2656 3609 solus
2704 3546 2870 3607 Deus
2920 3552 3127 3627 potest
3173 3546 3484 3608 miracula

1984 3648 2212 3710 facere.
2249 3644 2460 3708 Sancti
2491 3662 2645 3706 vero
2684 3644 2986 3705 dicuntur
3012 3644 3262 3725 operari
3294 3644 3481 3707 mira-

1985 3744 2149 3818 cula,
2182 3743 2283 3805 vel
2325 3742 2475 3824 quia
2513 3741 2590 3802 ad
2631 3759 2852 3804 eorum
2893 3740 3265 3822 petitionem
3310 3741 3479 3803 fiunt

1981 3862 2018 3903 a
2049 3841 2197 3913 Deo,
2232 3840 2333 3901 vel
2362 3838 2515 3921 quia
2550 3838 2805 3920 aliquod
2850 3838 3277 3901 ministerium
3308 3841 3481 3903 exhi-

1981 3940 2136 4001 bent
2179 3939 2245 4001 in
2286 3937 2686 4000 miraculosis
2727 3935 3089 4001 effectibus.
3125 3938 3353 4020 Sicque
3391 3937 3480 4000 ait

1982 4038 2319 4118 Gregorius
2356 4056 2369 4099 ε
2403 4038 2681 4099 Virtutes
2721 4046 3030 4099 vocantur
3071 4038 3167 4099 illi
3216 4038 3479 4121 spiritus

1982 4156 2096 4219 per
2143 4154 2302 4218 quos
2360 4136 2539 4217 signa
2596 4143 2658 4197 et
2709 4136 3028 4198 mirabilia
3082 4136 3479 4217 frequentius

370 4237 550 4300 effici
584 4244 854 4319 possunt
883 4236 1236 4297 secundum
1268 4235 1357 4297 rei
1389 4236 1718 4297 veritatem
1756 4236 1874 4299 dae-
1904 4245 1955 4306 D
1983 4236 2168 4299 fiunt.
2193 4235 2681 4316 —Augustinus
2711 4252 2861 4297 vero
2902 4234 2964 4296 in
2999 4235 3163 4297 libro
3190 4235 3479 4297 Lxxxnl

373 4355 639 4403 monum
679 4343 984 4417 potestate
1019 4341 1138 4395 :ut
1175 4334 1344 4416 quod
1387 4352 1617 4417 corpus
1653 4334 1873 4396 huma-

371 4456 526 4501 num
556 4441 834 4497 mutetur
865 4433 928 4495 in
961 4450 1190 4515 corpus
1221 4442 1284 4495 et
1313 4432 1584 4513 figuram
1616 4434 1875 4497 alterius

373 4535 615 4621 speciei
653 4554 766 4597 seu
800 4533 1052 4611 hestiae3
1086 4533 1193 4595 sed
1238 4532 1358 4594 hoc
1409 4532 1484 4594 fit
1523 4534 1874 4595 secundum

372 4633 816 4719 apparentiam
848 4640 1114 4694 tantum.
1151 4632 1326 4705 Quod
1369 4634 1736 4713 contingere
1767 4651 1876 4715 po-

373 4742 502 4798 test
544 4731 906 4815 dupliciter.
940 4732 1149 4793 Primo
1189 4731 1268 4794 ab
1311 4731 1618 4805 interiori,
1654 4751 1877 4795 secun·

373 4834 530 4895 dum
562 4831 732 4912 quod
772 4830 1018 4892 daemon
1060 4837 1266 4910 potest
1305 4829 1643 4892 immutare
1673 4830 1876 4893 homi-

373 4932 478 4993 nis
511 4928 1013 5013 phantasiam‚et
1042 4928 1232 4990 etiam
1263 4948 1488 4991 sensus
1518 4947 1875 5011 corporeOS‚

377 5030 466 5092 ita
495 5029 664 5111 quod
697 5026 938 5109 aliquid
971 5026 1259 5089 videatur
1293 5028 1476 5090 aliter
1509 5048 1699 5109 quam
1733 5036 1823 5091 est
1860 5045 1874 5090 :

378 5128 549 5212 quod
599 5136 664 5189 et
703 5126 940 5189 virtute
982 5127 1399 5207 quarumdam
1453 5127 1878 5209 corporalium

379 5246 596 5290 rerum
635 5243 1096 5307 nonnunquam
1137 5223 1312 5286 effici
1349 5226 1738 5307 perhibetur.
1775 5226 1880 5287 Se-

381 5326 593 5389 cundo
635 5325 716 5389 ab
757 5323 1071 5387 exteriori.
1106 5323 1310 5398 Quum
1357 5324 1591 5387 etenim
1633 5326 1879 5387 daemon

1983 4335 2413 4411 Quaestionum
2454 4332 2804 4396 disseruit:
2846 4333 3006 4415 Magi
3051 4342 3243 4415 agunt
3290 4334 3479 4397 mira-

1985 4437 2128 4498 cula
2175 4454 2289 4517 per
2337 4433 2616 4516 privatos
2664 4441 3061 4512 contractus3
3106 4426 3256 4495 boni
3306 4433 3479 4497 Chri-

1985 4534 2196 4609 stiani,
2232 4553 2344 4617 per
2371 4531 2685 4613 justitiam
2724 4531 3087 4614 publicam3
3124 4532 3270 4595 mali
3302 4533 3477 4597 Chri-

1983 4632 2195 4706 stiani,
2249 4651 2364 4714 per
2411 4630 2684 4713 publicae
2734 4630 2998 4711 justitiae
3055 4630 3251 4713 signa.
3302 4633 3476 4697 Unde

1985 4732 2138 4794 dum
2174 4730 2338 4811 magi
2366 4730 2601 4792 virtute
2630 4747 2743 4791 seu
2782 4746 2902 4811 ope
2942 4730 3303 4793 daemonum
3334 4748 3481 4813 ope-

1985 4838 2205 4893 rantur
2244 4828 2550 4891 miracula
2585 4828 2740 4907 (non
2778 4828 3039 4911 quidem
3078 4828 3476 4913 simpliciter,

1986 4929 2095 4991 sed
2145 4928 2351 5009 quoad
2396 4928 2558 5007 nos),
2609 4926 2909 4989 dicuntur
2949 4928 3069 4991 hoc
3112 4928 3319 4991 facere
3368 4950 3481 5012 per

1988 5028 2265 5110 privatos
2326 5034 2685 5090 contractus
2741 5043 2756 5088 :
2819 5028 3121 5109 quoniam
3180 5029 3482 5109 quaelibet

1986 5127 2190 5189 virtus
2240 5132 2543 5189 creaturae
2591 5146 2657 5188 se
2706 5125 2895 5187 habet
2944 5125 3009 5188 in
3064 5126 3363 5191 universo
3410 5136 3480 5190 ut

1988 5225 2191 5289 virtus
2223 5225 2483 5305 privatae
2516 5242 2801 5305 personae
2831 5224 2895 5286 in
2935 5224 3208 5287 civitate.
3244 5227 3478 5300 Quum-

1991 5341 2114 5406 que
2147 5341 2365 5405 magus
2406 5331 2702 5404 operetur
2734 5340 2849 5404 per
2879 5330 3133 5404 pactum
3178 5342 3325 5387 cum
3355 5325 3478 5390 dae·

3565 2782 3651 2823 art.
3675 2782 3716 2824 ὁ.
