4334 6242
588 1057 759 1104 Ezeeh.

529 1135 671 1174 xxviii.
706 1126 769 1166 17.

568 1649 627 1694 Dc
653 1650 792 1695 Divin.

526 1727 642 1757 nom.
665 1728 704 1757 c.
723 1728 779 1758 lv.

579 1848 750 1892 Ezeeh.

526 1924 670 1962 xxvm,
698 1915 761 1954 13.

560 2826 748 2872 Ibidem.

546 3518 665 3563 [bid.
694 3524 758 3564 ¹4.

534 3814 615 3858 Pe.
632 3828 713 3865 6111,
730 3817 770 3859 4.

827 459 948 525 288

1505 479 1569 525 IN
1608 480 1831 526 Limum
1877 480 1918 526 11
1961 475 2443 524 SENTEN'rlAnUu.
2489 494 2570 504 —
2610 478 2763 523 ms'r.
2813 477 2913 539 1v3
2957 477 3179 533 QUAEST.
3228 477 3272 522 11

827 649 1031 731 ipsius
1089 649 1382 724 affectus,
1434 667 1559 712 non
1612 658 1823 711 tamen
1886 649 2203 730 loquendo
2250 648 2326 708 (16
2357 646 2408 709 Α
2437 647 2594 710 Nam
2645 647 2806 709 sicut
2852 666 2918 709 se
2962 647 3152 710 habet
3199 647 3465 709 materia
3511 645 3806 708 informis
3855 643 3946 705 ad

816 746 1129 818 ,fruitione
1179 749 1394 828 gloriae
1444 755 1917 810 consummatae.
1964 747 2040 807 Et
2084 746 2137 807 si
2182 745 2326 827 quis

828 845 1016 920 dicat,
1062 846 1197 908 haec
1247 846 1659 926 intelligenda
1708 864 1845 907 esse
1894 846 1973 906 de
2016 843 2328 925 sapientia

828 945 1099 1007 naturali
1146 952 1210 1007 61
1258 947 1484 1009 decore
1535 944 1841 1007 naturalis
1889 942 2323 1025 perfectioniS,

826 1042 1041 1106 obviat
1092 1044 1261 1125 quod
1312 1043 1609 1105 subditur
1656 1041 1746 1103 ibi
1792 1061 1805 1104 z
1850 1039 2185 1103 Perdidisti
2231 1059 2325 1100 sa-

828 1141 1133 1224 pientiam
1170 1142 1235 1204 in
1266 1143 1493 1204 decore
1526 1148 1652 1214 tuo,
1688 1141 1751 1202 id
1787 1147 1883 1201 est
1912 1157 2059 1200 cum
2100 1139 2326 1200 decore

828 1248 955 1301 tuo.
1006 1240 1097 1302 Ex
1145 1258 1270 1322 quo
1324 1247 1496 1322 patet
1546 1238 1714 1320 quod
1775 1238 2025 1301 locutus
2074 1235 2200 1297 fuit
2248 1235 2324 1296 de

826 1339 1139 1420 sapientia
1176 1345 1240 1400 et
1277 1339 1501 1400 decore
1540 1337 1756 1417 gratiae
1796 1343 2045 1416 gratum
2092 1333 2326 1395 facien-

826 1437 929 1512 tis,
981 1456 1123 1517 quae
1173 1436 1494 1518 peccando
1542 1436 1897 1516 perduntur
1944 1453 1957 1496 ε
2005 1452 2145 1513 quae
2194 1449 2322 1493 non

826 1542 974 1596 sunt
1004 1534 1336 1608 naturalia,
1370 1534 1479 1596 sed
1518 1533 1791 1614 gratuita
1821 1533 2005 1605 dona,
2038 1531 2190 1611 quia
2227 1547 2321 1591 se-

826 1634 1107 1695 cundum
1144 1633 1432 1695 divinum
1473 1631 1868 1713 Dionysium,
1902 1629 2214 1692 naturalia
2255 1628 2319 1689 in

825 1731 1219 1793 daemonibus
1268 1730 1512 1810 integra
1562 1735 2065 1811 permanserunt.
2100 1763 2181 1771 —
2219 1725 2320 1789 Di-

823 1829 990 1891 citur
1031 1847 1284 1912 quoque
1330 1828 1421 1890 ibi
1464 1848 1478 1891 ε

823 1928 1294 2010 operimentum
1325 1935 1529 2002 tuum,
1550 1927 1817 1999 sardiuS,
1836 1925 2139 2006 topaziuS,
2156 1929 2275 1984 616.
2296 1939 2313 2000 ;

824 2045 937 2108 per
980 2044 1160 2108 quOS,
1194 2026 1546 2088 secundum
1591 2023 2017 2106 expositiones
2060 2022 2316 2084 Sancto-

821 2144 987 2200 rum,
1034 2125 1299 2206 singulae
1347 2125 1614 2186 virtutes
1665 2121 2127 2203 intelliguntur,
2174 2139 2316 2201 quae

819 2231 965 2285 sunt
1010 2223 1186 2286 omni
1231 2223 1518 2285 rationali
1563 2229 1801 2284 naturae
1844 2220 2316 2303 operimentum

818 2322 1083 2384 decoris.
1130 2321 1307 2396 Quod
1354 2321 1408 2382 si
1458 2321 1725 2394 dicatur,
1772 2320 1890 2381 hoc
1938 2318 2016 2380 de
2065 2325 2316 2378 natura-

819 2419 988 2482 libus
1019 2439 1242 2482 verum
1275 2437 1413 2481 esse
1444 2417 1812 2492 virtutihus,
1847 2437 1987 2498 quae
2017 2416 2209 2479 etiam
2251 2417 2315 2477 in

819 2518 1003 2581 nobis
1035 2526 1183 2580 sunt
1211 2517 1563 2580 secundum
1596 2515 2036 2599 imperfectam
2071 2515 2321 2577 inchoa-

821 2616 1079 2690 tionem,
1115 2616 1181 2676 in
1222 2615 1462 2695 angelis
1505 2622 1717 2676 autem
1760 2612 2129 2675 naturaliter
2168 2621 2318 2674 sunt

818 2713 1135 2795 perfecte3
1188 2721 1405 2776 contra
1463 2714 1583 2775 hoc
1641 2722 1736 2775 est
1794 2713 1962 2794 quod
2022 2711 2319 2774 subditur

820 2812 933 2886 ibi,
968 2812 1302 2875 Foramina
1332 2819 1439 2873 tua
1480 2812 1543 2873 in
1585 2812 1689 2873 die
1727 2830 1854 2893 qua
1892 2811 2185 2873 conditus
2223 2829 2312 2884 es,

819 2919 1036 2992 parata
1070 2917 1256 2972 sunt:
1282 2929 1395 2991 per
1423 2929 1585 2990 quae,
1622 2908 1974 2971 secundum
2004 2909 2312 2982 Glossam,

2438 746 2674 810 formas
2721 747 3099 827 corporales,
3133 747 3219 808 ita
3261 746 3546 826 angelica
3586 753 3812 807 natura
3855 743 3948 804 ad

2436 843 2722 924 gratiam.
2760 845 2946 906 Porro
2979 844 3208 925 positio
3241 862 3482 926 ponens
3519 843 3772 923 angelos
3805 859 3954 902 cre-

2436 948 2570 1003 atos
2622 941 2686 1003 111
2734 942 2956 1022 gratia,
3001 941 3198 1022 magis
3249 942 3588 1004 concordat
3635 937 3952 1022 positioni

2436 1059 2563 1120 qua
2604 1039 2863 1120 ponitur
2904 1040 3120 1102 omnia
3164 1038 3359 1101 fuisse
3403 1058 3517 1120 per
3560 1038 3805 1121 species
3850 1036 3954 1098 di-

2437 1138 2668 1200 stincta
2717 1158 2754 1200 a
2803 1138 3140 1201 creationis
3189 1138 3467 1200 exordio.
3522 1137 3670 1211 Quae
3718 1134 3952 1218 opinio

2438 1236 2596 1298 mihi
2646 1237 2846 1318 magis
2897 1238 3124 1319 placet,
3175 1235 3416 1318 absque
3466 1235 3726 1298 alterius
3776 1253 3950 1316 prae-

2432 1334 2677 1414 judicio
2735 1335 2932 1416 partis
2986 1352 2999 1395 z
3054 1335 3355 1416 quoniam
3415 1334 3564 1396 huic
3620 1333 3944 1415 opinioni,

2435 1434 2756 1515 praecipue
2788 1441 3097 1514 quantum
3128 1433 3206 1495 ad
3237 1433 3504 1514 gratiam
3535 1432 3942 1513 angelorum,

2434 1532 2649 1613 plures
2699 1532 3072 1595 Sanctorum
3130 1531 3534 1594 auctoritates
3583 1549 3945 1594 consonare

2431 1630 2746 1692 videntur.
2783 1631 2926 1693 Ilaec
2970 1631 3240 1694 Thomas
3285 1631 3350 1692 in
3396 1630 3663 1712 Scripto.

2511 1729 2795 1811 Denique
2841 1731 2905 1791 in
2951 1730 3158 1811 prima
3206 1739 3384 1811 parte
3426 1729 3722 1802 Summae,
3756 1749 3938 1811 (11116-

1524 1827 1741 1889 Omnis
1791 1826 1953 1908 lapis
2002 1825 2316 1908 pretiosus
2355 1831 2401 1893 B
2431 1827 2634 1890 stione
2682 1829 3076 1908 sexagesima
3121 1829 3398 1890 secunda
3439 1847 3455 1890 ε
3498 1827 3648 1902 Hoc,
3689 1827 3934 1910 inquit,

2429 1925 2824 2007 probabilius
2884 1927 3227 1988 tenendum
3288 1927 3558 2004 videtur,
3618 1935 3681 1988 et
3737 1927 3938 1990 dictis

2429 2025 2801 2089 Sanctorum
2845 2026 3043 2107 magis
3081 2033 3176 2088 651
3205 2043 3578 2100 6011501111111,
3613 2026 3779 2106 quod
3819 2045 3938 2088 an-

2428 2124 2551 2202 geli
2597 2125 2788 2186 creati
2836 2124 3096 2186 fuerunt
3140 2125 3204 2186 in
3253 2125 3453 2204 gratia
3499 2123 3928 2204 gratificante.

2429 2222 2531 2284 Sic
2575 2222 2748 2284 enim
2791 2221 3104 2297 videmuS,
3136 2224 3306 2305 quod
3347 2223 3564 2284 omnia
3605 2242 3746 2304 quae
3785 2241 3937 2304 pro-

2429 2339 2610 2382 cessu
2643 2321 2946 2403 temporis
2987 2341 3100 2403 per
3126 2339 3288 2404 opus
3323 2320 3556 2384 divinae
3588 2320 3934 2402 providen—

2432 2419 2531 2481 tiae
2580 2427 2920 2480 causantur
2967 2439 3003 2481 a
3053 2420 3180 2482 Deo
3225 2427 3549 2500 operante,
3603 2418 3668 2480 in
3716 2420 3934 2500 prima

2427 2536 2640 2579 rerum
2672 2517 3033 2580 conditione
3063 2517 3370 2599 producta
3399 2525 3547 2579 sunt
3572 2517 3931 2578 secundum

2427 2616 2732 2696 quasdam
2781 2616 3054 2678 rationes
3105 2616 3465 2690 seminaleS,
3517 2623 3588 2676 ut
3633 2615 3938 2696 Augusti-

2427 2734 2548 2776 nus
2607 2733 2799 2796 super
2857 2713 3154 2778 Genesim
3211 2715 3290 2776 ad
3353 2714 3625 2776 litteram
3687 2714 3843 2776 dicit
3907 2733 3926 2777 2

2426 2813 2964 2894 quemadmodum
3021 2813 3300 2886 arboreS,
3361 2821 3422 2874 et
3479 2811 3797 2884 animalia,
3863 2819 3936 2874 et

2427 2919 2656 2972 cuncta
2693 2905 3082 2991 hujusmodi.
3117 2911 3518 2973 Manifestum
3557 2920 3654 2973 est-
3681 2919 3927 2987 autem,

820 3009 1053 3071 mentis
1086 3009 1399 3091 capacitas
1438 3007 1854 3089 significatur.
1882 3008 2014 3081 Quo
2046 3014 2310 3081 constat,
2352 3017 2395 3080 C
2427 3011 2594 3090 quod
2637 3011 2841 3091 gratia
2884 3019 3134 3090 gratum
3180 3008 3422 3072 faciens
3465 3010 3556 3072 sic
3600 3027 3933 3092 compara-

816 3108 985 3189 quod
1030 3107 1335 3168 naturalis
1383 3106 1681 3168 habilitas
1720 3105 1797 3167 ad
1841 3105 2107 3167 virtutes
2152 3104 2316 3166 infu-

816 3225 916 3268 sas
962 3205 1378 3286 distinguitur
1420 3213 1637 3266 contra
1682 3203 1871 3285 ipsas,
1907 3203 1970 3265 Si
2016 3220 2165 3264 vero
2209 3202 2318 3264 ob-

812 3303 1093 3384 jiciatur,
1141 3303 1311 3384 quod
1360 3302 1713 3364 secundum
1758 3301 2153 3382 Gregorium,
2200 3319 2315 3382 per

817 3401 1059 3483 lapides
1119 3400 1563 3481 intelliguntur
1619 3416 1847 3462 novem
1898 3399 2151 3461 ordines
2209 3417 2315 3460 an-

814 3499 1139 3580 gelorum3
1172 3498 1388 3561 obviat
1417 3499 1586 3580 quod
1625 3497 1878 3559 additur
1909 3497 2000 3558 ibi
2034 3517 2046 3560 :
2082 3497 2152 3559 ln
2184 3517 2312 3559 me-

816 3598 921 3659 dio
980 3597 1325 3678 ignitorum
1385 3596 1671 3678 lapidum
1730 3595 2088 3657 ambulasti.
2136 3595 2312 3667 Quod

817 3697 1039 3777 nequit
1080 3695 1349 3776 intelligi
1398 3694 1520 3756 nisi
1559 3695 1635 3756 de
1676 3693 1819 3775 igne
1865 3694 2164 3767 caritatiS,
2200 3713 2313 3776 per

816 3813 1008 3876 quam
1064 3795 1230 3856 Deus
1292 3793 1446 3854 facit
1505 3793 1829 3855 ministros
1892 3809 2039 3854 suos
2097 3793 2310 3873 ignem

816 3902 1126 3956 urentem.
1162 3892 1295 3965 Quo
1341 3899 1511 3974 patet
1555 3891 1886 3954 inferiores
1936 3893 2194 3972 angelos
2243 3892 2311 3954 in

814 3990 1073 4054 caritate
1130 3990 1365 4070 fuisse3
1418 3990 1749 4071 multoque
1807 3990 1952 4072 plus
2012 3989 2311 4052 convenit

813 4090 931 4153 hoc
975 4089 1200 4171 angelo
1245 4089 1471 4171 primo.
1504 4124 1585 4133 --
1612 4089 1754 4150 Haec
1798 4088 2145 4151 UdalricuS.

2430 3115 2529 3169 tur
2567 3108 2643 3169 ad
2684 3108 3166 3182 beatitudinem,
3199 3109 3366 3170 516111
3395 3109 3554 3170 ratio
3593 3107 3929 3170 seminalis

2428 3205 2493 3266 in
2525 3212 2749 3267 natura
2781 3207 2858 3268 ad
2900 3207 3254 3269 naturalem
3285 3205 3611 3268 effectum.
3645 3205 3820 3268 Unde
3855 3206 3927 3268 in

2427 3303 2767 3384 Evangelio
2806 3305 3005 3384 gratia
3044 3323 3263 3366 semen
3303 3311 3583 3366 vocatur.
3619 3304 3794 3366 Sicut
3827 3323 3930 3366 er·
3967 3285 4328 3378 Lucanam]

2424 3419 2504 3482 go
2547 3402 2896 3463 secundum
2942 3403 3390 3482 Augustinum,
3424 3402 3638 3464 statim
3685 3401 3751 3463 in
3793 3402 3928 3483 pri-

2425 3519 2528 3561 ma
2576 3501 2892 3562 creatione
2940 3500 3284 3582 corporalis
3334 3508 3659 3573 creaturae,
3703 3501 3927 3564 inditae

2425 3605 2574 3659 sunt
2631 3597 2687 3659 ei
2751 3599 3024 3660 rationes
3077 3599 3415 3660 seminales
3474 3598 3926 3662 universorum

2424 3695 2808 3757 naturalium
2859 3695 3248 3776 effectuum3
3300 3697 3387 3758 ita
3436 3714 3582 3759 mox
3631 3696 3698 3758 in
3745 3697 3928 3779 prin·

2425 3794 2615 3876 cipi0,
2667 3795 2873 3875 angeli
2928 3795 2993 3856 in
3044 3795 3246 3876 gratia
3303 3802 3451 3857 sunt
3509 3794 3719 3857 creati.
3773 3794 3927 3858 Haec

2424 3892 2694 3956 Thomas
2737 3893 2803 3954 in
2847 3894 3125 3955 Summa.

2503 3992 2720 4054 Petrus
2750 4009 3003 4073 quoque
3036 3993 3206 4055 circa
3243 3992 3377 4056 haec
3410 3991 3691 4074 loquitur
3723 4012 3738 4056 :
3774 3991 3928 4056 Gra-

2422 4089 2510 4151 tia
2558 4089 2896 4172 tripliciter
2943 4089 3237 4152 sumitur.
3281 4089 3490 4152 Primo
3539 4089 3922 4172 largissime,

895 4189 1209 4252 Consonat
1238 4187 1529 4262 Thomas,
1564 4187 1669 4248 hic
1704 4186 1992 4249 scribens
2026 4204 2039 4248 ε
2074 4187 2308 4250 Harum
2343 4194 2391 4256 D
2424 4207 2538 4270 pro
2572 4189 2746 4251 omni
2787 4188 2952 4251 dono
2990 4189 3184 4269 gratis
3223 4188 3368 4250 dato
3402 4207 3416 4252 ε
3450 4195 3512 4251 et
3541 4189 3632 4251 sic
3671 4197 3927 4253 natura-

815 4287 1191 4370 opinionum
1224 4306 1365 4368 quae
1394 4286 1604 4349 verior
1635 4285 1738 4360 sit,
1773 4302 1901 4347 non
1932 4293 2138 4367 potest
2168 4285 2310 4349 effi-

816 4387 949 4449 caci
996 4385 1238 4447 ratione
1287 4385 1700 4466 deprehendi,
1743 4402 1818 4447 eo
1860 4385 2028 4466 quod
2073 4394 2314 4448 creatu-

814 4504 1028 4547 rarum
1072 4484 1401 4546 exordium
1446 4502 1523 4545 ex
1567 4484 1699 4546 sola
1741 4503 1813 4546 ac
1854 4483 2131 4566 simplici
2173 4484 2312 4547 Cre-

813 4583 1006 4646 atoris
1054 4583 1377 4645 voluntate
1430 4583 1766 4664 dependet,
1816 4602 2008 4665 quam
2070 4584 2311 4646 ratione

813 4682 1193 4763 investigare
1232 4690 1327 4743 est
1371 4681 1787 4763 impossibile.
1818 4683 2050 4743 Tamen
2091 4701 2312 4744 secun-

815 4782 968 4843 dum
1000 4781 1511 4844 convenientiam
1544 4780 1622 4841 ad
1656 4781 1780 4841 alia
1812 4798 2003 4862 opera
2034 4780 2165 4855 Dei,
2201 4799 2309 4862 po-

814 4887 935 4942 test
984 4897 1110 4940 una
1166 4897 1310 4961 pars
1358 4879 1483 4940 alia
1532 4878 1925 4960 probabilius
1982 4879 2304 4942 sustineri.

813 4977 1042 5060 Opinio
1086 4978 1324 5059 quippe
1368 4995 1609 5059 ponens
1652 4977 1906 5058 angelos
1952 4978 2017 5040 in
2060 4987 2310 5042 natura·

815 5077 985 5138 libus
1044 5083 1291 5138 tantum
1348 5083 1611 5149 creatos,
1662 5083 1965 5138 consonat
2022 5078 2310 5159 opinioni

814 5175 1167 5238 dicentium
1196 5175 1412 5238 omnia
1452 5173 1644 5237 simul
1675 5184 1883 5237 creata
1916 5176 1985 5238 in
2020 5177 2304 5250 materia,

816 5293 941 5339 non
998 5293 1113 5360 per
1169 5274 1500 5338 distinctas
1562 5273 1799 5338 formas
1860 5293 1973 5336 seu
2038 5276 2302 5358 species,

2423 4287 2507 4349 lia
2563 4287 2755 4348 etiam
2813 4288 3217 4369 appellantur
3273 4287 3563 4368 gratuita.
3626 4287 3925 4352 Secundo

2421 4387 2635 4448 minus
2670 4386 2860 4466 large,
2886 4402 3002 4467 pro
3031 4386 3205 4448 omni
3238 4386 3402 4448 dono
3433 4386 3748 4468 spirituali
3781 4405 3925 4467 gra-

2421 4485 2501 4546 tis
2533 4485 2939 4566 superaddito
2970 4485 3152 4546 donis
3183 4492 3440 4548 naturae.
3463 4485 3670 4547 Tertio
3697 4486 3922 4548 stricte

2421 4592 2481 4645 et
2514 4584 2790 4665 proprie,
2815 4601 2931 4665 pro
2959 4585 3158 4664 gratia
3187 4591 3436 4665 gratum
3467 4582 3757 4646 faciente.
3792 4585 3924 4646 Pri-

2423 4701 2528 4744 mo
2584 4689 2647 4744 et
2705 4683 2983 4745 secundo
3043 4683 3250 4756 modo,
3303 4683 3368 4744 in
3426 4681 3627 4764 gratia
3675 4684 3921 4746 conditi

2421 4789 2569 4841 511111
2616 4781 2843 4860 angeli.
2887 4779 3044 4843 Nam
3087 4788 3151 4842 et
3191 4783 3578 4843 Damasceno
3621 4788 3916 4856 testante,

2419 4879 2680 4959 angelus
2709 4879 2910 4959 gratia
2941 4879 3480 4941 immortalitatem
3513 4879 3772 4941 sortitus
3795 4889 3914 4942 est.

2421 4980 2508 5041 De
2556 4979 2744 5040 tertio
2790 4978 2980 5040 modo
3027 4977 3187 5039 dixit
3231 4977 3698 5059 PraepositivuS,
3743 4980 3918 5059 quod

2422 5079 2486 5139 in
2537 5077 2738 5158 gratia
2791 5083 2938 5138 sunt
2997 5077 3311 5158 producti,
3363 5075 3514 5159 quia
3571 5077 3648 5138 ad
3697 5077 3918 5158 gratiae

2421 5177 2890 5258 susceptionem
2943 5175 3202 5238 suffecit
3243 5177 3577 5258 dispositio
3624 5175 3918 5239 habitua-

2423 5276 2500 5338 lis
2544 5295 2737 5358 quam
2790 5276 3126 5339 habehant.
3174 5275 3297 5338 Alii
3347 5283 3566 5338 tenent
3608 5275 3918 5340 contrari-

4055 1843 4160 1882 nrt.
4225 1873 4240 1883 .
