4334 6242
103 3744 196 3846 7Ρ..
217 3759 364 3800 mm,

127 3811 162 3850 ³.

648 517 852 565 mun
891 517 1151 566 ANGBLIS
1195 515 1444 565 sancus
1487 515 1831 564 coNVBNIAT
1873 514 2124 564 mvmnt
2163 515 2467 573 runc-Anu,
2507 515 2900 575 mmmmm,
2940 516 3272 566 flmmeum
3388 499 3511 566 505

409 688 762 752 bonitatem
791 690 1196 773 participant,
1220 696 1393 753 tanto
1423 688 1744 772 copiosius
1773 706 1910 771 per·
1936 686 1989 751 A
2019 706 2159 752 ores
2208 687 2573 751 illuminent
2618 689 2996 772 superiores
3050 691 3127 754 Et
3174 689 3515 774 respondet

407 787 720 850 factiones
768 807 914 851 suas
959 789 1434 851 communicant
1475 787 1635 850 aliis.
1675 787 1910 861 Quum-

405 904 536 968 que
563 887 772 968 angeli
801 887 1156 969 superiores
1186 887 1252 949 in
1283 887 1649 970 plenissima
1675 885 1909 948 divinae

408 981 714 1048 bonitatis
772 985 1256 1068 participatione
1309 986 1678 1059 consistant,
1731 984 1910 1067 quid-

409 1082 566 1165 quid
611 1101 648 1144 a
690 1082 818 1146 Deo
861 1083 1246 1165 percipiunt,
1279 1083 1588 1164 subiectis
1628 1101 1911 1145 commu-

407 1181 629 1242 nicant
674 1190 736 1243 et
787 1182 1091 1255 revelant,
1126 1181 1418 1264 quamvis
1467 1182 1549 1244 ab
1598 1181 1912 1244 inferiori-

406 1277 528 1340 bus
577 1296 706 1342 non
755 1279 1102 1362 recipiatur
1149 1287 1285 1342 tam
1319 1280 1680 1343 eminenter
1719 1287 1912 1362 atque

403 1376 690 1459 perfecte
727 1377 894 1440 sicut
927 1378 996 1440 in
1029 1377 1468 1460 superioribus
1503 1378 1906 1442 continetur:

403 1475 550 1538 ideo
579 1476 940 1558 superiores
973 1477 1038 1539 in
1066 1477 1274 1540 altiori
1305 1484 1635 1540 remanent
1663 1477 1907 1551 ordine,

402 1579 468 1636 et
499 1572 950 1656 perfectiorem
981 1573 1220 1637 habent
1253 1574 1607 1637 scientiam.
1642 1611 1716 1622 —
1749 1575 1910 1638 Hinc

405 1670 883 1752 quintodecimo
913 1673 1194 1755 capitulo
1224 1672 1510 1736 Coelestis
1540 1672 1911 1737 hierarchiae

403 1767 474 1830 B.
504 1768 844 1853 Dionysius
873 1777 1284 1845 contestatur,
1311 1771 1477 1852 quod
1509 1789 1909 1853 unaquaeque

2019 787 2189 870 quod
2248 805 2397 861 non,
2448 787 2743 870 quamvis
2790 788 3131 871 loquantur
3173 788 3514 872 superiori-

2020 884 2161 949 bus.
2206 885 2595 949 illuminatio
2634 905 2912 969 namque
2948 895 3045 950 est
3088 886 3515 950 manifestatio

2021 984 2307 1046 veritatis
2338 985 2715 1066 pertinentis
2744 985 2822 1048 ad
2864 986 3304 1049 secundariam
3338 986 3521 1049 intel-

2021 1082 2223 1144 lectus
2265 1081 2720 1164 perfectionem
2755 1083 2817 1144 in
2858 1084 3081 1146 ordine
3119 1085 3197 1146 ad
3238 1084 3523 1166 primum

2022 1179 2265 1254 lumen,
2316 1180 2659 1263 ipsumque
2715 1181 3109 1244 intellectum
3172 1183 3523 1245 acutiorem

2021 1286 2086 1340 et
2115 1279 2448 1341 clariorem
2488 1278 2855 1342 efficientis.
2891 1279 2993 1342 Sic
3034 1287 3247 1343 autem
3280 1280 3371 1344 nil
3403 1282 3525 1344 sci-

2021 1384 2138 1438 unt
2178 1376 2385 1459 angeli
2428 1376 2760 1440 inferiores
2801 1378 2970 1460 quod
3010 1378 3199 1440 lateat
3241 1379 3526 1461 superio·

2021 1474 2357 1548 resonum
2389 1475 2581 1556 igitur
2612 1474 3017 1538 manifestare
3048 1474 3399 1539 intellectui
3427 1496 3528 1540 ve·

2021 1572 2297 1647 ritatem,
2330 1572 2413 1635 sit
2450 1573 2661 1655 ipsum
2703 1573 2928 1636 docere
2956 1573 3289 1636 veritatem
3327 1593 3522 1656 quam

2021 1670 2217 1752 prius.
2242 1670 2511 1734 nescivit
2543 1671 2647 1734 vel
2692 1689 2819 1734 non
2862 1671 2948 1734 ita
2991 1671 3157 1735 clare
3200 1673 3516 1754 cognovit,

2021 1777 2263 1832 constat
2297 1770 2466 1852 quod
2504 1769 2711 1851 angeli
2742 1768 3086 1833 inferiores
3126 1789 3253 1834 non
3284 1771 3520 1834 illumi-

403 1867 684 1931 coelestis
723 1869 1000 1931 essentia
1038 1868 1526 1950 intelligentiam
1567 1868 1690 1932 sibi
1730 1889 1766 1932 a
1805 1890 1908 1932 su·
1940 1867 1989 1932 B
2020 1875 2175 1930 nant
2202 1867 2859 1950 superiores—Quod
2890 1869 2943 1930 si
2973 1868 3517 1952 objiciatur,quod

401 1964 642 2048 periori
673 1966 1200 2029 communicatam
1228 1967 1418 2029 tradit
1449 1966 1911 2032 inferiori.Gre-

396 2064 620 2145 gorius
651 2081 906 2146 quoque
943 2082 957 2126 τ
992 2066 1061 2126 In
1093 2065 1202 2127 illa
1231 2065 1374 2147 (ait)
1405 2065 1646 2130 coelesti
1679 2066 1904 2147 patria,

398 2161 700 2244 quamvis
765 2164 1054 2244 quaedam
1112 2163 1255 2226 data
1313 2163 1442 2226 sint
1498 2162 1904 2240 excellenter,

395 2259 564 2322 nihil
615 2267 828 2324 tamen
878 2261 1240 2342 possidetur
1285 2262 1711 2344 singulariter.
1762 2263 1906 2328 Haec

395 2357 514 2420 ibi.
546 2392 628 2404 —
657 2358 833 2421 Idem
875 2359 1114 2422 Petrus.

494 2457 848 2521 Concordat
908 2458 1259 2522 Richardus
1313 2476 1328 2522 ε
1378 2460 1582 2534 Quum
1640 2459 1907 2542 (inquit)

394 2556 610 2638 angeli
665 2555 1026 2638 superiores
1085 2558 1285 2620 Deum
1345 2558 1576 2621 clarius
1628 2566 1906 2621 contem-

392 2652 658 2736 plentur
703 2672 898 2736 quam
959 2653 1316 2730 inferioreS,
1370 2656 1608 2719 idcirco
1660 2656 1726 2718 in
1776 2657 1903 2720 Deo

392 2753 706 2833 quasdam
757 2752 1064 2834 speciales
1117 2753 1286 2835 leges
1327 2761 1390 2816 et
1435 2754 1709 2817 rationes
1758 2773 1904 2818 con-

391 2849 684 2932 spiciunt
733 2849 812 2912 ad
873 2869 1146 2932 quarum
1203 2851 1508 2914 intuitum
1567 2851 1900 2939 inferiores

389 2965 512 3029 per
559 2947 780 3010 lumen
827 2948 1164 3011 essentiale
1203 2949 1422 3031 gloriae
1463 2970 1593 3014 suae
1638 2963 1764 3014 n‘on
1813 2958 1901 3013 at-

2017 1966 2227 2047 angeli
2287 1964 2620 2028 inferiores
2678 1965 2996 2048 loquendo
3054 1967 3514 2049 superioribus,

2019 2063 2432 2126 manifestant
2471 2064 2597 2126 illis
2628 2082 2775 2127 suos
2816 2073 3184 2146 conceptus,
3218 2084 3377 2147 quos
3413 2085 3520 2129 an-

2019 2169 2080 2224 te
2129 2161 2536 2242 nesciebant3
2581 2162 2949 2236 dicendum,
3002 2164 3170 2245 quod
3218 2163 3341 2226 hoc
3388 2181 3520 2227 non

2017 2258 2267 2322 sufficit
2313 2260 2391 2322 ad
2448 2260 2756 2322 rationem
2810 2259 3320 2337 illuminationis,
3370 2261 3521 2344 quia

2017 2375 2144 2421 non
2205 2357 2482 2441 pertinet
2535 2358 2613 2420 ad
2668 2357 3111 2421 secundariam
3168 2359 3517 2442 superioris

2015 2455 2225 2538 angeli
2258 2453 2715 2537 perfectionem
2749 2455 2911 2517 scire
2942 2454 3265 2519 inferioris
3294 2475 3517 2520 conce-

2016 2562 2222 2637 ptum,
2257 2553 2795 2637 quemadmodum
2828 2553 3183 2637 discipulus
3215 2572 3343 2618 non
3375 2556 3518 2618 illu-

2015 2659 2170 2716 strat
2230 2653 2627 2733 magistrum,
2680 2651 2971 2733 quamvis
3024 2653 3194 2714 dicat
3248 2654 3331 2728 ei,
3382 2653 3514 2735 Ego

2014 2753 2221 2833 cogito
2265 2752 2385 2814 hoc
2428 2759 2538 2814 aut
2586 2751 2763 2813 illud.
2796 2751 2944 2814 Haec
2984 2751 3352 2815 RicharduS.

2092 2849 2396 2912 Eamdem
2435 2849 2849 2931 quaestionem
2890 2856 3102 2912 movet
3131 2848 3402 2912 Thomas
3440 2849 3507 2912 in

2011 2946 2221 3030 prima
2249 2955 2428 3030 parte
2462 2947 2774 3027 Summae3
2806 2955 2870 3009 et
2906 2954 3209 3010 consonat
3242 2947 3373 3028 jam
3414 2947 3505 3010 in·
3531 2981 3575 3025 q.
3596 2983 3677 3022 cn,
3697 2974 3794 3015 ..3.

390 3045 684 3126 tingunt;
716 3053 780 3108 et
823 3047 1132 3128 quasdam
1175 3048 1254 3110 de
1300 3048 1428 3110 illis
1473 3048 1756 3112 revelant
1803 3049 1897 3112 in-
1934 3053 1978 3116 C
2010 3046 2219 3108 ductis
2249 3047 2390 3127 ejus
2420 3046 2770 3129 responsio,
2803 3046 3096 3128 quamvis
3125 3046 3505 3129 exquisitius

387 3142 762 3219 ferior-ibus,
824 3144 1078 3226 quando
1136 3145 1370 3210 divinae
1432 3155 1528 3210 est
1589 3146 1896 3230 placitum

386 3240 704 3304 voluntati
726 3260 740 3304 ε
761 3260 888 3305 non
918 3241 1264 3307 efficiendo
1296 3252 1366 3307 ut
1391 3245 1724 3309 inferiores
1755 3265 1900 3310 con-

388 3339 672 3421 spiciant
701 3339 870 3421 leges
902 3340 1042 3403 illas
1075 3342 1140 3404 in
1168 3342 1319 3416 Dee,
1353 3344 1465 3406 sed
1503 3344 1582 3406 ad
1612 3344 1732 3407 hoc
1763 3353 1898 3407 tan-

387 3438 728 3502 tummodo
793 3439 1208 3520 disponendo.
1271 3440 1430 3505 Nam
1495 3442 1666 3505 solus
1730 3443 1896 3506 Deus

389 3535 659 3599 efficere
699 3544 908 3619 potest
949 3544 1021 3598 ut
1059 3538 1290 3602 veritas
1333 3539 1546 3622 aliqua
1590 3542 1759 3603 nude
1805 3542 1894 3604 vi-

390 3634 620 3696 deatur
649 3635 714 3696 in
747 3635 905 3717 ipso.
940 3635 1050 3698 His
1079 3645 1381 3702 consonat
1415 3639 1705 3720 quaedam
1734 3640 1898 3720 glos-

392 3749 464 3794 sa
493 3750 689 3813 super
716 3733 876 3796 illud
906 3733 1156 3813 Psalmi,
1172 3734 1260 3796 Da
1291 3735 1448 3797 mihi
1481 3735 1892 3812 intellectum,

391 3835 466 3892 ut
513 3829 756 3892 discam
806 3832 1104 3894 mandata
1155 3839 1284 3907 tua,
1333 3833 1426 3896 sic
1476 3833 1696 3897 dicens
1745 3853 1760 3898 ε
1806 3837 1898 3898 lta

388 3927 658 4009 angelus
695 3927 932 3990 dicitur
980 3929 1129 3992 dare
1176 3930 1422 3997 homini
1473 3932 1890 4009 intellectum,

387 4025 560 4088 sicut
605 4026 750 4107 quis
791 4026 1026 4090 dicitur
1069 4027 1284 4091 lumen
1330 4029 1548 4092 domui
1592 4031 1740 4094 dare
1789 4033 1891 4095 cui

383 4122 546 4186 facit
589 4121 955 4200 fenestram,
989 4144 1190 4207 quum
1234 4145 1375 4189 eam
1419 4147 1532 4190 sua
1575 4128 1716 4191 luce
1765 4149 1890 4193 non

2011 3144 2158 3206 inde
2202 3144 2455 3206 scribat.

2088 3243 2529 3306 Bonaventura
2572 3243 2833 3305 demum
2870 3250 2934 3304 et
2971 3242 3508 3307 Antisiodorensis

2009 3342 2086 3404 de
2134 3339 2384 3403 actibus
2429 3341 2567 3403 istis
2607 3340 3021 3403 hierarchicis
3060 3340 3166 3404 hic
3207 3342 3511 3423 specialia

2007 3458 2137 3503 non
2198 3439 2527 3502 inducunt.
2592 3439 2713 3502 Sed
2771 3439 3120 3520 quaestione
3178 3447 3505 3521 sequente,

2009 3536 2283 3620 qualiter
2310 3537 2555 3600 animas
2594 3544 2838 3600 nostras
2869 3536 3237 3600 illuminent
3274 3537 3506 3619 angeli,

2007 3636 2446 3699 Bonaventura
2478 3642 2817 3709 scrutatur,
2851 3642 2921 3696 ut
2951 3634 3042 3697 ibi
3078 3635 3456 3698 discutietur
3489 3653 3507 3716 ;

2005 3742 2070 3797 et
2121 3734 2231 3795 illa
2285 3734 2363 3796 ad
2420 3734 2648 3796 horum
2706 3750 2963 3816 quoque
3022 3732 3505 3815 intelligentiam

2005 3832 2237 3896 valent.

2085 3931 2274 3995 Porro
2306 3930 2684 3995 Guillelmus
2723 3931 3002 3994 secunda
3039 3938 3217 4013 parte
3250 3932 3329 3994 de
3358 3931 3505 3996 Uni-

2003 4047 2211 4104 vers0,
2246 4029 2322 4092 de
2371 4029 2489 4091 hac
2531 4028 2769 4111 triplici
2813 4029 3061 4093 actione
3110 4029 3505 4094 hierarchica

2004 4128 2284 4210 disputat
2335 4126 2611 4190 multum
2659 4125 2940 4208 diffuse;
2979 4135 3042 4189 et
3091 4147 3233 4210 quae
3280 4128 3503 4191 scribit

385 4229 682 4304 penetret
708 4241 827 4284 nec
859 4223 1152 4285 illustret.
1185 4225 1350 4306 Ergo
1383 4225 1681 4288 similiter
1707 4246 1892 4310 ange·
1919 4233 1970 4296 D
2004 4227 2271 4308 prolixe,
2311 4226 2443 4307 jam
2490 4225 2953 4289 sententialiter
2990 4234 3140 4288 sunt
3176 4245 3494 4312 expressa.

386 4319 490 4382 lus
527 4320 824 4402 angelum
869 4339 998 4384 non
1043 4322 1362 4386 illuminat
1403 4323 1528 4387 nisi
1571 4326 1890 4408 dispositi-

383 4437 488 4492 ve,
535 4417 853 4500 loquendo
893 4419 972 4482 de
1017 4418 1128 4482 illo
1171 4421 1359 4483 modo
1403 4420 1888 4488 illuminationis

383 4515 698 4578 altissimo
733 4533 747 4578 ε
782 4517 934 4598 quia
969 4515 1286 4600 loquendo
1315 4520 1392 4582 de
1431 4521 1619 4584 modo
1655 4522 1889 4586 illumi-

387 4614 664 4677 nationis
713 4633 840 4696 quo
893 4623 1141 4678 tantum
1193 4616 1594 4698 significatur
1641 4621 1887 4684 intelle-

385 4713 518 4776 ctui
567 4713 645 4775 de
691 4713 958 4777 veritate
1007 4707 1159 4797 quia
1205 4715 1292 4778 ita
1335 4724 1450 4791 est,
1499 4718 1599 4780 vel
1647 4719 1726 4781 de
1775 4720 1886 4784 illo

383 4829 514 4894 quo
561 4813 793 4876 veritas
846 4812 1199 4876 intellectui
1251 4816 1606 4879 ostenditur
1659 4817 1724 4880 in
1776 4819 1886 4881 ali-

381 4909 620 4992 quibus
670 4911 877 4973 causis
927 4912 1247 4987 secundis»,
1280 4914 1572 4995 superior
1621 4916 1884 4996 angelus

385 5017 592 5090 potest
641 5008 1009 5072 inferiorem
1058 5008 1421 5074 illuminare
1469 5011 1790 5089 effective,
1827 5015 1881 5077 si

381 5107 625 5188 aliquid
667 5107 924 5170 illorum
963 5108 1210 5189 ignoret
1249 5129 1391 5192 quae
1431 5111 1496 5173 in
1537 5113 1745 5176 causis
1785 5132 1882 5176 se-

384 5207 610 5268 cundis
655 5215 920 5288 possunt
960 5209 1228 5271 ostendi.
1263 5209 1406 5274 Haec
1449 5197 1816 5275 RicharduS.

463 5304 580 5378 Qui
622 5305 816 5368 etiam
854 5307 1081 5388 quaerit
1123 5308 1250 5384 hic,
1291 5329 1371 5372 an
1415 5311 1622 5392 angeli
1665 5311 1878 5375 inferi-

2001 4327 2219 4408 ltaque
2278 4326 2478 4407 tangit
2534 4325 2601 4387 in
2660 4325 2908 4408 primiS,
2959 4327 3497 4408 quemadmodum

2001 4425 2263 4487 nomina
2304 4424 2445 4500 ista,
2480 4425 2791 4507 purgatiO,
2834 4425 3219 4488 illuminatio
3256 4433 3320 4488 et
3362 4445 3499 4507 per·

1999 4523 2215 4598 sectio,
2246 4523 2453 4606 accipi
2494 4533 2738 4605 queunt
2776 4523 3139 4605 dupliciter,
3172 4524 3377 4588 active
3407 4525 3497 4588 vi-

1998 4621 2230 4685 delicet
2266 4630 2330 4684 et
2368 4620 2652 4704 passive3
2684 4627 2747 4683 et
2776 4621 2944 4702 quod
2984 4639 3111 4684 non
3152 4630 3494 4685 sumuntur

1998 4720 2269 4802 passive,
2302 4726 2490 4802 prout
2519 4719 2799 4782 universi
2830 4719 3037 4801 angeli
3068 4721 3268 4783 sancti
3297 4741 3334 4783 a
3364 4722 3492 4784 Deo

1997 4826 2370 4900 purgantur,
2422 4818 2866 4910 illuminantur
2911 4825 3100 4900 atque
3150 4819 3494 4900 perficiun-

1995 4924 2120 4992 tur,
2154 4918 2263 4979 sed
2304 4918 2509 4980 active
2543 4932 2557 4979 :
2591 4916 2760 4999 quod
2793 4916 3017 4998 probat
3054 4937 3133 4980 ex
3171 4918 3292 4981 hoc
3320 4920 3490 5002 quod

1994 5016 2094 5078 vir
2123 5024 2379 5079 sanctus
2410 5024 2471 5078 et
2499 5017 2774 5098 sapienS,
2809 5023 3027 5099 utpote
3065 5017 3321 5080 divinus
3351 5019 3491 5082 Dio·
3516 5035 3597 5141 bno
3610 5035 3783 5080 coetest.

3547 5111 3625 5142 ιω.
3648 5111 3687 5143 ο.
3709 5113 3768 5144 111.

1993 5115 2236 5197 nysius,
2270 5124 2491 5178 tractat
2540 5117 2618 5178 de
2660 5116 2753 5179 eis
2804 5123 2873 5176 ut
2921 5124 3069 5178 sunt
3117 5118 3487 5198 angelorum

1991 5213 2229 5278 officia.
2295 5213 2600 5277 Officium
2658 5221 2870 5276 autem
2935 5231 3061 5276 non
3119 5215 3354 5277 dicitur
3406 5218 3486 5280 ad

1991 5313 2318 5397 passiones
2368 5322 2479 5377 aut
2526 5313 2944 5400 receptioneS,
2990 5316 3100 5378 sed
3157 5317 3360 5399 magis
3404 5318 3486 5381 ad
