4334 6242
527 1506 789 1563 Cs.isvdt.A.

525 1628 792 1685 HumugSm-

525 1706 594 1735 mn
641 1691 762 1733 Sunt.

523 1760 728 1805 tractare
703 1757 787 1798 c.4

570 2770 747 2814 ibidem.

533 3112 650 3155 Hier.
658 3076 800 3166 Epist.⁸

811 448 932 513 366
1780 469 1952 515 mnan
1991 470 2032 514 ιι
2071 468 2555 519 sumn-runnu.
2587 488 2668 499 --
2697 471 2851 517 msr.
2888 471 2971 519 vn

1689 852 2682 965 DISTINCTIO
2818 855 3060 963 VII

814 1172 895 1236 A.
954 1176 1150 1242 Quod
1197 1176 1368 1238 boni
1415 1178 1664 1251 anyeli
1710 1190 1756 1237 a
1807 1176 1950 1236 Deo
1999 1176 2170 1237 sunt
2218 1176 2643 1248 confirmati
2682 1190 2824 1249 per
2867 1172 3229 1253 qratiam,
3279 1177 3363 1239 ut
3407 1190 3724 1251 peccare
3780 1192 3941 1242 non

1063 1293 1394 1369 posstnt,·
1422 1292 1494 1353 et
1521 1294 1712 1354 malt
1743 1292 1850 1354 ita
1893 1293 2242 1355 obdurati
2277 1296 2354 1355 in
2392 1296 2623 1367 mam,
2656 1293 2737 1354 ut
2775 1294 2951 1356 bene
2988 1296 3234 1355 vivere
3272 1294 3660 1369 nequeant.

1045 1496 1284 1560 UPRA
1321 1495 1572 1559 dictum
1612 1498 1734 1577 est,
1768 1496 1946 1578 quod
1983 1497 2198 1578 angeli
2239 1498 2354 1579 qui
2384 1498 2833 1579 perstiterunt,
2861 1515 2978 1579 per
3014 1498 3291 1579 gratiam
3331 1500 3697 1563 confirmati
3736 1504 3937 1582 sunt3

841 1492 1031 1799 S
1081 1616 1146 1677 et
1183 1614 1297 1694 qui
1339 1614 1735 1693 ceciderunt,
1770 1632 1808 1676 a
1845 1615 2055 1695 gratia
2096 1614 2220 1677 Dei
2260 1614 2499 1677 deserti
2540 1616 2714 1677 sunt.
2751 1616 2837 1677 Et
2872 1614 3027 1677 boni
3074 1614 3340 1696 quidem
3382 1618 3450 1678 in
3488 1618 3743 1680 tantum
3774 1636 3943 1681 con-

1072 1732 1316 1794 firmati
1373 1732 1528 1794 sunt
1583 1749 1700 1812 per
1745 1732 2046 1812 gratiam,
2083 1731 2260 1812 quod
2308 1748 2574 1812 peccare
2616 1732 2985 1813 nequeunt3
3024 1732 3183 1794 mali
3230 1750 3385 1797 vero
3443 1752 3558 1815 per
3606 1735 3937 1797 malitiam

819 1847 980 1911 adeo
1011 1850 1166 1911 sunt
1194 1848 1528 1927 obstinati,
1562 1848 1738 1929 quod
1768 1847 2008 1910 bonam
2047 1848 2457 1911 voluntatem
2496 1847 2736 1911 habere
2774 1848 2915 1911 sive
2952 1848 3117 1912 bene
3156 1850 3323 1912 velle
3360 1868 3493 1913 non
3532 1851 3772 1931 valent,
3805 1852 3941 1914 etsi

819 1965 1066 2028 bonum
1106 1966 1194 2028 sit
1243 1966 1420 2046 quod
1464 1964 1816 2045 aliquando
1857 1965 2109 2027 volunt.
2145 1964 2397 2027 Volunt
2440 1965 2615 2027 enim
2663 1964 3014 2045 aliquando
3064 1966 3314 2047 aliquid
3356 1967 3497 2029 fieri
3534 1968 3714 2047 quod
3748 1968 3942 2031 Deus

818 2082 963 2145 vult
1015 2082 1158 2147 fieri
1201 2102 1216 2143 ε
1258 2085 1324 2145 et
1373 2083 1602 2163 utique
1653 2081 1817 2144 illud
1864 2080 2112 2144 bonum
2163 2083 2265 2145 est
2312 2083 2377 2144 et
2420 2081 2679 2163 justum
2731 2082 2896 2162 fieri,
2938 2099 3057 2145 nec
3108 2084 3329 2147 tamen
3375 2081 3547 2145 bona
3592 2084 3940 2146 voluntate

817 2199 988 2263 illud
1035 2200 1286 2263 volunt.

1151 2413 1228 2477 B.
1277 2416 1474 2482 Quod
1506 2417 1805 2491 utrique
1855 2418 2170 2478 liberum
2210 2416 2617 2478 arbitrium
2664 2417 2956 2491 habent,
3008 2432 3142 2480 nec
3190 2419 3443 2481 tamen
3493 2423 3591 2481 ad

1867 2532 2263 2608 utrumque
2306 2532 2499 2605 flecti
2540 2534 2867 2605 possunt.

957 2735 1084 2800 Sed
1115 2753 1319 2816 quum
1351 2754 1470 2799 nec
1499 2736 1656 2799 boni
1685 2754 1953 2817 peccare
1981 2737 2261 2816 possint,
2286 2754 2405 2801 nec
2434 2737 2594 2800 mali
2624 2737 2787 2801 bene
2818 2738 2986 2801 velle
3016 2738 3120 2801 vel
3149 2738 3313 2802 bene
3346 2740 3638 2821 operari;
3670 2739 3939 2803 videtur

824 2856 1001 2935 quod
1060 2854 1198 2935 jam
1257 2871 1385 2917 non
1446 2853 1728 2916 habeant
1783 2853 2063 2917 liberum
2122 2852 2491 2933 arbitrium,
2539 2855 2694 2934 quia
2746 2855 2814 2916 in
2869 2856 3217 2936 utramque
3273 2856 3524 2935 partem
3580 2856 3751 2919 flecti
3798 2874 3939 2919 non

825 2974 1124 3053 possunt,
1167 2989 1374 3053 quum
1424 2971 1706 3034 liberum
1754 2969 2099 3033 arbitrium
2157 2970 2239 3032 ad
2296 2973 2650 3051 utrumque
2703 2989 2773 3034 se
2822 2970 3081 3069 habeat.
3125 2972 3311 3035 Unde
3360 2972 3807 3053 Hieronymus
3866 2973 3939 3035 in

823 3088 1101 3151 tractatu
1135 3088 1215 3151 de
1244 3088 1519 3169 prodigo
1559 3088 1694 3150 filio
1734 3086 1932 3150 dicit:
1969 3085 2164 3150 Solus
2201 3087 2383 3150 Deus
2422 3070 2624 3151 est‘in
2656 3103 2853 3168 quem
2884 3088 3225 3167 peccatum
3258 3087 3485 3152 cadere
3514 3106 3645 3151 non
3673 3091 3939 3170 potest3

825 3205 1058 3283 cetera,
1100 3221 1307 3285 quum
1359 3204 1494 3266 sint
1543 3203 1732 3266 liberi
1783 3202 2061 3279 arbitrii,
2103 3203 2170 3264 in
2222 3204 2571 3283 utramque
2622 3204 2874 3285 partem
2926 3202 3099 3266 flecti
3151 3205 3451 3284 possunt.
3498 3204 3625 3267 Hic
3674 3206 3943 3267 videtur

824 3321 1062 3400 dicere,
1104 3320 1281 3401 quod
1321 3320 1538 3382 omnis
1577 3321 1872 3382 creatura
1915 3319 1981 3382 in
2021 3318 2227 3381 libero
2267 3319 2536 3383 arbitrio
2579 3321 2958 3399 constituta,
2998 3319 3172 3383 flecti
3218 3322 3435 3401 potest
3464 3321 3544 3383 ad
3580 3320 3823 3383 bonum
3868 3324 3939 3384 et

827 3438 908 3499 ad
955 3437 1227 3500 malum.
1282 3435 1473 3509 Quod
1511 3435 1570 3497 si
1607 3437 1729 3512 est,
1774 3452 1925 3515 ergo
1977 3437 2041 3499 et
2086 3434 2244 3498 boni
2282 3436 2497 3516 angeli
2538 3438 2603 3500 et
2648 3437 2806 3499 mali
2856 3437 2937 3499 ad
2978 3438 3334 3517 utrumque
3372 3436 3545 3501 flecti
3592 3440 3873 3518 possunt
3916 3458 3933 3498 ε

828 3571 980 3633 ergo
1020 3554 1085 3616 et
1119 3552 1275 3615 boni
1313 3553 1591 3633 possunt
1628 3552 1768 3615 fieri
1799 3552 1982 3631 mali,
2025 3552 2089 3615 et
2126 3551 2284 3613 mali
2322 3551 2502 3614 boni.
2544 3590 2631 3597 —
2668 3553 2770 3614 Ad
2810 3553 2987 3633 quod
3017 3553 3325 3634 dicimUS,
3367 3555 3523 3635 quia
3559 3554 3714 3616 boni
3752 3555 3939 3617 tanta

827 3669 1034 3749 gratia
1072 3668 1439 3731 confirmati
1477 3670 1654 3748 sunt,
1686 3670 1762 3731 ut
1798 3669 2124 3748 nequeant
2155 3668 2297 3730 fieri
2337 3668 2518 3747 mali,
2552 3670 2617 3730 et
2645 3669 2802 3731 mali
2833 3670 2903 3731 in
2936 3669 3189 3732 malitia
3222 3670 3383 3733 adeo
3416 3670 3715 3733 obdurati
3752 3672 3937 3750 sunt,

827 3786 902 3848 ut
938 3802 1070 3848 non
1101 3785 1358 3848 valeant
1389 3784 1530 3847 fieri
1569 3784 1762 3865 l›oni;
1805 3786 1869 3847 et
1906 3786 2124 3847 tamen
2161 3784 2422 3865 utrique
2453 3784 2696 3847 habent
2734 3785 3012 3848 liberum
3054 3785 3399 3849 arbitrium
3437 3808 3449 3848 :
3486 3787 3641 3867 quia
3672 3788 3737 3849 et
3776 3786 3942 3849 boni

829 3918 960 3965 non
1012 3900 1235 3981 aliqua
1286 3902 1556 3983 cogente
1603 3901 2011 3980 necessitate,
2050 3900 2165 3963 sed
2216 3901 2484 3981 propria
2543 3917 2618 3962 ac
2674 3903 3034 3981 spontanea
3078 3901 3440 3982 voluntate,
3490 3919 3607 3983 per
3658 3903 3945 3983 gratiam

832 4017 1099 4097 quidem
1129 4016 1364 4098 adjuti,
1389 4016 1635 4079 bonum
1667 4015 1918 4096 eligunt
1947 4016 2010 4077 et
2038 4016 2291 4078 malum
2320 4017 2677 4097 respuunt;
2710 4017 2774 4079 et
2803 4016 2960 4078 mali
2992 4017 3299 4079 similiter
3326 4020 3685 4098 spontanea
3708 4017 3949 4081 volun-

831 4135 986 4213 tate,
1020 4150 1059 4195 a
1095 4133 1303 4213 gratia
1337 4132 1658 4213 destituti,
1691 4132 1940 4195 bonum
1979 4132 2190 4195 vitant
2228 4133 2293 4195 et
2332 4132 2579 4195 malum
2622 4137 2989 4214 sequuntur
3021 4153 3036 4194 :
3080 4135 3144 4196 et
3183 4134 3339 4196 mali
3377 4134 3620 4198 habent
3657 4134 3947 4199 liberum

832 4248 1201 4329 arbitrium,
1242 4250 1358 4312 sed
1405 4247 1788 4331 depressum
1837 4250 2032 4330 atque
2089 4250 2497 4330 corruptum,
2540 4249 2716 4329 quod
2768 4267 3033 4330 surgere
3084 4249 3167 4313 ad
3213 4249 3462 4313 bonum
3512 4267 3647 4313 non
3694 4250 3943 4317 valent.

924 4474 994 4539 C.
1034 4479 1228 4545 Quod
1257 4478 1427 4540 boni
1457 4478 1624 4551 post
1660 4478 2299 4549 confirmationem
2332 4479 2637 4539 libertus
2666 4479 3072 4540 arbitrium
3100 4479 3366 4541 habent
3392 4494 3617 4553 quam
3648 4479 3843 4542 ante.

969 4680 1139 4747 Boni
1177 4700 1330 4747 vero
1372 4682 1715 4745 arbitrium
1755 4681 1996 4745 habent
2043 4682 2254 4744 multo
2301 4680 2572 4745 liberius
2610 4685 2761 4762 post
2798 4682 3361 4745 confirmationem
3396 4699 3595 4763 quam
3638 4684 3809 4745 ante.
3852 4683 3950 4746 Ut

543 4828 608 4871 Αιι
581 4838 653 4883 gu.
661 4823 720 4869 Ειι
723 4822 812 4867 ιι·
839 4796 1014 4865 enim
1047 4797 1460 4879 Augustinus
1497 4797 1764 4859 tradidit
1803 4796 1868 4859 in
1899 4797 2331 4860 Enchiridio:
2366 4797 2517 4861 Non
2556 4798 2702 4861 ideo
2744 4799 2960 4861 carent
2999 4797 3204 4861 libero
3244 4797 3537 4877 arbitr10,
3578 4799 3734 4879 quia
3770 4799 3949 4862 male

543 4891 628 4933 rid.

645 4902 682 4932 c.
707 4892 794 4932 105.

839 4918 1007 4981 velle
1045 4934 1176 4978 non
1227 4916 1541 4996 possunt3
1589 4914 1800 4976 multo
1850 4914 2094 4995 quippe
2146 4913 2419 4977 liberius
2472 4916 2570 4977 est
2621 4915 2962 4977 arbitrium
3016 4912 3195 4994 quod
3244 4932 3377 4977 non
3427 4915 3645 4994 potest
3698 4916 3951 4979 εθτιίτθ

840 5035 1128 5116 peccat0.
1161 5032 1390 5112 Neque
1429 5030 1748 5112 culpanda
1789 5033 1889 5094 est
1925 5031 2254 5109 voluntaS,
2288 5032 2402 5094 aut
2440 5031 2746 5094 voluntas
2782 5049 2913 5093 non
2953 5032 3073 5110 est,
3107 5034 3222 5094 aut
3264 5030 3467 5093 libera
3502 5030 3777 5094 dicenda
3808 5048 3951 5095 non

841 5154 963 5231 est,
996 5166 1125 5231 qua
1154 5148 1328 5212 beati
1357 5165 1498 5211 esse
1535 5148 1631 5211 sic
1667 5148 1921 5228 volunt,
1954 5150 2029 5211 ut
2059 5165 2201 5211 esse
2240 5148 2466 5212 miseri
2504 5166 2637 5211 non
2666 5149 2883 5212 solum
2923 5147 3157 5225 nolint,
3181 5148 3293 5211 sed
3324 5164 3445 5210 nec
3476 5164 3747 5227 prorsus
3776 5148 3951 5213 velle

841 5267 1117 5351 possint.
1152 5266 1300 5330 Non
1339 5264 1618 5347 possunt
1661 5264 1881 5347 itaque
1924 5264 2081 5328 boni
2119 5264 2338 5346 angeli
2374 5264 2543 5329 velle
2581 5265 2855 5345 malum,
2898 5265 3002 5328 vel
3041 5264 3208 5329 velle
3246 5282 3389 5329 esse
3426 5264 3687 5345 miseri3
3728 5282 3948 5347 neque
