4334 6242
833 479 954 546 480

1513 499 1577 547 m
1617 500 1840 547 mmmm
1879 501 1925 546 11
1966 499 2449 550 summanum
2495 519 2575 530 -
2612 503 2767 549 msT.
2812 503 2914 566 1x;
2958 503 3183 560 QUAEST.
3228 503 3272 549 11

835 670 929 750 (id
970 677 1066 732 est
1104 671 1644 752 sursumductive)
1673 671 2218 734 circumvelatum.
2251 707 2332 717 —
2363 670 2411 734 A
2444 671 2663 735 ficitur
2691 672 2933 736 lumine
2962 673 3243 755 simplici
3274 679 3337 734 et
3363 670 3673 735 absoluto.
3707 671 3945 745 Quum-

837 769 981 831 Haec
1025 769 1369 831 Udalricus.

917 867 987 929 In
1019 866 1204 947 cujus
1235 867 1447 930 verbis
1481 867 1825 931 obscurum
1855 868 2129 943 videtur,
2163 868 2333 950 quod

836 965 1061 1028 asserit
1110 966 1366 1047 angelos
1420 967 1644 1048 primae
1698 966 2070 1029 hierarchiae
2119 967 2335 1028 dulce-

836 1065 983 1127 dine
1039 1063 1200 1125 lucis
1255 1063 1662 1128 hierarchicae
1713 1064 1954 1127 moveri
2011 1065 2077 1126 in
2132 1065 2334 1126 Deum

835 1162 1036 1242 magis
1101 1180 1292 1243 quam
1361 1161 1494 1225 sola
1557 1162 1974 1225 delectatione
2031 1181 2198 1224 verae
2260 1180 2333 1224 ac

834 1259 1269 1322 substantialis
1309 1260 1653 1333 felicitatiS,
1689 1269 1909 1342 utpote
1950 1261 2196 1343 praemii
2240 1279 2334 1323 es-

833 1359 1142 1421 sentialis.
1213 1358 1557 1421 Delectatio
1628 1377 1907 1441 namque
1973 1359 2334 1422 essentialis

833 1456 1156 1520 felicitatis
1206 1456 1408 1520 multo
1453 1457 1762 1522 intensior
1805 1458 2332 1541 praestantiorque

835 1556 1146 1631 consistit,
1179 1575 1373 1638 quam
1419 1557 1688 1620 dulcedo
1733 1557 2199 1638 cujuscumque
2248 1557 2335 1618 al·

832 1656 1030 1718 terius
1078 1656 1229 1718 doni
1278 1656 1493 1730 creati,
1547 1656 1714 1718 sicut
1762 1662 1824 1718 et
1875 1655 2014 1738 ipsa
2063 1655 2335 1718 felicitas

832 1754 1082 1817 excedit
1131 1762 1339 1817 cetera
1393 1754 1574 1816 dona.
1627 1754 1888 1828 RursuS‚
1938 1755 2061 1816 hoc
2115 1753 2335 1816 lumen

2443 789 2567 852 que
2607 771 2815 834 dictus
2854 772 3080 834 modus
3120 771 3481 833 communis
3520 769 3603 833 sit
3639 769 3947 833 omnibus

2442 869 2889 933 ecclesiasticae
2935 870 3307 932 hierarchiae
3358 869 3670 953 personis,
3718 885 3945 930 earum

2442 975 2656 1029 tamen
2688 975 2837 1030 sunt
2875 975 3055 1030 actus
3095 967 3352 1040 diversi,
3386 967 3741 1030 secundum
3780 983 3949 1048 quos

2442 1065 2677 1127 diversi
2719 1065 2973 1128 ordines
3011 1065 3513 1146 distinguuntur.
3547 1064 3726 1127 Alius
3766 1063 3948 1126 enim

2442 1169 2620 1226 actus
2666 1171 2763 1226 est
2813 1164 3235 1237 sacerdotum,
3285 1162 3448 1226 alius
3505 1163 3946 1226 diaconorum.

2442 1262 2577 1325 Imo
2608 1262 2674 1324 in
2704 1261 3007 1326 exercitio
3036 1261 3381 1342 cujuslibet
3410 1269 3663 1323 actuum
3693 1261 3949 1334 horum,

2444 1361 2702 1442 quidam
2747 1368 2897 1423 sunt
2936 1360 3081 1422 aliis
3124 1360 3325 1442 magis
3368 1360 3599 1423 idonei.

2522 1459 2757 1521 Verum
2816 1458 3024 1540 angeli
3084 1477 3305 1521 omnes
3354 1458 3647 1541 quamvis
3697 1457 3763 1521 in
3822 1457 3953 1520 hoc

2446 1558 2635 1621 modo
2677 1559 3077 1632 conveniant,
3112 1559 3281 1642 quod
3324 1558 3462 1620 sine
3511 1557 3955 1640 inquisitionis

2446 1657 2737 1719 discursu
2768 1665 2832 1719 et
2869 1658 3007 1720 sine
3048 1657 3399 1738 figurarum
3432 1657 3745 1720 velamine
3784 1655 3957 1718 divi-

2447 1774 2604 1818 num
2635 1756 2954 1838 recipiunt
2992 1757 3247 1834 lumen;
3279 1755 3484 1818 nihilo
3514 1756 3731 1818 minus
3762 1753 3961 1818 diffe-

832 1861 941 1916 aut
988 1861 1084 1915 est
1133 1851 1349 1916 lumen
1397 1853 1634 1934 gratiae,
1667 1860 1774 1915 aut
1827 1853 2044 1915 lumen
2094 1852 2332 1934 glorioe,
2371 1856 2419 1919 B
2449 1861 2597 1917 runt
2629 1854 2693 1918 in
2724 1855 2866 1930 hoc,
2882 1856 3049 1938 quod
3082 1855 3343 1939 quidam
3374 1873 3593 1918 eorum
3628 1853 3961 1937 recipiunt

834 1971 1034 2035 quum
1077 1959 1323 2014 certum
1365 1952 1447 2015 sit
1491 1951 1701 2033 ipsum
1754 1969 1880 2014 non
1930 1969 2067 2014 esse
2119 1951 2335 2014 lumen

833 2058 1091 2114 naturae.
1145 2050 1470 2124 Quomodo
1527 2067 1677 2131 ergo
1735 2051 1955 2112 datum
2002 2057 2098 2111 est
2145 2068 2339 2131 supra

833 2168 946 2212 seu
990 2149 1155 2211 ult-ra
1201 2147 1689 2211 similitudinem
1733 2167 1924 2229 quam
1976 2147 2214 2209 habent
2260 2165 2337 2209 ex

833 2248 1078 2310 lumine
1108 2248 1324 2330 gratiae
1352 2255 1462 2310 aut
1489 2247 1727 2328 gloriae,
1752 2247 1935 2329 quasi
1965 2247 2180 2329 ipsum
2212 2264 2338 2308 non

834 2348 916 2409 sit
945 2348 1162 2429 gratiae
1191 2356 1299 2409 aut
1327 2345 1545 2428 gloriae
1576 2346 1830 2410 lumen?
1862 2347 1924 2409 Si
1955 2355 2168 2408 autem
2202 2345 2341 2406 vult

836 2444 1069 2519 dicere,
1116 2445 1286 2527 quod
1334 2443 1604 2507 dulcedo
1655 2442 1918 2506 luminis
1966 2443 2160 2523 hujus
2210 2461 2341 2505 una

836 2563 984 2607 cum
1042 2543 1458 2606 delectatione
1514 2541 1870 2606 essentialis
1924 2541 2339 2604 beatitudinis

835 2642 1064 2705 fortius
1109 2650 1321 2704 movet
1372 2641 1544 2723 ipsos
1593 2640 1659 2702 in
1706 2640 1931 2713 Deum,
1965 2657 2156 2721 quam
2208 2638 2342 2701 sola

837 2740 1171 2804 delectatio
1201 2739 1547 2812 felicitat-iS,
1581 2739 1701 2801 hoc
1731 2756 1848 2801 nec
1887 2736 2339 2827 difficultatem

837 2838 1029 2901 habet
1074 2857 1191 2901 nec
1237 2836 1527 2900 dubium.
1561 2873 1642 2883 —
1677 2836 2119 2909 conformiter,
2169 2836 2339 2918 quod

835 2937 925 3000 ait
976 2937 1192 2999 lumen
1238 2936 1359 2998 hoc
1403 2936 1470 2998 in
1515 2935 1798 3004 secunda
1833 2933 2192 2996 hierarchia
2236 2934 2343 2995 ha-

2450 1955 2609 2016 illud
2658 1954 2723 2017 in
2774 1955 3000 2036 majori
3050 1955 3527 2018 universalitate
3569 1973 3763 2037 quam
3808 1953 3953 2016 alii.

2447 2053 2706 2135 Propter
2748 2055 2918 2135 quod
2966 2054 3325 2137 superiores
3368 2054 3670 2116 dicuntur
3711 2051 3957 2115 habere

2448 2152 2781 2214 scientiam
2828 2151 3028 2233 magis
3070 2152 3519 2215 universalem.
3563 2152 3640 2214 Et
3680 2152 3801 2215 hoc
3838 2171 3959 2214 va-

2449 2250 2597 2312 riari
2629 2269 2756 2314 non
2781 2251 2950 2314 valet
2977 2251 3104 2314 nisi
3134 2251 3485 2334 tripliciter.
3498 2252 3622 2314 Aut
3650 2251 3824 2314 enim
3853 2269 3961 2314 co-

2446 2347 2799 2428 gnitionem
2835 2349 3199 2411 divinorum
3234 2348 3586 2412 effectuum
3627 2349 3961 2432 recipiunt

2452 2444 2518 2506 in
2543 2446 2746 2527 prima
2770 2464 2959 2510 causa
2982 2445 3361 2510 universali:
3382 2454 3445 2508 et
3468 2446 3575 2508 hic
3600 2454 3695 2510 est
3720 2447 3959 2509 modus

2451 2542 2675 2624 primae
2725 2544 3023 2627 proprius
3066 2544 3460 2618 hierarchias,
3503 2564 3647 2627 quae
3687 2561 3961 2627 propor-

2449 2641 2688 2705 tionata
2726 2651 2823 2705 est
2856 2643 2935 2705 ad
2968 2641 3409 2725 recipiendum
3444 2642 3958 2706 illuminationes

2449 2739 2699 2802 divinas
2732 2741 2798 2803 in
2830 2741 2970 2823 ipso
2999 2740 3245 2822 fulgore
3275 2740 3438 2803 lucis
3470 2739 3721 2804 divinae.
3755 2741 3959 2803 Idcir-

2452 2855 2527 2900 co
2574 2838 2876 2901 dicuntur
2918 2837 3088 2901 circa
3135 2840 3335 2901 Deum
3388 2857 3549 2914 esse,
3595 2856 3959 2921 omnesque

2450 2936 2704 2999 ordines
2734 2936 2873 3018 ejus
2905 2937 3395 2999 denominantur
3420 2935 3500 3000 ab
3528 2937 3776 3000 actione
3803 2956 3959 3019 quae

837 3035 988 3098 bere
1018 3035 1323 3098 virtutem
1353 3052 1481 3096 non
1520 3033 1880 3108 limitatam,
1913 3051 2068 3095 sano
2100 3033 2341 3114 indiget
2372 3033 2415 3097 C
2452 3035 2623 3097 circa
2677 3035 2878 3097 Deum
2928 3042 3237 3111 versatur,
3290 3043 3363 3097 ut
3416 3044 3567 3098 sunt
3614 3053 3961 3117 cognosce-

839 3134 1190 3208 intellectu,
1246 3151 1448 3215 quum
1507 3150 1695 3195 omne
1754 3131 1993 3194 bonum
2054 3138 2339 3194 creatum

838 3232 1095 3295 virtutis
1137 3231 1218 3294 sit
1267 3231 1576 3304 limitatae,
1611 3230 1675 3292 id
1717 3238 1814 3292 est
1855 3229 2075 3292 finitae.

918 3331 1223 3393 Praeterea
1252 3329 1522 3390 Thomas
1549 3345 1562 3391 :
1587 3329 1656 3390 ln
1687 3328 1950 3409 angelis,
1985 3328 2215 3409 inquit,
2250 3328 2343 3390 in-

841 3428 1094 3490 venitur
1124 3427 1354 3510 triplex
1394 3426 1721 3489 distinctio
1757 3444 1770 3488 ε
1807 3445 1932 3488 una
1961 3425 2341 3488 hierarchia-

839 3551 982 3595 rum
1023 3531 1104 3593 ab
1146 3531 1443 3605 invicem,
1479 3531 1758 3594 secunda
1796 3531 2094 3592 ordinum
2138 3529 2204 3590 in
2244 3547 2342 3591 ea-

838 3631 983 3692 dem
1016 3629 1388 3704 hierarchia,
1403 3629 1587 3691 tertia
1617 3646 2024 3710 personarum
2054 3627 2342 3709 ejusdem

839 3728 1100 3792 ordinis,
1138 3729 1210 3790 Et
1247 3727 1547 3810 quaelibet
1586 3728 1812 3789 harum
1856 3727 2338 3789 distinctionum

839 3828 1152 3910 accipitur
1199 3827 1550 3890 secundum
1611 3825 1924 3888 diversam
1987 3825 2340 3907 proportio·

841 3945 989 3989 nem
1019 3926 1096 3988 ad
1127 3926 1328 3988 divini
1362 3925 1626 3987 luminis
1657 3924 2106 4006 receptionem.
2129 3925 2341 3986 Diver-

841 4025 992 4086 sitas
1023 4042 1301 4105 namque
1329 4023 1830 4086 hierarchiarum
1860 4031 1956 4085 est
1986 4023 2339 4085 secundum

841 4122 1165 4185 diversum
1217 4123 1479 4186 modum
1528 4121 1878 4204 recipiendi
1929 4121 2341 4184 illuminatio·

2438 3139 2519 3194 're
2570 3140 2633 3194 et
2672 3151 2904 3196 amare.
2951 3132 3078 3196 Aut
3119 3141 3507 3215 cognoscunt
3552 3153 3651 3197 res
3700 3134 3767 3196 in
3810 3133 3960 3195 uni-

2452 3232 2807 3295 versalibus
2846 3232 3199 3295 rationibus
3239 3252 3449 3296 rerum
3490 3251 3505 3295 ε
3538 3233 3649 3315 qui
3687 3241 3785 3295 est
3812 3250 3956 3296 mo-

2452 3331 2570 3392 dus
2602 3331 2973 3393 hierarchiae
3003 3331 3315 3406 secundae.
3339 3331 3488 3394 Ideo
3516 3330 3724 3412 angeli
3752 3331 3958 3412 hujus

2452 3430 2821 3493 hierarchiae
2852 3431 3275 3511 cognitionem
3304 3429 3629 3513 accipiunt
3656 3449 3693 3492 a
3724 3429 3959 3512 primae

2450 3528 2692 3609 angelis
2732 3528 3123 3602 hierarchiae,
3159 3529 3222 3590 in
3264 3528 3500 3611 quibus
3539 3535 3687 3591 sunt
3724 3528 3957 3592 formae

2452 3626 2728 3688 maxime
2759 3626 3185 3706 universales3
3216 3633 3279 3688 et
3302 3627 3565 3690 nomina
3594 3626 3957 3690 sortiuntur

2450 3724 2531 3787 ab
2586 3724 2877 3787 efficacia
2924 3725 3227 3807 operandi
3278 3725 3346 3788 in
3394 3724 3584 3788 rebus
3628 3742 3643 3786 t
3686 3732 3751 3788 et
3795 3725 3959 3807 quia

2450 3823 2671 3886 formae
2702 3842 2816 3904 per
2847 3842 3003 3905 quas
3035 3831 3425 3904 cognoscunt
3454 3829 3602 3886 311111
3633 3822 3957 3885 universa·

2452 3923 2982 3996 leS,nominantur
3010 3941 3047 3984 a
3076 3929 3383 4004 potestate
3414 3940 3541 3985 non
3569 3922 3957 3985 determina-

2449 4029 2515 4084 ta
2545 4022 2623 4084 ad
2657 4021 2937 4102 aliquem
2969 4021 3069 4082 vel
3105 4021 3183 4082 ad
3217 4021 3484 4102 aliquos.
3515 4021 3641 4083 Aut
3674 4029 3955 4084 noscunt

2452 4139 2551 4183 res
2583 4120 2649 4182 in
2687 4119 3041 4183 rationibus
3076 4119 3352 4202 propriis
3386 4135 3401 4181 :
3435 4119 3546 4201 qui
3586 4126 3682 4182 est
3720 4120 3955 4182 modus

841 4241 955 4286 nes
995 4223 1280 4302 divinas3
1325 4221 1657 4284 diversitas
1701 4239 1852 4284 vero
1896 4221 2193 4283 ordinum
2245 4231 2342 4284 est
2370 4217 2421 4282 D
2452 4219 2694 4283 infimae
2724 4217 3116 4291 hierarchiae,
3140 4218 3205 4281 111
3238 4236 3365 4300 qua
3392 4226 3543 4281 sunt
3570 4217 3793 4282 formae
3824 4237 3959 4280 ma-

843 4321 1197 4384 secundum
1264 4328 1441 4383 actus
1509 4320 1791 4383 diversos
1856 4337 2014 4402 quos
2083 4319 2341 4401 perficit

846 4420 1066 4482 lumen
1114 4419 1406 4481 divinum
1465 4418 1817 4480 secundum
1873 4417 2220 4500 perfectius
2276 4426 2341 4481 et

847 4518 1061 4580 minus
1111 4515 1504 4598 perfectum3
1551 4516 1883 4578 diversitas
1937 4523 2149 4579 autem
2201 4535 2341 4598 per—

845 4636 1143 4681 sonarum
1196 4616 1486 4698 ejusdem
1540 4615 1782 4678 ordinis
1835 4623 1932 4678 est
1983 4616 2336 4678 secundum

843 4717 1160 4780 diversam
1221 4714 1522 4778 virtutem
1581 4714 1647 4776 in
1704 4714 2109 4776 exsecutione
2161 4720 2341 4776 actus

844 4815 1047 4897 magis
1077 4821 1186 4876 aut
1217 4813 1429 4875 minus
1457 4811 1730 4875 efficaci.
1765 4811 1954 4874 Verbi
1987 4812 2212 4892 gratia,
2246 4831 2342 4875 ec-

843 4913 1197 4976 clesiastica
1245 4910 1599 4974 hierarchia
1647 4910 2060 4992 distinguitur
2105 4910 2187 4972 ab
2237 4930 2344 4973 an-

843 5012 1046 5094 gelica
1076 5011 1142 5073 in
1172 5010 1313 5084 hoc,
1347 5010 1516 5092 quod
1547 5009 1977 5072 ecclesiastica
2007 5008 2343 5091 perficitur

844 5110 1087 5173 lumine
1119 5109 1337 5171 divino
1374 5127 1491 5190 per
1519 5107 1973 5170 similitudines
2009 5107 2342 5170 sensibiles

844 5208 1050 5272 velato
1091 5215 1220 5270 tam
1267 5206 1331 5267 in
1375 5205 1788 5268 sacramentis
1830 5224 2022 5288 quam
2068 5205 2134 5268 in
2185 5206 2347 5269 Scri-

845 5318 1176 5392 pturarum
1227 5305 1634 5388 metaphoriS‚
1675 5304 1961 5387 angelica
2007 5323 2158 5368 vero
2207 5323 2345 5388 per-

2448 4319 2545 4401 gis
2594 4317 3029 4401 particulares,
3082 4317 3410 4400 magisque
3456 4317 3955 4400 proportionatae

2450 4416 2881 4481 intellectibus
2910 4415 3167 4492 11031113,
3192 4424 3262 4478 111
3290 4415 3691 4479 illustrentur
3716 4416 3798 4479 ab
3827 4417 3949 4480 eis.

2530 4515 2749 4579 Simile
2807 4515 3035 4578 horum
3085 4514 3285 4578 videri
3340 4522 3549 4597 potest
3597 4515 3662 4577 in
3709 4515 3957 4597 princi-

2448 4623 2601 4697 patu
2631 4622 2900 4676 terreno.
2936 4613 3367 4676 Ministrorum
3406 4613 3646 4696 quippe
3681 4614 3792 4696 qui
3824 4613 3951 4678 sub

2450 4731 2579 4775 uno
2606 4721 2757 4775 sunt
2784 4730 2953 4793 rege,
2986 4711 3243 4794 quidam
3286 4711 3651 4774 immediate
3684 4729 3955 4794 operan-

2451 4819 2554 4874 tur
2602 4811 2771 4873 circa
2817 4828 3152 4893 personam
3202 4810 3391 4891 regiS,
3423 4817 3522 4870 ut·
3542 4809 3951 4886 cubicularii,

2452 4910 2797 4974 consiliarii
2855 4917 2919 4972 et
2970 4926 3318 4972 assessores
3369 4926 3383 4971 :
3434 4917 3498 4972 et
3546 4908 3667 4972 hoc
3724 4910 3957 4992 primae

2452 5008 2823 5072 hierarchiae
2884 5016 2979 5071 est
3037 5015 3406 5089 competens
3465 5017 3757 5090 respectu
3812 5007 3951 5071 Dei.

2451 5107 2714 5182 Quidam
2745 5107 2982 5169 habent
3004 5106 3223 5169 officia
3252 5107 3329 5168 ad
3360 5106 3536 5188 regni
3568 5106 3851 5188 regimen
3882 5107 3961 5170 in

2454 5206 2804 5279 communi,
2837 5222 2964 5266 non
3009 5205 3293 5287 deputati
3331 5204 3483 5267 huic
3520 5212 3631 5267 aut
3669 5203 3765 5267 illi
3809 5222 3959 5286 pro-

2453 5303 2703 5378 vinciae,
2750 5311 2820 5366 ut
2863 5303 3105 5366 domini
3152 5303 3365 5380 curiae,
3408 5303 3731 5386 principes
3780 5302 3955 5366 mili-
