4334 6242
809 730 1621 822 COMPENDIOSUM
1678 734 2290 821 MEMORIALE
2345 734 2631 822 LIBRI
2689 733 3131 822 SECUNDI
3188 735 4001 825 SENTENTIARUM

644 962 844 1024 Liber
889 965 1210 1024 secundus
1254 964 1754 1025 Sententiarum
1801 974 1893 1024 est
1941 967 2022 1024 de
2070 983 2297 1024 rerum
2344 973 2934 1044 creatu-rarumque
2980 965 3330 1036 creatione,
3374 975 3435 1026 et
3484 966 3671 1026 habet
3721 968 4195 1046 quadrayinta

2005 1080 2293 1150 quatuor
2332 1073 2801 1132 distinctiones,

558 1333 844 1382 Disrmc.
892 1329 918 1378 1

1640 1327 1671 1376 2

2390 1331 2419 1379 3

3132 1330 3163 1378 4

562 1465 779 1517 scilicet
817 1465 970 1514 Deus
1011 1464 1065 1513 in
1103 1463 1256 1526 prin-
1312 1461 1528 1512 scilicet
1576 1463 1744 1514 simul
1794 1464 2004 1515 creavit
2060 1462 2277 1513 scilicet
2306 1467 2438 1514 sunt
2468 1464 2670 1527 angeli,
2696 1467 2752 1514 et
2806 1463 3022 1513 scilicet
3067 1464 3278 1514 creavit
3326 1478 3499 1526 ange·
4321 1509 4322 1514 ,

561 1537 709 1602 cipio
739 1536 942 1587 coelum
968 1541 1024 1585 et
1047 1539 1254 1586 terram
1310 1549 1438 1584 cum
1474 1535 1616 1586 coelo
1652 1550 1912 1602 empyreo
1947 1539 2004 1586 et
2059 1535 2431 1597 personaliter
2500 1535 2748 1586 distincti
2803 1534 2908 1591 los.
2946 1549 3056 1585 non
3092 1535 3348 1594 misero&
3385 1549 3495 1586 non
3552 1536 3735 1599 gratia
3776 1537 3909 1589 data
3952 1540 4038 1588 est
4082 1539 4267 1590 bonis

562 1624 630 1659 ex
663 1609 848 1660 nihilo.

561 1691 888 1758 creavit

897 1797 929 1845 6

560 1867 775 1918 scilicet
793 1867 1144 1918 interomnes
1163 1881 1254 1916 an-

560 1939 719 2002 gelos
767 1939 987 2000 cecidit,
1041 1939 1255 1988 scilicet

560 2010 800 2060 Lucifer.

563 2091 816 2172 Maior

879 2198 936 2248 11

563 2339 778 2421 scilicet
798 2339 980 2404 angeli
1001 2343 1132 2394 boni
1154 2343 1253 2394 ho-

561 2426 758 2462 mines.

560 2493 1045 2563 custodiunt

878 2603 943 2652 ιε

564 2743 780 2796 scilicet
833 2753 888 2796 et
935 2747 1254 2800 similitudi-

564 2828 690 2864 nem
714 2831 874 2868 suam
897 2821 1089 2884 posuit
1101 2822 1254 2871 Deus

564 2886 618 2936 in
650 2887 874 2940 homine
909 2896 964 2940 et
994 2894 1212 2956 angele.

563 2966 1006 3048 Imaginem

567 3144 784 3197 scilicet
829 3077 1090 3201 ἀίἲὺοίιιε
1145 3153 1258 3216 pri-

569 3231 720 3298 mum
743 3217 1024 3302 hominem
1050 3223 1102 3272 in
1131 3237 1258 3288 spe-

567 3303 650 3338 cie
673 3297 948 3355 serpentis
973 3308 1040 3343 ex
1063 3311 1260 3360 super-

565 3359 660 3411 bia
687 3365 744 3412 et
772 3363 995 3414 invidia.

567 3441 852 3510 Tentat

887 3551 950 3600 26

571 3764 788 3816 scilicet
806 3767 1008 3832 duplex
1031 3775 1260 3835 estope-

569 3850 702 3886 rans
731 3842 788 3888 et
817 3853 1146 3904 cooperans.

569 3919 997 4002 Gratiaque

572 4094 786 4147 scilieet
804 4028 958 4150 tenta
977 4101 1115 4152 fides
1145 4105 1261 4154 ani-

573 4180 720 4217 mam
774 4183 809 4219 a
852 4170 987 4232 Deo,
1031 4187 1138 4224 non
1193 4189 1260 4226 ex

570 4238 818 4291 traduce.

570 4318 922 4388 Inmsam

887 4431 950 4480 36

572 4569 788 4622 scilicet
857 4574 1011 4625 Deus
1086 4592 1260 4630 unum

569 4648 862 4708 peccatum
897 4660 998 4709 per
1022 4647 1193 4699 aliud.

567 4725 804 4792 Juste
848 4729 1083 4807 punit

884 4835 945 4884 ιιι

1311 1606 1562 1656 materia.
1683 1617 1709 1648 2

1309 1689 1634 1766 angelos

1642 1797 1670 1844 7

1310 1936 1526 1986 scilicet
1587 1938 1844 1991 diabolus
1905 1957 2002 1992 vo·

1307 2006 1522 2058 luntate
1552 2010 1853 2063 obstinata.

1307 2088 1714 2156 malefacit

1309 2266 1362 2315 id
1426 2273 1515 2317 est
1571 2199 1860 2322 mgeriam
1919 2273 2002 2323 in·-

1310 2339 1546 2421 formem
1585 2341 1718 2392 fecit
1753 2343 1906 2395 Deus
1944 2345 1998 2396 in

1309 2423 1602 2474 principio.

1295 2490 1612 2558 terram

1633 2600 1690 2648 17

1311 2811 1526 2862 scilicet
1555 2815 1706 2865 Deus
1736 2817 1912 2867 Adam
1947 2819 2000 2869 in

1311 2884 1634 2944 paradisum
1661 2891 1998 2940 terrestrem.

1310 2963 1526 3031 locat

1631 3073 1692 3122 22

1315 3212 1530 3263 scilicet
1543 3215 1673 3265 dicit
1685 3217 1850 3268 Evam
1870 3221 1950 3283 pri
1957 3235 2004 3270 n·

1313 3282 1476 3346 cipali
1505 3295 1736 3349 pec-cato
1762 3290 2004 3343 inobedi-

1314 3355 1494 3406 entiae.

1316 3443 1771 3514 peccantem

1633 3546 1694 3596 27

1319 3686 1530 3738 scilicet
1568 3699 1894 3745 numeratur
1927 3695 2009 3744 in-

1317 3763 1402 3806 ter
1419 3773 1620 3822 magna
1639 3762 1793 3821 bona.
1806 3772 1860 3815 et
1879 3768 2007 3831 quid

1319 3830 1408 3878 sit.

1317 3913 1581 3979 virtus

1635 4022 1696 4071 32

1318 4088 1532 4139 scilicet
1549 4093 1872 4156 Baptismus
1895 4097 2010 4146 ani-

1319 4173 1466 4280 mam
1503 4176 1536 4210 a
1569 4172 1800 4225 peccato
1841 4168 2009 4231 origi—

1318 4246 1390 4280 na
1415 4246 1446 4280 ι.

1317 4318 1609 4393 purgat

1635 4424 1696 4472 37

1319 4564 1533 4615 scilicet
1557 4567 1806 4618 omnium
1837 4568 2007 4621 bono-

1318 4651 1440 4686 rum
1471 4643 1558 4686 est
1585 4639 1754 4689 Deus.

1315 4722 1598 4784 auctor

1631 4826 1693 4874 42

1314 4969 1570 5018 homines
1617 4968 1900 5034 voluntate
1948 4975 2002 5021 et

2060 1605 2113 1654 in
2147 1607 2413 1656 essentia.

2057 1688 2461 1754 difformes

2387 1795 2417 1843 8

2059 1935 2275 1986 scilicet
2342 1936 2567 2001 proprio
2638 1952 2746 1988 non

2058 2011 2191 2058 sunt
2220 2008 2403 2058 vestiti
2436 2009 2638 2072 angeli.

2057 2102 2385 2169 corpore

2378 2197 2436 2244 13

2059 2337 2274 2388 scilicet
2316 2339 2467 2389 faeta
2510 2345 2598 2390 est
2637 2341 2751 2405 pri-

2060 2423 2151 2458 ma
2180 2409 2285 2458 die.

2056 2490 2198 2555 lux

2376 2599 2437 2648 18

2060 2741 2321 2792 formatio
2366 2742 2516 2792 facta
2559 2747 2647 2793 est
2683 2744 2750 2794 de

2059 2816 2220 2862 costa
2254 2814 2388 2862 Adm
2422 2814 2750 2864 dormientis

2061 2881 2113 2930 in
2147 2885 2427 2946 paradiso.

2059 2965 2245 3030 Evae

2380 3073 2447 3122 23

2063 3287 2278 3338 scilieet
2309 3290 2487 3340 Adam
2526 3292 2752 3355 plenum

2061 3358 2265 3422 triplici
2298 3362 2634 3422 cognitione.

2063 3443 2450 3509 scientem

2380 3549 2442 3599 28

2066 3689 2275 3752 Pelagii
2315 3692 2503 3754 opinio
2538 3693 2757 3744 haereti-

2063 3775 2132 3811 ca
2158 3761 2225 3809 de
2252 3763 2454 3813 virtute
2485 3765 2640 3815 liberi
2672 3781 2755 3816 ar·

2064 3831 2230 3882 bitrii.

2063 3915 2434 3980 monachi

2384 4023 2443 4071 33

2067 4093 2280 4143 scilicet
2304 4099 2390 4144 est
2417 4099 2599 4145 status
2625 4111 2756 4159 pue-

2066 4179 2253 4214 rorum
2282 4165 2665 4216 decedentium
2701 4168 2752 4216 in

2065 4236 2342 4298 originali.

2065 4317 2406 4397 poenalis

2382 4426 2444 4475 38

2065 4567 2118 4617 id
2159 4571 2247 4617 est
2284 4582 2351 4618 ex
2391 4567 2497 4617 fine
2537 4573 2626 4617 est
2660 4583 2755 4618 vo-

2065 4639 2253 4689 luntas
2286 4640 2434 4690 bona
2466 4641 2552 4689 vel
2588 4642 2754 4690 mala.

2063 4721 2384 4787 finalem

2380 4827 2442 4875 43

2059 4971 2423 5034 blasphemiae
2459 4975 2545 5021 est
2578 4972 2755 5021 scele-

567 5040 784 5090 scilieet
833 5055 941 5092 non
997 5042 1051 5093 in
1103 5044 1254 5094 omni
1311 5040 1636 5104 operatione
1731 5044 1998 5105 tanquam
2058 5043 2403 5094 ratissimum
2426 5056 2606 5106 genus
2628 5057 2753 5107 pec·

563 5116 694 5162 actu
733 5117 984 5177 peccant.

565 5193 941 5260 Infideles

1312 5126 1424 5164 uno
1455 5117 1702 5175 peccato.

1310 5197 1642 5274 peccant

2057 5114 2165 5164 cati
2174 5151 2185 5162 .

2054 5196 2393 5276 spiritus

2804 1605 3017 1656 beatos.

2804 1685 3200 1767 perfectos

3134 1795 3165 1844 9

2806 1937 3021 1988 scilicet
3052 1941 3183 1988 sunt
3211 1938 3365 1989 chori
3398 1953 3499 1988 an-

2804 2007 3075 2070 gelorum.

2802 2103 3091 2155 novem

2805 2265 3021 2318 scilicet
3070 2199 3204 2318 seg-tit
3244 2269 3397 2318 Deus
3440 2268 3494 2319 in

2806 2339 2988 2390 medio
3005 2354 3280 2404 aquarum
3300 2355 3497 2391 secun-

2806 2411 2877 2460 da
2906 2410 3011 2460 die.

2806 2490 3399 2560 firmamentum

3128 2600 3187 2649 19

2808 2742 3023 2791 scilicet
3048 2743 3156 2794 fuit
3175 2744 3361 2793 factus
3387 2743 3499 2808 pri-

2808 2827 2935 2862 mus
2998 2815 3163 2865 homo
3228 2814 3500 2878 quodam-

2809 2885 2974 2935 modo
3004 2890 3059 2935 et
3090 2886 3439 2937 immortalis

2806 2967 3178 3032 mortalis

3127 3073 3185 3121 524

2811 3287 3026 3338 scilicet
3082 3288 3293 3339 habens
3355 3289 3500 3339 arbi-

2809 3359 2997 3410 trium.

2808 3440 3153 3507 liberum

3128 3547 3190 3598 29

2813 3691 3027 3740 scilicet
3062 3693 3285 3742 fuerunt
3326 3693 3499 3743 nostri

2812 3771 3072 3826 parentes
3103 3765 3282 3826 gratia
3310 3767 3365 3814 et
3393 3765 3503 3814 vir-

2810 3835 3042 3885 tutibus.

2810 3917 3142 3997 spoliati

2814 4093 3027 4143 scilicet
3086 4025 3214 4144 nstin
3273 4099 3359 4144 est
3406 4095 3505 4145 bo-

2814 4181 2965 4221 num,
3001 4166 3053 4216 id
3094 4171 3182 4216 est
3219 4166 3367 4216 bona
3405 4183 3503 4217 na-

2811 4241 2953 4287 tura.

2812 4318 3040 4396 origo

3130 4426 3192 4474 39

2812 4496 3027 4546 scilicet
3069 4498 3371 4547 voluntatis
3422 4498 3504 4548 in·-

2811 4569 3126 4618 ordinatum
3152 4570 3500 4628 malum,non

2810 4639 3045 4690 aliarum
3080 4641 3473 4705 potentiarum.

2811 4724 3083 4789 actum

2812 4900 3025 4950 scilicet
3040 4905 3096 4950 et
3112 4829 3361 4963 ggtentia
3377 4912 3501 4963 pec-

2810 4971 2973 5022 candi
3068 4971 3243 5022 utitur
3333 4970 3500 5021 homo

2811 5057 2978 5107 quam
3010 5042 3177 5093 habet
3202 5057 3237 5091 a
3266 5055 3326 5091 se
3351 5042 3436 5090 vel
3466 5055 3503 5092 a

2808 5113 3048 5164 diabolo.

2808 5196 3225 5276 potestate.

3882 1331 3913 1380 5

3552 1609 3769 1670 angelis
3799 1624 4142 1673 cooperans,

3550 1688 4011 1758 reformans.

3869 1798 3931 1849 10

3554 1938 3768 1989 scilicet
3814 1955 4011 1991 omnes
4058 1945 4265 2007 angeli

3552 2010 3669 2061 Deo
3698 2015 3753 2060 et
3782 2011 4130 2065 hominibus.

3551 2093 4042 2160 ministrant.

3874 2200 3932 2250 15

3553 2340 3769 2392 scilicet
3794 2344 3979 2395 factus
4005 2349 4101 2396 est
4128 2362 4266 2398 sex-

3552 2415 3611 2462 ta
3638 2413 3725 2463 die
3756 2419 3887 2477 post
3913 2417 4129 2470 omnia.

3553 2497 3636 2559 et
3678 2495 3938 2564 homo.

3555 2672 3769 2723 scilicet
3817 2603 4021 2727 fugigset
4076 2683 4260 2730 natus

3555 2745 3607 2793 in
3632 2749 3781 2795 statu
3811 2746 4153 2800 innocentia?
4182 2752 4263 2800 si-

3556 2829 3623 2864 ne
3648 2819 4005 2882 corruptione
4035 2825 4093 2872 et
4118 2837 4262 2886 pru·

3554 2888 3684 2938 ritu.

3555 2986 3773 3050 puer.

3872 3081 3934 3130 25

3556 3223 3771 3274 scilicet
3791 3225 3999 3287 gaudet
4020 3240 4137 3277 non
4164 3243 4261 3279 so-

3555 3295 3671 3348 lum
3694 3296 3879 3356 homo,
3900 3297 3996 3346 sed
4019 3302 4075 3349 et
4094 3299 4259 3351 Deus

3556 3369 3613 3416 et
3640 3366 3893 3427 angelus.

3555 3447 3963 3515 libertate.

3558 3627 3771 3677 scilicet
3804 3631 4097 3691 peccatum
4142 3630 4260 3694 pri-

3558 3699 3630 3748 mi
3674 3699 3915 3749 hominis
3956 3700 4010 3750 in
4051 3715 4259 3752 omnes

3558 3771 3813 3821 homines
3859 3773 4163 3835 poenaliter
4204 3780 4261 3824 et

3556 3843 3921 3906 culpabiliter.

3556 3926 3873 3993 transit.

3875 4033 3937 4082 35

3560 4176 3773 4226 scilicet
3844 4176 4091 4228 definitio
4170 4183 4261 4229 est

3558 4249 3867 4313 multiplex.

3558 4332 3894 4410 peccati.

3872 4438 3937 4487 40

3559 4509 3706 4558 malo
3739 4508 4029 4571 judicatur
4063 4511 4256 4561 omnis

3557 4583 3719 4629 actus
3750 4579 3995 4630 exterior
4024 4581 4252 4632 malus:

3558 4665 3667 4701 non
3699 4651 3781 4700 sic
3812 4651 3878 4699 de
3910 4652 4077 4704 bono.

3557 4747 3653 4798 ex
3696 4732 3876 4802 fine.
