<?xml version="1.0" encoding="UTF-8"?>
<!DOCTYPE html PUBLIC "-//W3C//DTD XHTML 1.0 Transitional//EN"
    "http://www.w3.org/TR/xhtml1/DTD/xhtml1-transitional.dtd">
<html xmlns="http://www.w3.org/1999/xhtml" xml:lang="en" lang="en">
 <head>
  <title>
</title>
<meta http-equiv="Content-Type" content="text/html;charset=utf-8" />
  <meta name='ocr-system' content='tesseract 3.04.00' />
  <meta name='ocr-capabilities' content='ocr_page ocr_carea ocr_par ocr_line ocrx_word'/>
</head>
<body>
  <div class='ocr_page' id='page_1' title='image "./doctorisecstati01denigoog_0064.png"; bbox 0 0 4334 6242; ppageno 0'>
   <div class='ocr_carea' id='block_1_1' title="bbox 885 475 3291 552">
    <p class='ocr_par' dir='ltr' id='par_1_1' title="bbox 885 475 3291 552">
     <span class='ocr_line' id='line_1_1' title="bbox 885 475 3291 552; baseline -0.001 -13"><span class='ocrx_word' id='word_1_1' title='bbox 885 475 966 539; x_wconf 70' lang='lat'><strong>48</strong></span> <span class='ocrx_word' id='word_1_2' title='bbox 1597 493 1660 538; x_wconf 77' lang='lat' dir='ltr'><strong>m</strong></span> <span class='ocrx_word' id='word_1_3' title='bbox 1698 492 1920 538; x_wconf 78' lang='lat' dir='ltr'>LIBRUM</span> <span class='ocrx_word' id='word_1_4' title='bbox 1963 491 2006 536; x_wconf 86' lang='lat' dir='ltr'><strong>u</strong></span> <span class='ocrx_word' id='word_1_5' title='bbox 2047 488 2529 536; x_wconf 73' lang='lat' dir='ltr'><strong>SENTENTIARUM.</strong></span> <span class='ocrx_word' id='word_1_6' title='bbox 2574 505 2655 516; x_wconf 93' lang='lat'><strong>—</strong></span> <span class='ocrx_word' id='word_1_7' title='bbox 2692 489 2846 535; x_wconf 71' lang='lat' dir='ltr'><strong>nlsr.</strong></span> <span class='ocrx_word' id='word_1_8' title='bbox 2894 489 2957 552; x_wconf 73' lang='lat'><strong>13</strong></span> <span class='ocrx_word' id='word_1_9' title='bbox 3000 490 3223 546; x_wconf 76' lang='lat' dir='ltr'><strong>QUAEST.</strong></span> <span class='ocrx_word' id='word_1_10' title='bbox 3270 492 3291 537; x_wconf 89' lang='lat'>1</span> 
     </span>
    </p>
   </div>
   <div class='ocr_carea' id='block_1_2' title="bbox 884 657 3991 745">
    <p class='ocr_par' dir='ltr' id='par_1_2' title="bbox 884 657 3991 745">
     <span class='ocr_line' id='line_1_2' title="bbox 884 657 3991 745; baseline -0.001 -21"><span class='ocrx_word' id='word_1_11' title='bbox 884 662 1182 726; x_wconf 86' lang='lat' dir='ltr'><strong>Albertus</strong></span> <span class='ocrx_word' id='word_1_12' title='bbox 1211 663 1277 725; x_wconf 90' lang='lat' dir='ltr'><strong>in</strong></span> <span class='ocrx_word' id='word_1_13' title='bbox 1309 663 1516 745; x_wconf 90' lang='lat' dir='ltr'><strong>prima</strong></span> <span class='ocrx_word' id='word_1_14' title='bbox 1545 663 1892 744; x_wconf 82' lang='lat' dir='ltr'><strong>quaestione</strong></span> <span class='ocrx_word' id='word_1_15' title='bbox 1921 660 2217 723; x_wconf 80' lang='lat' dir='ltr'><strong>secundae</strong></span> <span class='ocrx_word' id='word_1_16' title='bbox 2246 678 2383 741; x_wconf 92' lang='lat' dir='ltr'><strong>par·</strong></span> <span class='ocrx_word' id='word_1_17' title='bbox 2411 657 2463 720; x_wconf 87' lang='lat' dir='ltr'>A</span> <span class='ocrx_word' id='word_1_18' title='bbox 2491 659 2557 720; x_wconf 91' lang='lat' dir='ltr'><strong>in</strong></span> <span class='ocrx_word' id='word_1_19' title='bbox 2589 659 2851 722; x_wconf 91' lang='lat' dir='ltr'><strong>Summa</strong></span> <span class='ocrx_word' id='word_1_20' title='bbox 2879 679 3013 734; x_wconf 89' lang='lat' dir='ltr'><strong>sua,</strong></span> <span class='ocrx_word' id='word_1_21' title='bbox 3048 661 3212 724; x_wconf 91' lang='lat' dir='ltr'><strong>libro</strong></span> <span class='ocrx_word' id='word_1_22' title='bbox 3249 668 3475 743; x_wconf 90' lang='lat' dir='ltr'><strong>quarto</strong></span> <span class='ocrx_word' id='word_1_23' title='bbox 3508 677 3523 722; x_wconf 73' lang='grc' dir='ltr'><strong><em>ε</em></strong></span> <span class='ocrx_word' id='word_1_24' title='bbox 3557 661 3837 724; x_wconf 90' lang='lat' dir='ltr'><strong>Primum</strong></span> <span class='ocrx_word' id='word_1_25' title='bbox 3866 660 3991 740; x_wconf 88' lang='lat' dir='ltr'><strong>(di-</strong></span> 
     </span>
    </p>
   </div>
   <div class='ocr_carea' id='block_1_3' title="bbox 883 751 2414 1825">
    <p class='ocr_par' dir='ltr' id='par_1_3' title="bbox 883 751 2414 1825">
     <span class='ocr_line' id='line_1_3' title="bbox 887 751 2414 840; baseline -0.002 -19"><span class='ocrx_word' id='word_1_26' title='bbox 887 761 968 822; x_wconf 91' lang='lat' dir='ltr'><strong>tis</strong></span> <span class='ocrx_word' id='word_1_27' title='bbox 1018 762 1295 824; x_wconf 81' lang='lat' dir='ltr'><strong>Summae</strong></span> <span class='ocrx_word' id='word_1_28' title='bbox 1342 781 1472 824; x_wconf 83' lang='lat' dir='ltr'><strong>suae</strong></span> <span class='ocrx_word' id='word_1_29' title='bbox 1510 778 1524 822; x_wconf 74' lang='grc' dir='ltr'><strong>ι</strong></span> <span class='ocrx_word' id='word_1_30' title='bbox 1562 760 1724 822; x_wconf 89' lang='lat' dir='ltr'><strong>Dum</strong></span> <span class='ocrx_word' id='word_1_31' title='bbox 1771 758 2077 840; x_wconf 82' lang='lat' dir='ltr'><strong>quaeritur</strong></span> <span class='ocrx_word' id='word_1_32' title='bbox 2123 758 2202 820; x_wconf 89' lang='lat' dir='ltr'><strong>de</strong></span> <span class='ocrx_word' id='word_1_33' title='bbox 2252 751 2414 819; x_wconf 44' lang='lat' dir='ltr'><strong>uno*</strong></span> 
     </span>
     <span class='ocr_line' id='line_1_4' title="bbox 888 854 2378 942; baseline -0.003 -22"><span class='ocrx_word' id='word_1_34' title='bbox 888 859 1229 942; x_wconf 91' lang='lat' dir='ltr'><strong>principio,</strong></span> <span class='ocrx_word' id='word_1_35' title='bbox 1249 859 1554 941; x_wconf 82' lang='lat' dir='ltr'><strong>quaeritur</strong></span> <span class='ocrx_word' id='word_1_36' title='bbox 1585 859 1662 921; x_wconf 89' lang='lat' dir='ltr'><strong>de</strong></span> <span class='ocrx_word' id='word_1_37' title='bbox 1695 857 2012 940; x_wconf 89' lang='lat' dir='ltr'><strong>principio</strong></span> <span class='ocrx_word' id='word_1_38' title='bbox 2041 854 2378 928; x_wconf 74' lang='lat' dir='ltr'><strong>efficienti,</strong></span> 
     </span>
     <span class='ocr_line' id='line_1_5' title="bbox 886 953 2382 1037; baseline -0.003 -19"><span class='ocrx_word' id='word_1_39' title='bbox 886 965 950 1018; x_wconf 87' lang='lat' dir='ltr'><strong>et</strong></span> <span class='ocrx_word' id='word_1_40' title='bbox 999 957 1252 1020; x_wconf 84' lang='lat' dir='ltr'><strong>formali</strong></span> <span class='ocrx_word' id='word_1_41' title='bbox 1305 975 1418 1020; x_wconf 92' lang='lat' dir='ltr'><strong>seu</strong></span> <span class='ocrx_word' id='word_1_42' title='bbox 1470 955 1840 1037; x_wconf 88' lang='lat' dir='ltr'><strong>exemplari,</strong></span> <span class='ocrx_word' id='word_1_43' title='bbox 1889 963 1952 1016; x_wconf 92' lang='lat' dir='ltr'><strong>et</strong></span> <span class='ocrx_word' id='word_1_44' title='bbox 2000 953 2183 1016; x_wconf 88' lang='lat' dir='ltr'><strong>finali</strong></span> <span class='ocrx_word' id='word_1_45' title='bbox 2238 971 2253 1015; x_wconf 90' lang='lat'>:</span> <span class='ocrx_word' id='word_1_46' title='bbox 2305 953 2382 1014; x_wconf 87' lang='lat' dir='ltr'><strong>de</strong></span> 
     </span>
     <span class='ocr_line' id='line_1_6' title="bbox 887 1051 2383 1138; baseline -0.004 -22"><span class='ocrx_word' id='word_1_47' title='bbox 887 1055 1227 1138; x_wconf 91' lang='lat' dir='ltr'><strong>principio,</strong></span> <span class='ocrx_word' id='word_1_48' title='bbox 1283 1057 1566 1138; x_wconf 90' lang='lat' dir='ltr'><strong>inquam,</strong></span> <span class='ocrx_word' id='word_1_49' title='bbox 1619 1053 1901 1116; x_wconf 87' lang='lat' dir='ltr'><strong>universi</strong></span> <span class='ocrx_word' id='word_1_50' title='bbox 1949 1071 2088 1114; x_wconf 87' lang='lat' dir='ltr'><strong>esse</strong></span> <span class='ocrx_word' id='word_1_51' title='bbox 2137 1051 2273 1114; x_wconf 88' lang='lat' dir='ltr'><strong>veri</strong></span> <span class='ocrx_word' id='word_1_52' title='bbox 2322 1057 2383 1112; x_wconf 91' lang='lat' dir='ltr'><strong>et</strong></span> 
     </span>
     <span class='ocr_line' id='line_1_7' title="bbox 887 1151 2386 1234; baseline -0.004 -18"><span class='ocrx_word' id='word_1_53' title='bbox 887 1154 1061 1229; x_wconf 90' lang='lat' dir='ltr'><strong>boni,</strong></span> <span class='ocrx_word' id='word_1_54' title='bbox 1095 1155 1158 1216; x_wconf 92' lang='lat' dir='ltr'><strong>id</strong></span> <span class='ocrx_word' id='word_1_55' title='bbox 1189 1163 1285 1216; x_wconf 99' lang='grc' dir='ltr'><strong>θεῖ</strong></span> <span class='ocrx_word' id='word_1_56' title='bbox 1315 1155 1392 1216; x_wconf 90' lang='lat' dir='ltr'><strong>de</strong></span> <span class='ocrx_word' id='word_1_57' title='bbox 1432 1153 1667 1215; x_wconf 92' lang='lat' dir='ltr'><strong>causali</strong></span> <span class='ocrx_word' id='word_1_58' title='bbox 1708 1151 2027 1234; x_wconf 90' lang='lat' dir='ltr'><strong>principio</strong></span> <span class='ocrx_word' id='word_1_59' title='bbox 2068 1151 2263 1212; x_wconf 89' lang='lat' dir='ltr'><strong>totius</strong></span> <span class='ocrx_word' id='word_1_60' title='bbox 2292 1169 2386 1211; x_wconf 90' lang='lat' dir='ltr'><strong>es-</strong></span> 
     </span>
     <span class='ocr_line' id='line_1_8' title="bbox 886 1249 2382 1314; baseline -0.003 0"><span class='ocrx_word' id='word_1_61' title='bbox 886 1272 953 1314; x_wconf 90' lang='lat' dir='ltr'><strong>se</strong></span> <span class='ocrx_word' id='word_1_62' title='bbox 997 1260 1058 1313; x_wconf 89' lang='lat' dir='ltr'><strong>et</strong></span> <span class='ocrx_word' id='word_1_63' title='bbox 1104 1253 1387 1314; x_wconf 86' lang='lat' dir='ltr'><strong>veritatis</strong></span> <span class='ocrx_word' id='word_1_64' title='bbox 1433 1271 1505 1314; x_wconf 89' lang='lat' dir='ltr'><strong>ac</strong></span> <span class='ocrx_word' id='word_1_65' title='bbox 1555 1249 1856 1314; x_wconf 87' lang='lat' dir='ltr'><strong>bonitatis</strong></span> <span class='ocrx_word' id='word_1_66' title='bbox 1904 1249 2194 1312; x_wconf 90' lang='lat' dir='ltr'><strong>omnium</strong></span> <span class='ocrx_word' id='word_1_67' title='bbox 2238 1267 2382 1310; x_wconf 93' lang='lat' dir='ltr'><strong>cau-</strong></span> 
     </span>
     <span class='ocr_line' id='line_1_9' title="bbox 885 1345 2384 1431; baseline -0.004 -19"><span class='ocrx_word' id='word_1_68' title='bbox 885 1357 1187 1413; x_wconf 81' lang='lat' dir='ltr'><strong>satorum.</strong></span> <span class='ocrx_word' id='word_1_69' title='bbox 1221 1350 1350 1413; x_wconf 91' lang='lat' dir='ltr'><strong>Hoc</strong></span> <span class='ocrx_word' id='word_1_70' title='bbox 1389 1358 1603 1412; x_wconf 87' lang='lat' dir='ltr'><strong>autem</strong></span> <span class='ocrx_word' id='word_1_71' title='bbox 1645 1347 2036 1431; x_wconf 89' lang='lat' dir='ltr'><strong>principium</strong></span> <span class='ocrx_word' id='word_1_72' title='bbox 2078 1347 2143 1408; x_wconf 91' lang='lat' dir='ltr'><strong>in</strong></span> <span class='ocrx_word' id='word_1_73' title='bbox 2176 1345 2384 1427; x_wconf 89' lang='lat' dir='ltr'><strong>prima</strong></span> 
     </span>
     <span class='ocr_line' id='line_1_10' title="bbox 885 1443 2384 1531; baseline -0.004 -22"><span class='ocrx_word' id='word_1_74' title='bbox 885 1467 1098 1510; x_wconf 91' lang='lat' dir='ltr'><strong>rerum</strong></span> <span class='ocrx_word' id='word_1_75' title='bbox 1139 1448 1554 1531; x_wconf 87' lang='lat' dir='ltr'><strong>productione</strong></span> <span class='ocrx_word' id='word_1_76' title='bbox 1585 1465 1712 1510; x_wconf 90' lang='lat' dir='ltr'><strong>non</strong></span> <span class='ocrx_word' id='word_1_77' title='bbox 1753 1453 1961 1527; x_wconf 89' lang='lat' dir='ltr'><strong>potest</strong></span> <span class='ocrx_word' id='word_1_78' title='bbox 1998 1444 2233 1506; x_wconf 91' lang='lat' dir='ltr'><strong>habere</strong></span> <span class='ocrx_word' id='word_1_79' title='bbox 2271 1443 2384 1507; x_wconf 93' lang='lat' dir='ltr'><strong>ali-</strong></span> 
     </span>
     <span class='ocr_line' id='line_1_11' title="bbox 884 1545 2385 1629; baseline -0.003 -22"><span class='ocrx_word' id='word_1_80' title='bbox 884 1546 1040 1627; x_wconf 87' lang='lat' dir='ltr'><strong>quid</strong></span> <span class='ocrx_word' id='word_1_81' title='bbox 1075 1548 1422 1629; x_wconf 81' lang='lat' dir='ltr'><strong>praejacens</strong></span> <span class='ocrx_word' id='word_1_82' title='bbox 1463 1566 1539 1608; x_wconf 89' lang='lat' dir='ltr'><strong>ex</strong></span> <span class='ocrx_word' id='word_1_83' title='bbox 1570 1563 1697 1627; x_wconf 91' lang='lat' dir='ltr'><strong>quo</strong></span> <span class='ocrx_word' id='word_1_84' title='bbox 1730 1552 1792 1606; x_wconf 91' lang='lat' dir='ltr'><strong>et</strong></span> <span class='ocrx_word' id='word_1_85' title='bbox 1824 1545 1888 1606; x_wconf 91' lang='lat' dir='ltr'><strong>in</strong></span> <span class='ocrx_word' id='word_1_86' title='bbox 1921 1561 2048 1625; x_wconf 90' lang='lat' dir='ltr'><strong>quo</strong></span> <span class='ocrx_word' id='word_1_87' title='bbox 2087 1550 2385 1624; x_wconf 79' lang='lat' dir='ltr'>operetur</span> 
     </span>
     <span class='ocr_line' id='line_1_12' title="bbox 885 1643 2380 1726; baseline -0.002 -21"><span class='ocrx_word' id='word_1_88' title='bbox 885 1652 955 1706; x_wconf 91' lang='lat' dir='ltr'><strong>ut</strong></span> <span class='ocrx_word' id='word_1_89' title='bbox 987 1645 1051 1706; x_wconf 91' lang='lat' dir='ltr'><strong>in</strong></span> <span class='ocrx_word' id='word_1_90' title='bbox 1087 1645 1369 1719; x_wconf 87' lang='lat' dir='ltr'><strong>materia,</strong></span> <span class='ocrx_word' id='word_1_91' title='bbox 1403 1665 1519 1707; x_wconf 89' lang='lat' dir='ltr'><strong>nec</strong></span> <span class='ocrx_word' id='word_1_92' title='bbox 1551 1651 1759 1726; x_wconf 86' lang='lat' dir='ltr'><strong>potest</strong></span> <span class='ocrx_word' id='word_1_93' title='bbox 1801 1643 1890 1704; x_wconf 89' lang='lat' dir='ltr'><strong>uti</strong></span> <span class='ocrx_word' id='word_1_94' title='bbox 1933 1643 2380 1715; x_wconf 81' lang='lat' dir='ltr'><strong>instrumente,</strong></span> 
     </span>
     <span class='ocr_line' id='line_1_13' title="bbox 883 1741 2385 1825; baseline -0.001 -22"><span class='ocrx_word' id='word_1_95' title='bbox 883 1761 1004 1805; x_wconf 91' lang='lat' dir='ltr'><strong>nec</strong></span> <span class='ocrx_word' id='word_1_96' title='bbox 1057 1742 1585 1825; x_wconf 79' lang='lat' dir='ltr'><strong>dispositionibus</strong></span> <span class='ocrx_word' id='word_1_97' title='bbox 1637 1742 1966 1804; x_wconf 80' lang='lat' dir='ltr'><strong>materiam</strong></span> <span class='ocrx_word' id='word_1_98' title='bbox 2021 1741 2225 1822; x_wconf 81' lang='lat' dir='ltr'><strong>ipsam</strong></span> <span class='ocrx_word' id='word_1_99' title='bbox 2279 1758 2385 1820; x_wconf 88' lang='lat' dir='ltr'><strong>ap-</strong></span> 
     </span>
    </p>
   </div>
   <div class='ocr_carea' id='block_1_4' title="bbox 2491 759 3995 1826">
    <p class='ocr_par' dir='ltr' id='par_1_4' title="bbox 2491 759 3995 1826">
     <span class='ocr_line' id='line_1_14' title="bbox 2491 759 3990 842; baseline 0 -22"><span class='ocrx_word' id='word_1_100' title='bbox 2491 759 2670 838; x_wconf 92' lang='lat' dir='ltr'><strong>cens)</strong></span> <span class='ocrx_word' id='word_1_101' title='bbox 2715 759 3105 841; x_wconf 90' lang='lat' dir='ltr'><strong>principium</strong></span> <span class='ocrx_word' id='word_1_102' title='bbox 3154 779 3353 821; x_wconf 92' lang='lat' dir='ltr'><strong>unum</strong></span> <span class='ocrx_word' id='word_1_103' title='bbox 3404 778 3563 834; x_wconf 88' lang='lat' dir='ltr'><strong>esse,</strong></span> <span class='ocrx_word' id='word_1_104' title='bbox 3604 778 3797 841; x_wconf 89' lang='lat' dir='ltr'><strong>supra</strong></span> <span class='ocrx_word' id='word_1_105' title='bbox 3842 777 3990 842; x_wconf 89' lang='lat' dir='ltr'><strong>pro-</strong></span> 
     </span>
     <span class='ocr_line' id='line_1_15' title="bbox 2491 856 3990 940; baseline -0.001 -21"><span class='ocrx_word' id='word_1_106' title='bbox 2491 856 2785 920; x_wconf 90' lang='lat' dir='ltr'><strong>bavimus</strong></span> <span class='ocrx_word' id='word_1_107' title='bbox 2832 858 2937 919; x_wconf 91' lang='lat' dir='ltr'><strong>via</strong></span> <span class='ocrx_word' id='word_1_108' title='bbox 2978 859 3239 940; x_wconf 87' lang='lat' dir='ltr'><strong>physica</strong></span> <span class='ocrx_word' id='word_1_109' title='bbox 3280 877 3395 940; x_wconf 88' lang='lat' dir='ltr'><strong>per</strong></span> <span class='ocrx_word' id='word_1_110' title='bbox 3434 859 3744 920; x_wconf 88' lang='lat' dir='ltr'><strong>rationem</strong></span> <span class='ocrx_word' id='word_1_111' title='bbox 3793 857 3990 940; x_wconf 91' lang='lat' dir='ltr'><strong>primi</strong></span> 
     </span>
     <span class='ocr_line' id='line_1_16' title="bbox 2494 956 3991 1040; baseline 0.001 -23"><span class='ocrx_word' id='word_1_112' title='bbox 2494 956 2774 1019; x_wconf 90' lang='lat' dir='ltr'><strong>motoris.</strong></span> <span class='ocrx_word' id='word_1_113' title='bbox 2828 957 3009 1019; x_wconf 91' lang='lat' dir='ltr'><strong>Nunc</strong></span> <span class='ocrx_word' id='word_1_114' title='bbox 3068 957 3238 1019; x_wconf 85' lang='lat' dir='ltr'><strong>idem</strong></span> <span class='ocrx_word' id='word_1_115' title='bbox 3290 957 3703 1040; x_wconf 88' lang='lat' dir='ltr'><strong>probabimus</strong></span> <span class='ocrx_word' id='word_1_116' title='bbox 3762 975 3838 1018; x_wconf 89' lang='lat' dir='ltr'><strong>ex</strong></span> <span class='ocrx_word' id='word_1_117' title='bbox 3892 975 3991 1018; x_wconf 92' lang='lat' dir='ltr'><strong>ra-</strong></span> 
     </span>
     <span class='ocr_line' id='line_1_17' title="bbox 2493 1054 3995 1137; baseline 0 -22"><span class='ocrx_word' id='word_1_118' title='bbox 2493 1054 2664 1117; x_wconf 89' lang='lat' dir='ltr'><strong>tione</strong></span> <span class='ocrx_word' id='word_1_119' title='bbox 2713 1054 2907 1137; x_wconf 89' lang='lat' dir='ltr'><strong>primi</strong></span> <span class='ocrx_word' id='word_1_120' title='bbox 2956 1055 3281 1137; x_wconf 89' lang='lat' dir='ltr'><strong>principii,</strong></span> <span class='ocrx_word' id='word_1_121' title='bbox 3316 1056 3487 1137; x_wconf 89' lang='lat' dir='ltr'><strong>quod</strong></span> <span class='ocrx_word' id='word_1_122' title='bbox 3529 1055 3801 1137; x_wconf 81' lang='lat' dir='ltr'><strong>primam</strong></span> <span class='ocrx_word' id='word_1_123' title='bbox 3847 1073 3995 1116; x_wconf 92' lang='lat' dir='ltr'><strong>cau-</strong></span> 
     </span>
     <span class='ocr_line' id='line_1_18' title="bbox 2492 1152 3993 1235; baseline -0.001 -21"><span class='ocrx_word' id='word_1_124' title='bbox 2492 1171 2625 1214; x_wconf 89' lang='lat' dir='ltr'><strong>sam</strong></span> <span class='ocrx_word' id='word_1_125' title='bbox 2685 1170 3009 1227; x_wconf 81' lang='lat' dir='ltr'><strong>vocamuS,</strong></span> <span class='ocrx_word' id='word_1_126' title='bbox 3060 1153 3335 1216; x_wconf 83' lang='lat' dir='ltr'><strong>Platonis</strong></span> <span class='ocrx_word' id='word_1_127' title='bbox 3394 1152 3862 1235; x_wconf 87' lang='lat' dir='ltr'><strong>philosophiam</strong></span> <span class='ocrx_word' id='word_1_128' title='bbox 3922 1153 3993 1214; x_wconf 89' lang='lat' dir='ltr'><strong>in</strong></span> 
     </span>
     <span class='ocr_line' id='line_1_19' title="bbox 2494 1251 3990 1333; baseline 0.001 -22"><span class='ocrx_word' id='word_1_129' title='bbox 2494 1251 2613 1312; x_wconf 92' lang='lat' dir='ltr'><strong>hoc</strong></span> <span class='ocrx_word' id='word_1_130' title='bbox 2643 1251 2962 1314; x_wconf 70' lang='lat' dir='ltr'><strong>Aristoteli</strong></span> <span class='ocrx_word' id='word_1_131' title='bbox 2994 1251 3421 1333; x_wconf 82' lang='lat' dir='ltr'><strong>praefcrenteS.</strong></span> <span class='ocrx_word' id='word_1_132' title='bbox 3443 1253 3511 1313; x_wconf 89' lang='lat' dir='ltr'><strong>In</strong></span> <span class='ocrx_word' id='word_1_133' title='bbox 3542 1251 3718 1313; x_wconf 92' lang='lat' dir='ltr'><strong>omni</strong></span> <span class='ocrx_word' id='word_1_134' title='bbox 3749 1251 3990 1314; x_wconf 88' lang='lat' dir='ltr'><strong>etenim</strong></span> 
     </span>
     <span class='ocr_line' id='line_1_20' title="bbox 2491 1349 3990 1431; baseline 0.001 -20"><span class='ocrx_word' id='word_1_135' title='bbox 2491 1367 2722 1430; x_wconf 84' lang='lat' dir='ltr'><strong>genere</strong></span> <span class='ocrx_word' id='word_1_136' title='bbox 2780 1368 2993 1411; x_wconf 91' lang='lat' dir='ltr'><strong>rerum</strong></span> <span class='ocrx_word' id='word_1_137' title='bbox 3054 1350 3119 1411; x_wconf 92' lang='lat' dir='ltr'><strong>in</strong></span> <span class='ocrx_word' id='word_1_138' title='bbox 3179 1349 3418 1431; x_wconf 91' lang='lat' dir='ltr'><strong>quibus</strong></span> <span class='ocrx_word' id='word_1_139' title='bbox 3476 1350 3800 1412; x_wconf 86' lang='lat' dir='ltr'><strong>invenitur</strong></span> <span class='ocrx_word' id='word_1_140' title='bbox 3854 1369 3990 1412; x_wconf 86' lang='lat' dir='ltr'><strong>me-</strong></span> 
     </span>
     <span class='ocr_line' id='line_1_21' title="bbox 2493 1448 3988 1530; baseline 0.001 -20"><span class='ocrx_word' id='word_1_141' title='bbox 2493 1448 2671 1510; x_wconf 90' lang='lat' dir='ltr'><strong>dium</strong></span> <span class='ocrx_word' id='word_1_142' title='bbox 2732 1449 3157 1530; x_wconf 91' lang='lat' dir='ltr'><strong>compositum</strong></span> <span class='ocrx_word' id='word_1_143' title='bbox 3214 1467 3292 1511; x_wconf 86' lang='lat' dir='ltr'><strong>ex</strong></span> <span class='ocrx_word' id='word_1_144' title='bbox 3350 1449 3653 1511; x_wconf 77' lang='lat' dir='ltr'><strong>extremis</strong></span> <span class='ocrx_word' id='word_1_145' title='bbox 3712 1467 3988 1530; x_wconf 90' lang='lat' dir='ltr'><strong>quorum</strong></span> 
     </span>
     <span class='ocr_line' id='line_1_22' title="bbox 2495 1545 3991 1627; baseline 0.001 -21"><span class='ocrx_word' id='word_1_146' title='bbox 2495 1552 2838 1627; x_wconf 90' lang='lat' dir='ltr'><strong>utrumque</strong></span> <span class='ocrx_word' id='word_1_147' title='bbox 2878 1553 2974 1608; x_wconf 87' lang='lat' dir='ltr'><strong>est</strong></span> <span class='ocrx_word' id='word_1_148' title='bbox 3016 1545 3372 1608; x_wconf 86' lang='lat' dir='ltr'><strong>substantia</strong></span> <span class='ocrx_word' id='word_1_149' title='bbox 3412 1554 3477 1608; x_wconf 86' lang='lat' dir='ltr'><strong>et</strong></span> <span class='ocrx_word' id='word_1_150' title='bbox 3520 1547 3759 1608; x_wconf 88' lang='lat' dir='ltr'><strong>habent</strong></span> <span class='ocrx_word' id='word_1_151' title='bbox 3799 1547 3991 1609; x_wconf 87' lang='lat' dir='ltr'><strong>ratio·</strong></span> 
     </span>
     <span class='ocr_line' id='line_1_23' title="bbox 2494 1644 3990 1726; baseline 0 -20"><span class='ocrx_word' id='word_1_152' title='bbox 2494 1663 2605 1706; x_wconf 93' lang='lat' dir='ltr'><strong>nes</strong></span> <span class='ocrx_word' id='word_1_153' title='bbox 2644 1645 2989 1726; x_wconf 81' lang='lat' dir='ltr'><strong>oppositaS,</strong></span> <span class='ocrx_word' id='word_1_154' title='bbox 3025 1663 3284 1708; x_wconf 84' lang='lat' dir='ltr'><strong>necesse</strong></span> <span class='ocrx_word' id='word_1_155' title='bbox 3328 1652 3423 1708; x_wconf 88' lang='lat' dir='ltr'><strong>est</strong></span> <span class='ocrx_word' id='word_1_156' title='bbox 3468 1644 3742 1708; x_wconf 89' lang='lat' dir='ltr'><strong>inveniri</strong></span> <span class='ocrx_word' id='word_1_157' title='bbox 3784 1654 3990 1708; x_wconf 84' lang='lat' dir='ltr'><strong>extre-</strong></span> 
     </span>
     <span class='ocr_line' id='line_1_24' title="bbox 2496 1743 3992 1826; baseline 0 -21"><span class='ocrx_word' id='word_1_158' title='bbox 2496 1762 2600 1805; x_wconf 92' lang='lat' dir='ltr'><strong>ma</strong></span> <span class='ocrx_word' id='word_1_159' title='bbox 2639 1743 2979 1825; x_wconf 89' lang='lat' dir='ltr'><strong>simplicia,</strong></span> <span class='ocrx_word' id='word_1_160' title='bbox 3013 1743 3165 1825; x_wconf 91' lang='lat' dir='ltr'><strong>quia</strong></span> <span class='ocrx_word' id='word_1_161' title='bbox 3193 1744 3616 1826; x_wconf 88' lang='lat' dir='ltr'><strong>compositum</strong></span> <span class='ocrx_word' id='word_1_162' title='bbox 3650 1744 3992 1806; x_wconf 91' lang='lat' dir='ltr'><strong>resolvitur</strong></span> 
     </span>
    </p>
   </div>
   <div class='ocr_carea' id='block_1_5' title="bbox 884 1839 3992 1924">
    <p class='ocr_par' dir='ltr' id='par_1_5' title="bbox 884 1839 3992 1924">
     <span class='ocr_line' id='line_1_25' title="bbox 884 1839 3992 1924; baseline 0.001 -22"><span class='ocrx_word' id='word_1_163' title='bbox 884 1841 1186 1904; x_wconf 87' lang='lat' dir='ltr'><strong>tantibus.</strong></span> <span class='ocrx_word' id='word_1_164' title='bbox 1223 1843 1292 1904; x_wconf 86' lang='lat' dir='ltr'><strong>ln</strong></span> <span class='ocrx_word' id='word_1_165' title='bbox 1321 1842 1622 1904; x_wconf 90' lang='lat' dir='ltr'><strong>omnibus</strong></span> <span class='ocrx_word' id='word_1_166' title='bbox 1661 1840 1834 1902; x_wconf 90' lang='lat' dir='ltr'><strong>enim</strong></span> <span class='ocrx_word' id='word_1_167' title='bbox 1871 1839 2211 1922; x_wconf 80' lang='lat' dir='ltr'><strong>principiis</strong></span> <span class='ocrx_word' id='word_1_168' title='bbox 2240 1857 2382 1919; x_wconf 81' lang='lat' dir='ltr'><strong>quae</strong></span> <span class='ocrx_word' id='word_1_169' title='bbox 2418 1841 2465 1902; x_wconf 94' lang='lat' dir='ltr'>B</span> <span class='ocrx_word' id='word_1_170' title='bbox 2496 1841 2561 1902; x_wconf 90' lang='lat' dir='ltr'><strong>in</strong></span> <span class='ocrx_word' id='word_1_171' title='bbox 2607 1842 2923 1923; x_wconf 90' lang='lat' dir='ltr'><strong>principia</strong></span> <span class='ocrx_word' id='word_1_172' title='bbox 2970 1842 3434 1924; x_wconf 83' lang='lat' dir='ltr'><strong>componentia.</strong></span> <span class='ocrx_word' id='word_1_173' title='bbox 3468 1843 3789 1924; x_wconf 84' lang='lat' dir='ltr'><strong>Praecipue</strong></span> <span class='ocrx_word' id='word_1_174' title='bbox 3837 1861 3992 1924; x_wconf 89' lang='lat' dir='ltr'><strong>quo-</strong></span> 
     </span>
    </p>
   </div>
   <div class='ocr_carea' id='block_1_6' title="bbox 878 1937 2384 3003">
    <p class='ocr_par' dir='ltr' id='par_1_6' title="bbox 878 1937 2384 3003">
     <span class='ocr_line' id='line_1_26' title="bbox 883 1937 2382 2023; baseline -0.002 -22"><span class='ocrx_word' id='word_1_175' title='bbox 883 1949 1385 2023; x_wconf 80' lang='lat' dir='ltr'><strong>praesupponunt</strong></span> <span class='ocrx_word' id='word_1_176' title='bbox 1445 1939 1774 2002; x_wconf 85' lang='lat' dir='ltr'><strong>materiam</strong></span> <span class='ocrx_word' id='word_1_177' title='bbox 1836 1946 1900 2000; x_wconf 90' lang='lat' dir='ltr'><strong>et</strong></span> <span class='ocrx_word' id='word_1_178' title='bbox 1960 1937 2382 1999; x_wconf 85' lang='lat' dir='ltr'><strong>instrumento</strong></span> 
     </span>
     <span class='ocr_line' id='line_1_27' title="bbox 883 2035 2384 2121; baseline -0.003 -21"><span class='ocrx_word' id='word_1_179' title='bbox 883 2038 1538 2121; x_wconf 84' lang='lat' dir='ltr'><strong>dispositionibusque</strong></span> <span class='ocrx_word' id='word_1_180' title='bbox 1569 2035 2109 2117; x_wconf 89' lang='lat' dir='ltr'><strong>utuntur,aliquid</strong></span> <span class='ocrx_word' id='word_1_181' title='bbox 2139 2035 2217 2096; x_wconf 89' lang='lat' dir='ltr'><strong>de</strong></span> <span class='ocrx_word' id='word_1_182' title='bbox 2249 2035 2384 2117; x_wconf 93' lang='lat' dir='ltr'><strong>ipso</strong></span> 
     </span>
     <span class='ocr_line' id='line_1_28' title="bbox 882 2134 2384 2217; baseline -0.004 -17"><span class='ocrx_word' id='word_1_183' title='bbox 882 2156 1022 2200; x_wconf 89' lang='lat' dir='ltr'><strong>esse</strong></span> <span class='ocrx_word' id='word_1_184' title='bbox 1069 2146 1167 2200; x_wconf 88' lang='lat' dir='ltr'><strong>est</strong></span> <span class='ocrx_word' id='word_1_185' title='bbox 1213 2158 1251 2200; x_wconf 88' lang='lat' dir='ltr'><strong>a</strong></span> <span class='ocrx_word' id='word_1_186' title='bbox 1300 2138 1581 2210; x_wconf 84' lang='lat' dir='ltr'><strong>materia,</strong></span> <span class='ocrx_word' id='word_1_187' title='bbox 1619 2144 1682 2198; x_wconf 88' lang='lat' dir='ltr'><strong>et</strong></span> <span class='ocrx_word' id='word_1_188' title='bbox 1730 2135 1972 2217; x_wconf 93' lang='lat' dir='ltr'><strong>aliquid</strong></span> <span class='ocrx_word' id='word_1_189' title='bbox 2021 2134 2102 2196; x_wconf 89' lang='lat' dir='ltr'><strong>ab</strong></span> <span class='ocrx_word' id='word_1_190' title='bbox 2152 2134 2384 2195; x_wconf 91' lang='lat' dir='ltr'><strong>instru-</strong></span> 
     </span>
     <span class='ocr_line' id='line_1_29' title="bbox 884 2231 2377 2318; baseline -0.003 -20"><span class='ocrx_word' id='word_1_191' title='bbox 884 2245 1122 2311; x_wconf 85' lang='lat' dir='ltr'><strong>mento,</strong></span> <span class='ocrx_word' id='word_1_192' title='bbox 1155 2237 1398 2318; x_wconf 89' lang='lat' dir='ltr'><strong>aliquid</strong></span> <span class='ocrx_word' id='word_1_193' title='bbox 1437 2253 1691 2318; x_wconf 91' lang='lat' dir='ltr'><strong>quoque</strong></span> <span class='ocrx_word' id='word_1_194' title='bbox 1730 2255 1766 2297; x_wconf 90' lang='lat' dir='ltr'><strong>a</strong></span> <span class='ocrx_word' id='word_1_195' title='bbox 1801 2231 2328 2316; x_wconf 87' lang='lat' dir='ltr'><strong>dispositionibus</strong></span> <span class='ocrx_word' id='word_1_196' title='bbox 2364 2249 2377 2294; x_wconf 91' lang='lat'><strong>:</strong></span> 
     </span>
     <span class='ocr_line' id='line_1_30' title="bbox 881 2330 2383 2417; baseline -0.005 -19"><span class='ocrx_word' id='word_1_197' title='bbox 881 2343 946 2398; x_wconf 90' lang='lat' dir='ltr'><strong>et</strong></span> <span class='ocrx_word' id='word_1_198' title='bbox 975 2335 1067 2398; x_wconf 92' lang='lat' dir='ltr'><strong>sic</strong></span> <span class='ocrx_word' id='word_1_199' title='bbox 1108 2335 1216 2398; x_wconf 92' lang='lat' dir='ltr'><strong>illa</strong></span> <span class='ocrx_word' id='word_1_200' title='bbox 1257 2335 1574 2417; x_wconf 90' lang='lat' dir='ltr'><strong>principia</strong></span> <span class='ocrx_word' id='word_1_201' title='bbox 1612 2351 1738 2396; x_wconf 90' lang='lat' dir='ltr'><strong>non</strong></span> <span class='ocrx_word' id='word_1_202' title='bbox 1777 2339 1926 2394; x_wconf 86' lang='lat' dir='ltr'><strong>sunt</strong></span> <span class='ocrx_word' id='word_1_203' title='bbox 1965 2350 2154 2394; x_wconf 91' lang='lat' dir='ltr'><strong>causa</strong></span> <span class='ocrx_word' id='word_1_204' title='bbox 2186 2330 2383 2392; x_wconf 90' lang='lat' dir='ltr'><strong>totius</strong></span> 
     </span>
     <span class='ocr_line' id='line_1_31' title="bbox 881 2427 2381 2511; baseline -0.005 -15"><span class='ocrx_word' id='word_1_205' title='bbox 881 2452 1022 2496; x_wconf 85' lang='lat' dir='ltr'><strong>esse</strong></span> <span class='ocrx_word' id='word_1_206' title='bbox 1065 2441 1129 2495; x_wconf 88' lang='lat' dir='ltr'><strong>et</strong></span> <span class='ocrx_word' id='word_1_207' title='bbox 1167 2434 1450 2496; x_wconf 89' lang='lat' dir='ltr'><strong>veritatis</strong></span> <span class='ocrx_word' id='word_1_208' title='bbox 1489 2451 1562 2495; x_wconf 92' lang='lat' dir='ltr'><strong>ac</strong></span> <span class='ocrx_word' id='word_1_209' title='bbox 1603 2431 1903 2494; x_wconf 88' lang='lat' dir='ltr'><strong>bonitatis</strong></span> <span class='ocrx_word' id='word_1_210' title='bbox 1946 2448 2088 2511; x_wconf 81' lang='lat' dir='ltr'><strong>quae</strong></span> <span class='ocrx_word' id='word_1_211' title='bbox 2127 2436 2276 2491; x_wconf 90' lang='lat' dir='ltr'><strong>sunt</strong></span> <span class='ocrx_word' id='word_1_212' title='bbox 2316 2427 2381 2490; x_wconf 89' lang='lat' dir='ltr'><strong>in</strong></span> 
     </span>
     <span class='ocr_line' id='line_1_32' title="bbox 881 2526 2380 2609; baseline -0.004 -16"><span class='ocrx_word' id='word_1_213' title='bbox 881 2531 1178 2606; x_wconf 92' lang='lat' dir='ltr'><strong>causatis,</strong></span> <span class='ocrx_word' id='word_1_214' title='bbox 1212 2549 1330 2594; x_wconf 89' lang='lat' dir='ltr'><strong>nec</strong></span> <span class='ocrx_word' id='word_1_215' title='bbox 1371 2539 1518 2592; x_wconf 90' lang='lat' dir='ltr'><strong>sunt</strong></span> <span class='ocrx_word' id='word_1_216' title='bbox 1549 2528 1934 2592; x_wconf 89' lang='lat' dir='ltr'><strong>sufficientis</strong></span> <span class='ocrx_word' id='word_1_217' title='bbox 1969 2527 2269 2609; x_wconf 67' lang='lat' dir='ltr'><strong>potentiae</strong></span> <span class='ocrx_word' id='word_1_218' title='bbox 2300 2526 2380 2587; x_wconf 90' lang='lat' dir='ltr'><strong>ad</strong></span> 
     </span>
     <span class='ocr_line' id='line_1_33' title="bbox 883 2625 2379 2710; baseline -0.003 -20"><span class='ocrx_word' id='word_1_219' title='bbox 883 2629 1364 2710; x_wconf 90' lang='lat' dir='ltr'><strong>producendum</strong></span> <span class='ocrx_word' id='word_1_220' title='bbox 1402 2629 1465 2690; x_wconf 92' lang='lat' dir='ltr'><strong>in</strong></span> <span class='ocrx_word' id='word_1_221' title='bbox 1506 2647 1644 2690; x_wconf 88' lang='lat' dir='ltr'><strong>esse</strong></span> <span class='ocrx_word' id='word_1_222' title='bbox 1685 2645 1799 2689; x_wconf 89' lang='lat' dir='ltr'><strong>sua</strong></span> <span class='ocrx_word' id='word_1_223' title='bbox 1837 2633 2125 2704; x_wconf 83' lang='lat' dir='ltr'><strong>causata3</strong></span> <span class='ocrx_word' id='word_1_224' title='bbox 2158 2625 2379 2705; x_wconf 89' lang='lat' dir='ltr'><strong>sicque</strong></span> 
     </span>
     <span class='ocr_line' id='line_1_34' title="bbox 881 2723 2378 2809; baseline -0.003 -20"><span class='ocrx_word' id='word_1_225' title='bbox 881 2734 1208 2808; x_wconf 90' lang='lat' dir='ltr'><strong>nequeunt</strong></span> <span class='ocrx_word' id='word_1_226' title='bbox 1248 2746 1387 2789; x_wconf 90' lang='lat' dir='ltr'><strong>esse</strong></span> <span class='ocrx_word' id='word_1_227' title='bbox 1417 2727 1626 2809; x_wconf 86' lang='lat' dir='ltr'><strong>prima</strong></span> <span class='ocrx_word' id='word_1_228' title='bbox 1664 2724 2000 2808; x_wconf 86' lang='lat' dir='ltr'><strong>principia.</strong></span> <span class='ocrx_word' id='word_1_229' title='bbox 2035 2757 2116 2768; x_wconf 92' lang='lat'><strong>—-</strong></span> <span class='ocrx_word' id='word_1_230' title='bbox 2145 2723 2249 2786; x_wconf 91' lang='lat' dir='ltr'><strong>Sic</strong></span> <span class='ocrx_word' id='word_1_231' title='bbox 2284 2740 2378 2785; x_wconf 90' lang='lat' dir='ltr'><strong>er-</strong></span> 
     </span>
     <span class='ocr_line' id='line_1_35' title="bbox 878 2822 2378 2907; baseline -0.004 -19"><span class='ocrx_word' id='word_1_232' title='bbox 878 2843 959 2905; x_wconf 86' lang='lat' dir='ltr'><strong>go</strong></span> <span class='ocrx_word' id='word_1_233' title='bbox 1004 2825 1320 2907; x_wconf 89' lang='lat' dir='ltr'><strong>loquendo</strong></span> <span class='ocrx_word' id='word_1_234' title='bbox 1362 2826 1440 2888; x_wconf 89' lang='lat' dir='ltr'><strong>de</strong></span> <span class='ocrx_word' id='word_1_235' title='bbox 1486 2825 1695 2906; x_wconf 91' lang='lat' dir='ltr'><strong>primo</strong></span> <span class='ocrx_word' id='word_1_236' title='bbox 1740 2822 2079 2906; x_wconf 90' lang='lat' dir='ltr'><strong>principi0‚</strong></span> <span class='ocrx_word' id='word_1_237' title='bbox 2113 2839 2243 2883; x_wconf 91' lang='lat' dir='ltr'><strong>non</strong></span> <span class='ocrx_word' id='word_1_238' title='bbox 2282 2829 2378 2883; x_wconf 88' lang='lat' dir='ltr'><strong>est</strong></span> 
     </span>
     <span class='ocr_line' id='line_1_36' title="bbox 879 2920 2376 3003; baseline -0.002 -19"><span class='ocrx_word' id='word_1_239' title='bbox 879 2923 1004 2985; x_wconf 89' lang='lat' dir='ltr'><strong>nisi</strong></span> <span class='ocrx_word' id='word_1_240' title='bbox 1036 2943 1256 2986; x_wconf 91' lang='lat' dir='ltr'><strong>unum.</strong></span> <span class='ocrx_word' id='word_1_241' title='bbox 1291 2924 1560 2985; x_wconf 86' lang='lat' dir='ltr'><strong>Mundus</strong></span> <span class='ocrx_word' id='word_1_242' title='bbox 1591 2941 1866 3003; x_wconf 91' lang='lat' dir='ltr'><strong>namque</strong></span> <span class='ocrx_word' id='word_1_243' title='bbox 1895 2921 2279 3003; x_wconf 80' lang='lat' dir='ltr'><strong>archetypus</strong></span> <span class='ocrx_word' id='word_1_244' title='bbox 2310 2920 2376 2982; x_wconf 92' lang='lat' dir='ltr'><strong>in</strong></span> 
     </span>
    </p>
   </div>
   <div class='ocr_carea' id='block_1_7' title="bbox 2487 1940 3991 3004">
    <p class='ocr_par' dir='ltr' id='par_1_7' title="bbox 2487 1940 3991 3004">
     <span class='ocr_line' id='line_1_37' title="bbox 2493 1940 3991 2023; baseline 0 -21"><span class='ocrx_word' id='word_1_245' title='bbox 2493 1959 2618 2022; x_wconf 91' lang='lat' dir='ltr'><strong>que</strong></span> <span class='ocrx_word' id='word_1_246' title='bbox 2648 1940 2769 2002; x_wconf 92' lang='lat' dir='ltr'><strong>hoc</strong></span> <span class='ocrx_word' id='word_1_247' title='bbox 2800 1959 3023 2003; x_wconf 87' lang='lat' dir='ltr'><strong>verum</strong></span> <span class='ocrx_word' id='word_1_248' title='bbox 3054 1949 3150 2003; x_wconf 88' lang='lat' dir='ltr'><strong>est</strong></span> <span class='ocrx_word' id='word_1_249' title='bbox 3180 1941 3245 2004; x_wconf 93' lang='lat' dir='ltr'><strong>in</strong></span> <span class='ocrx_word' id='word_1_250' title='bbox 3278 1941 3559 2023; x_wconf 89' lang='lat' dir='ltr'><strong>quolibet</strong></span> <span class='ocrx_word' id='word_1_251' title='bbox 3587 1959 3819 2021; x_wconf 83' lang='lat' dir='ltr'><strong>genere</strong></span> <span class='ocrx_word' id='word_1_252' title='bbox 3849 1959 3991 2002; x_wconf 89' lang='lat' dir='ltr'><strong>cau-</strong></span> 
     </span>
     <span class='ocr_line' id='line_1_38' title="bbox 2492 2038 3987 2121; baseline 0 -21"><span class='ocrx_word' id='word_1_253' title='bbox 2492 2056 2594 2100; x_wconf 84' lang='lat' dir='ltr'><strong>sae.</strong></span> <span class='ocrx_word' id='word_1_254' title='bbox 2628 2038 2697 2100; x_wconf 90' lang='lat' dir='ltr'><strong>In</strong></span> <span class='ocrx_word' id='word_1_255' title='bbox 2742 2039 2917 2101; x_wconf 90' lang='lat' dir='ltr'><strong>omni</strong></span> <span class='ocrx_word' id='word_1_256' title='bbox 2962 2039 3203 2121; x_wconf 87' lang='lat' dir='ltr'><strong>quippe</strong></span> <span class='ocrx_word' id='word_1_257' title='bbox 3246 2057 3475 2120; x_wconf 85' lang='lat' dir='ltr'><strong>genere</strong></span> <span class='ocrx_word' id='word_1_258' title='bbox 3514 2057 3851 2101; x_wconf 91' lang='lat' dir='ltr'><strong>causarum</strong></span> <span class='ocrx_word' id='word_1_259' title='bbox 3892 2039 3987 2100; x_wconf 89' lang='lat' dir='ltr'><strong>in-</strong></span> 
     </span>
     <span class='ocr_line' id='line_1_39' title="bbox 2490 2136 3987 2219; baseline 0.001 -23"><span class='ocrx_word' id='word_1_260' title='bbox 2490 2136 2745 2198; x_wconf 89' lang='lat' dir='ltr'><strong>venitur</strong></span> <span class='ocrx_word' id='word_1_261' title='bbox 2773 2137 2943 2218; x_wconf 92' lang='lat' dir='ltr'><strong>quod</strong></span> <span class='ocrx_word' id='word_1_262' title='bbox 2972 2144 3070 2199; x_wconf 89' lang='lat' dir='ltr'><strong>est</strong></span> <span class='ocrx_word' id='word_1_263' title='bbox 3108 2156 3297 2199; x_wconf 89' lang='lat' dir='ltr'><strong>causa</strong></span> <span class='ocrx_word' id='word_1_264' title='bbox 3326 2145 3389 2198; x_wconf 90' lang='lat' dir='ltr'><strong>et</strong></span> <span class='ocrx_word' id='word_1_265' title='bbox 3426 2143 3779 2210; x_wconf 87' lang='lat' dir='ltr'><strong>causatum,</strong></span> <span class='ocrx_word' id='word_1_266' title='bbox 3813 2137 3987 2219; x_wconf 91' lang='lat' dir='ltr'><strong>quod</strong></span> 
     </span>
     <span class='ocr_line' id='line_1_40' title="bbox 2490 2235 3983 2317; baseline 0 -21"><span class='ocrx_word' id='word_1_267' title='bbox 2490 2253 2569 2296; x_wconf 82' lang='lat' dir='ltr'><strong>ex</strong></span> <span class='ocrx_word' id='word_1_268' title='bbox 2619 2235 2838 2296; x_wconf 86' lang='lat' dir='ltr'><strong>multis</strong></span> <span class='ocrx_word' id='word_1_269' title='bbox 2888 2235 3233 2297; x_wconf 86' lang='lat' dir='ltr'><strong>virtutibus</strong></span> <span class='ocrx_word' id='word_1_270' title='bbox 3280 2243 3485 2297; x_wconf 83' lang='lat' dir='ltr'><strong>exstat</strong></span> <span class='ocrx_word' id='word_1_271' title='bbox 3532 2236 3983 2317; x_wconf 83' lang='lat' dir='ltr'><strong>compositum,</strong></span> 
     </span>
     <span class='ocr_line' id='line_1_41' title="bbox 2490 2333 3987 2416; baseline 0.001 -22"><span class='ocrx_word' id='word_1_272' title='bbox 2490 2340 2646 2414; x_wconf 88' lang='lat' dir='ltr'><strong>puta</strong></span> <span class='ocrx_word' id='word_1_273' title='bbox 2672 2333 2989 2396; x_wconf 90' lang='lat' dir='ltr'><strong>causantis</strong></span> <span class='ocrx_word' id='word_1_274' title='bbox 3020 2341 3083 2396; x_wconf 91' lang='lat' dir='ltr'><strong>et</strong></span> <span class='ocrx_word' id='word_1_275' title='bbox 3112 2335 3353 2397; x_wconf 88' lang='lat' dir='ltr'><strong>causati</strong></span> <span class='ocrx_word' id='word_1_276' title='bbox 3389 2352 3403 2396; x_wconf 72' lang='grc' dir='ltr'>ε</span> <span class='ocrx_word' id='word_1_277' title='bbox 3437 2354 3579 2416; x_wconf 79' lang='lat' dir='ltr'><strong>quae</strong></span> <span class='ocrx_word' id='word_1_278' title='bbox 3607 2335 3862 2416; x_wconf 88' lang='lat' dir='ltr'><strong>quando</strong></span> <span class='ocrx_word' id='word_1_279' title='bbox 3890 2334 3987 2396; x_wconf 91' lang='lat' dir='ltr'><strong>di-</strong></span> 
     </span>
     <span class='ocr_line' id='line_1_42' title="bbox 2492 2431 3987 2515; baseline 0.001 -22"><span class='ocrx_word' id='word_1_280' title='bbox 2492 2449 2689 2496; x_wconf 80' lang='lat' dir='ltr'><strong>versae</strong></span> <span class='ocrx_word' id='word_1_281' title='bbox 2718 2439 2886 2506; x_wconf 91' lang='lat' dir='ltr'><strong>sunt,</strong></span> <span class='ocrx_word' id='word_1_282' title='bbox 2912 2432 3191 2494; x_wconf 87' lang='lat' dir='ltr'><strong>diversas</strong></span> <span class='ocrx_word' id='word_1_283' title='bbox 3223 2432 3571 2515; x_wconf 87' lang='lat' dir='ltr'><strong>important</strong></span> <span class='ocrx_word' id='word_1_284' title='bbox 3599 2431 3987 2495; x_wconf 85' lang='lat' dir='ltr'><strong>substantias</strong></span> 
     </span>
     <span class='ocr_line' id='line_1_43' title="bbox 2490 2529 3988 2613; baseline 0.001 -22"><span class='ocrx_word' id='word_1_285' title='bbox 2490 2529 2795 2592; x_wconf 91' lang='lat' dir='ltr'><strong>habentes</strong></span> <span class='ocrx_word' id='word_1_286' title='bbox 2832 2530 3155 2613; x_wconf 90' lang='lat' dir='ltr'><strong>oppositas</strong></span> <span class='ocrx_word' id='word_1_287' title='bbox 3194 2532 3488 2594; x_wconf 89' lang='lat' dir='ltr'><strong>rationes.</strong></span> <span class='ocrx_word' id='word_1_288' title='bbox 3528 2532 3691 2612; x_wconf 87' lang='lat' dir='ltr'><strong>Ergo</strong></span> <span class='ocrx_word' id='word_1_289' title='bbox 3726 2531 3988 2594; x_wconf 89' lang='lat' dir='ltr'><strong>resolvi-</strong></span> 
     </span>
     <span class='ocr_line' id='line_1_44' title="bbox 2489 2628 3987 2710; baseline 0.001 -21"><span class='ocrx_word' id='word_1_290' title='bbox 2489 2635 2594 2689; x_wconf 88' lang='lat' dir='ltr'><strong>tur</strong></span> <span class='ocrx_word' id='word_1_291' title='bbox 2633 2628 2699 2690; x_wconf 90' lang='lat' dir='ltr'><strong>in</strong></span> <span class='ocrx_word' id='word_1_292' title='bbox 2740 2628 2804 2692; x_wconf 88' lang='lat' dir='ltr'><strong>id</strong></span> <span class='ocrx_word' id='word_1_293' title='bbox 2844 2629 3014 2710; x_wconf 89' lang='lat' dir='ltr'><strong>quod</strong></span> <span class='ocrx_word' id='word_1_294' title='bbox 3054 2638 3149 2691; x_wconf 91' lang='lat' dir='ltr'><strong>est</strong></span> <span class='ocrx_word' id='word_1_295' title='bbox 3186 2636 3331 2691; x_wconf 86' lang='lat' dir='ltr'><strong>ante</strong></span> <span class='ocrx_word' id='word_1_296' title='bbox 3376 2648 3443 2691; x_wconf 87' lang='lat' dir='ltr'><strong>se</strong></span> <span class='ocrx_word' id='word_1_297' title='bbox 3487 2637 3557 2690; x_wconf 86' lang='lat' dir='ltr'><strong>ut</strong></span> <span class='ocrx_word' id='word_1_298' title='bbox 3598 2648 3887 2704; x_wconf 88' lang='lat' dir='ltr'><strong>causans,</strong></span> <span class='ocrx_word' id='word_1_299' title='bbox 3920 2637 3987 2692; x_wconf 89' lang='lat' dir='ltr'><strong>et</strong></span> 
     </span>
     <span class='ocr_line' id='line_1_45' title="bbox 2490 2726 3985 2810; baseline 0.001 -23"><span class='ocrx_word' id='word_1_300' title='bbox 2490 2726 2555 2787; x_wconf 93' lang='lat' dir='ltr'><strong>in</strong></span> <span class='ocrx_word' id='word_1_301' title='bbox 2598 2726 2662 2788; x_wconf 92' lang='lat' dir='ltr'><strong>id</strong></span> <span class='ocrx_word' id='word_1_302' title='bbox 2706 2727 2876 2808; x_wconf 91' lang='lat' dir='ltr'><strong>quod</strong></span> <span class='ocrx_word' id='word_1_303' title='bbox 2919 2735 3015 2790; x_wconf 90' lang='grc' dir='ltr'><strong>θεῖ</strong></span> <span class='ocrx_word' id='word_1_304' title='bbox 3057 2734 3200 2810; x_wconf 90' lang='lat' dir='ltr'><strong>post</strong></span> <span class='ocrx_word' id='word_1_305' title='bbox 3242 2747 3309 2789; x_wconf 93' lang='lat' dir='ltr'><strong>se</strong></span> <span class='ocrx_word' id='word_1_306' title='bbox 3358 2735 3429 2789; x_wconf 87' lang='lat' dir='ltr'><strong>ut</strong></span> <span class='ocrx_word' id='word_1_307' title='bbox 3477 2733 3825 2790; x_wconf 88' lang='lat' dir='ltr'><strong>causatum.</strong></span> <span class='ocrx_word' id='word_1_308' title='bbox 3860 2728 3985 2790; x_wconf 84' lang='lat' dir='ltr'><strong>Aut</strong></span> 
     </span>
     <span class='ocr_line' id='line_1_46' title="bbox 2487 2825 3984 2906; baseline 0.001 -20"><span class='ocrx_word' id='word_1_309' title='bbox 2487 2842 2637 2904; x_wconf 87' lang='lat' dir='ltr'><strong>ergo</strong></span> <span class='ocrx_word' id='word_1_310' title='bbox 2686 2825 2751 2886; x_wconf 89' lang='lat' dir='ltr'><strong>in</strong></span> <span class='ocrx_word' id='word_1_311' title='bbox 2801 2826 2917 2888; x_wconf 92' lang='lat' dir='ltr'><strong>hac</strong></span> <span class='ocrx_word' id='word_1_312' title='bbox 2972 2825 3355 2889; x_wconf 88' lang='lat' dir='ltr'><strong>resolutione</strong></span> <span class='ocrx_word' id='word_1_313' title='bbox 3406 2826 3716 2906; x_wconf 87' lang='lat' dir='ltr'><strong>contingit</strong></span> <span class='ocrx_word' id='word_1_314' title='bbox 3762 2825 3984 2888; x_wconf 88' lang='lat' dir='ltr'><strong>venire</strong></span> 
     </span>
     <span class='ocr_line' id='line_1_47' title="bbox 2488 2923 3984 3004; baseline 0.002 -20"><span class='ocrx_word' id='word_1_315' title='bbox 2488 2923 2553 2984; x_wconf 92' lang='lat' dir='ltr'><strong>in</strong></span> <span class='ocrx_word' id='word_1_316' title='bbox 2594 2924 2873 3004; x_wconf 91' lang='lat' dir='ltr'><strong>primum</strong></span> <span class='ocrx_word' id='word_1_317' title='bbox 2914 2943 3181 2987; x_wconf 85' lang='lat' dir='ltr'><strong>causans</strong></span> <span class='ocrx_word' id='word_1_318' title='bbox 3220 2932 3283 2986; x_wconf 90' lang='lat' dir='ltr'><strong>et</strong></span> <span class='ocrx_word' id='word_1_319' title='bbox 3320 2923 3385 2986; x_wconf 89' lang='lat' dir='ltr'><strong>in</strong></span> <span class='ocrx_word' id='word_1_320' title='bbox 3426 2924 3725 2986; x_wconf 85' lang='lat' dir='ltr'><strong>ultimum</strong></span> <span class='ocrx_word' id='word_1_321' title='bbox 3764 2943 3984 2987; x_wconf 90' lang='lat' dir='ltr'><strong>causa·</strong></span> 
     </span>
    </p>
   </div>
   <div class='ocr_carea' id='block_1_8' title="bbox 880 3020 3983 3102">
    <p class='ocr_par' dir='ltr' id='par_1_8' title="bbox 880 3020 3983 3102">
     <span class='ocr_line' id='line_1_48' title="bbox 880 3020 3983 3102; baseline 0 -19"><span class='ocrx_word' id='word_1_322' title='bbox 880 3029 1093 3084; x_wconf 85' lang='lat' dir='ltr'><strong>mente</strong></span> <span class='ocrx_word' id='word_1_323' title='bbox 1143 3022 1360 3084; x_wconf 86' lang='lat' dir='ltr'><strong>divina</strong></span> <span class='ocrx_word' id='word_1_324' title='bbox 1409 3021 1784 3095; x_wconf 88' lang='lat' dir='ltr'><strong>consistens,</strong></span> <span class='ocrx_word' id='word_1_325' title='bbox 1838 3020 2231 3102; x_wconf 90' lang='lat' dir='ltr'><strong>principium</strong></span> <span class='ocrx_word' id='word_1_326' title='bbox 2282 3026 2377 3080; x_wconf 90' lang='grc' dir='ltr'><strong>θεῖ</strong></span> <span class='ocrx_word' id='word_1_327' title='bbox 2411 3021 2454 3086; x_wconf 90' lang='lat' dir='ltr'>C</span> <span class='ocrx_word' id='word_1_328' title='bbox 2486 3029 2645 3094; x_wconf 88' lang='lat' dir='ltr'><strong>tum,</strong></span> <span class='ocrx_word' id='word_1_329' title='bbox 2678 3030 2788 3084; x_wconf 88' lang='lat' dir='ltr'><strong>aut</strong></span> <span class='ocrx_word' id='word_1_330' title='bbox 2818 3041 2943 3086; x_wconf 90' lang='lat' dir='ltr'><strong>non</strong></span> <span class='ocrx_word' id='word_1_331' title='bbox 2970 3023 3061 3086; x_wconf 91' lang='lat' dir='ltr'><strong>:si</strong></span> <span class='ocrx_word' id='word_1_332' title='bbox 3094 3041 3243 3098; x_wconf 90' lang='lat' dir='ltr'><strong>non,</strong></span> <span class='ocrx_word' id='word_1_333' title='bbox 3276 3023 3529 3085; x_wconf 89' lang='lat' dir='ltr'><strong>infinita</strong></span> <span class='ocrx_word' id='word_1_334' title='bbox 3555 3030 3743 3085; x_wconf 85' lang='lat' dir='ltr'><strong>erunt</strong></span> <span class='ocrx_word' id='word_1_335' title='bbox 3772 3024 3983 3086; x_wconf 89' lang='lat' dir='ltr'><strong>media</strong></span> 
     </span>
    </p>
   </div>
   <div class='ocr_carea' id='block_1_9' title="bbox 874 3117 2375 4186">
    <p class='ocr_par' dir='ltr' id='par_1_9' title="bbox 874 3117 2375 4186">
     <span class='ocr_line' id='line_1_49' title="bbox 877 3117 2373 3203; baseline -0.003 -21"><span class='ocrx_word' id='word_1_336' title='bbox 877 3121 1168 3184; x_wconf 91' lang='lat' dir='ltr'><strong>omnium</strong></span> <span class='ocrx_word' id='word_1_337' title='bbox 1213 3140 1354 3203; x_wconf 81' lang='lat' dir='ltr'><strong>quae</strong></span> <span class='ocrx_word' id='word_1_338' title='bbox 1399 3128 1548 3182; x_wconf 90' lang='lat' dir='ltr'><strong>sunt</strong></span> <span class='ocrx_word' id='word_1_339' title='bbox 1586 3120 1774 3194; x_wconf 84' lang='lat' dir='ltr'><strong>facta,</strong></span> <span class='ocrx_word' id='word_1_340' title='bbox 1808 3137 1884 3182; x_wconf 93' lang='lat' dir='ltr'><strong>eo</strong></span> <span class='ocrx_word' id='word_1_341' title='bbox 1923 3119 2092 3201; x_wconf 92' lang='lat' dir='ltr'><strong>quod</strong></span> <span class='ocrx_word' id='word_1_342' title='bbox 2133 3119 2263 3180; x_wconf 88' lang='lat' dir='ltr'><strong>sint</strong></span> <span class='ocrx_word' id='word_1_343' title='bbox 2310 3117 2373 3178; x_wconf 92' lang='lat' dir='ltr'><strong>in</strong></span> 
     </span>
     <span class='ocr_line' id='line_1_50' title="bbox 877 3216 2374 3302; baseline -0.003 -20"><span class='ocrx_word' id='word_1_344' title='bbox 877 3220 1018 3302; x_wconf 90' lang='lat' dir='ltr'><strong>ipso</strong></span> <span class='ocrx_word' id='word_1_345' title='bbox 1066 3220 1231 3282; x_wconf 87' lang='lat' dir='ltr'><strong>sicut</strong></span> <span class='ocrx_word' id='word_1_346' title='bbox 1276 3219 1618 3282; x_wconf 87' lang='lat' dir='ltr'><strong>artificiata</strong></span> <span class='ocrx_word' id='word_1_347' title='bbox 1665 3219 1730 3281; x_wconf 92' lang='lat' dir='ltr'><strong>in</strong></span> <span class='ocrx_word' id='word_1_348' title='bbox 1777 3216 2045 3280; x_wconf 88' lang='lat' dir='ltr'><strong>artificis</strong></span> <span class='ocrx_word' id='word_1_349' title='bbox 2097 3223 2250 3279; x_wconf 88' lang='lat' dir='ltr'><strong>arte.</strong></span> <span class='ocrx_word' id='word_1_350' title='bbox 2308 3217 2374 3278; x_wconf 91' lang='lat' dir='ltr'><strong>ln</strong></span> 
     </span>
     <span class='ocr_line' id='line_1_51' title="bbox 875 3315 2370 3398; baseline -0.002 -19"><span class='ocrx_word' id='word_1_351' title='bbox 875 3317 1176 3380; x_wconf 90' lang='lat' dir='ltr'><strong>omnibus</strong></span> <span class='ocrx_word' id='word_1_352' title='bbox 1243 3325 1456 3380; x_wconf 87' lang='lat' dir='ltr'><strong>autem</strong></span> <span class='ocrx_word' id='word_1_353' title='bbox 1522 3315 1901 3398; x_wconf 89' lang='lat' dir='ltr'><strong>generaliter</strong></span> <span class='ocrx_word' id='word_1_354' title='bbox 1961 3334 2184 3377; x_wconf 90' lang='lat' dir='ltr'><strong>verum</strong></span> <span class='ocrx_word' id='word_1_355' title='bbox 2254 3323 2370 3388; x_wconf 91' lang='lat' dir='ltr'><strong>est,</strong></span> 
     </span>
     <span class='ocr_line' id='line_1_52' title="bbox 875 3413 2375 3496; baseline -0.002 -19"><span class='ocrx_word' id='word_1_356' title='bbox 875 3416 1047 3496; x_wconf 91' lang='lat' dir='ltr'><strong>quod</strong></span> <span class='ocrx_word' id='word_1_357' title='bbox 1096 3435 1222 3478; x_wconf 91' lang='lat' dir='ltr'><strong>una</strong></span> <span class='ocrx_word' id='word_1_358' title='bbox 1263 3423 1358 3478; x_wconf 90' lang='grc' dir='ltr'><strong>θεῖ</strong></span> <span class='ocrx_word' id='word_1_359' title='bbox 1400 3435 1502 3478; x_wconf 90' lang='lat' dir='ltr'><strong>ars</strong></span> <span class='ocrx_word' id='word_1_360' title='bbox 1545 3423 1607 3478; x_wconf 87' lang='lat' dir='ltr'><strong>et</strong></span> <span class='ocrx_word' id='word_1_361' title='bbox 1651 3435 1776 3477; x_wconf 90' lang='lat' dir='ltr'><strong>una</strong></span> <span class='ocrx_word' id='word_1_362' title='bbox 1817 3415 2084 3476; x_wconf 87' lang='lat' dir='ltr'><strong>scientia</strong></span> <span class='ocrx_word' id='word_1_363' title='bbox 2125 3413 2375 3495; x_wconf 90' lang='lat' dir='ltr'><strong>opposi-</strong></span> 
     </span>
     <span class='ocr_line' id='line_1_53' title="bbox 875 3512 2369 3594; baseline -0.001 -19"><span class='ocrx_word' id='word_1_364' title='bbox 875 3522 1110 3588; x_wconf 90' lang='lat' dir='ltr'><strong>torum,</strong></span> <span class='ocrx_word' id='word_1_365' title='bbox 1164 3522 1229 3576; x_wconf 91' lang='lat' dir='ltr'><strong>et</strong></span> <span class='ocrx_word' id='word_1_366' title='bbox 1285 3512 1721 3587; x_wconf 89' lang='lat' dir='ltr'><strong>dissimilium,</strong></span> <span class='ocrx_word' id='word_1_367' title='bbox 1774 3519 1837 3575; x_wconf 90' lang='lat' dir='ltr'><strong>et</strong></span> <span class='ocrx_word' id='word_1_368' title='bbox 1891 3512 2301 3594; x_wconf 81' lang='lat' dir='ltr'><strong>inaequalium</strong></span> <span class='ocrx_word' id='word_1_369' title='bbox 2356 3527 2369 3573; x_wconf 73' lang='grc' dir='ltr'><strong><em>ε</em></strong></span> 
     </span>
     <span class='ocr_line' id='line_1_54' title="bbox 875 3610 2369 3693; baseline -0.002 -20"><span class='ocrx_word' id='word_1_370' title='bbox 875 3612 1046 3693; x_wconf 90' lang='lat' dir='ltr'><strong>quod</strong></span> <span class='ocrx_word' id='word_1_371' title='bbox 1081 3619 1144 3674; x_wconf 91' lang='lat' dir='ltr'><strong>et</strong></span> <span class='ocrx_word' id='word_1_372' title='bbox 1175 3612 1449 3674; x_wconf 85' lang='lat' dir='ltr'><strong>maxime</strong></span> <span class='ocrx_word' id='word_1_373' title='bbox 1479 3631 1702 3675; x_wconf 89' lang='lat' dir='ltr'><strong>verum</strong></span> <span class='ocrx_word' id='word_1_374' title='bbox 1743 3618 1839 3674; x_wconf 89' lang='lat' dir='ltr'><strong>est</strong></span> <span class='ocrx_word' id='word_1_375' title='bbox 1875 3611 1938 3673; x_wconf 89' lang='lat' dir='ltr'><strong>in</strong></span> <span class='ocrx_word' id='word_1_376' title='bbox 1973 3618 2107 3673; x_wconf 87' lang='lat' dir='ltr'><strong>arte</strong></span> <span class='ocrx_word' id='word_1_377' title='bbox 2145 3610 2369 3692; x_wconf 87' lang='lat' dir='ltr'><strong>prima,</strong></span> 
     </span>
     <span class='ocr_line' id='line_1_55' title="bbox 877 3710 2369 3792; baseline -0.001 -20"><span class='ocrx_word' id='word_1_378' title='bbox 877 3729 1079 3791; x_wconf 90' lang='lat' dir='ltr'><strong>quum</strong></span> <span class='ocrx_word' id='word_1_379' title='bbox 1125 3718 1284 3773; x_wconf 86' lang='lat' dir='ltr'><strong>teste</strong></span> <span class='ocrx_word' id='word_1_380' title='bbox 1326 3711 1708 3792; x_wconf 88' lang='lat' dir='ltr'><strong>Philosopho</strong></span> <span class='ocrx_word' id='word_1_381' title='bbox 1756 3718 1934 3772; x_wconf 85' lang='lat' dir='ltr'><strong>sexto</strong></span> <span class='ocrx_word' id='word_1_382' title='bbox 1975 3710 2369 3783; x_wconf 89' lang='lat' dir='ltr'><strong>Ethicorum,</strong></span> 
     </span>
     <span class='ocr_line' id='line_1_56' title="bbox 874 3808 2374 3891; baseline 0 -22"><span class='ocrx_word' id='word_1_383' title='bbox 874 3827 977 3870; x_wconf 90' lang='lat' dir='ltr'><strong>ars</strong></span> <span class='ocrx_word' id='word_1_384' title='bbox 1023 3810 1107 3870; x_wconf 93' lang='lat' dir='ltr'><strong>sit</strong></span> <span class='ocrx_word' id='word_1_385' title='bbox 1148 3809 1456 3872; x_wconf 86' lang='lat' dir='ltr'><strong>factivum</strong></span> <span class='ocrx_word' id='word_1_386' title='bbox 1502 3809 1894 3891; x_wconf 91' lang='lat' dir='ltr'><strong>principium</strong></span> <span class='ocrx_word' id='word_1_387' title='bbox 1939 3827 2086 3870; x_wconf 92' lang='lat' dir='ltr'><strong>cum</strong></span> <span class='ocrx_word' id='word_1_388' title='bbox 2131 3808 2374 3870; x_wconf 83' lang='lat' dir='ltr'><strong>ratione</strong></span> 
     </span>
     <span class='ocr_line' id='line_1_57' title="bbox 877 3906 2374 3989; baseline -0.001 -20"><span class='ocrx_word' id='word_1_389' title='bbox 877 3907 1167 3969; x_wconf 90' lang='lat' dir='ltr'><strong>omnium</strong></span> <span class='ocrx_word' id='word_1_390' title='bbox 1211 3908 1288 3969; x_wconf 92' lang='lat' dir='ltr'><strong>de</strong></span> <span class='ocrx_word' id='word_1_391' title='bbox 1331 3906 1566 3989; x_wconf 89' lang='lat' dir='ltr'><strong>quibus</strong></span> <span class='ocrx_word' id='word_1_392' title='bbox 1609 3915 1704 3968; x_wconf 89' lang='lat' dir='ltr'><strong>est</strong></span> <span class='ocrx_word' id='word_1_393' title='bbox 1743 3927 1866 3968; x_wconf 83' lang='lat' dir='ltr'><strong>ars,</strong></span> <span class='ocrx_word' id='word_1_394' title='bbox 1910 3906 2182 3968; x_wconf 88' lang='lat' dir='ltr'><strong>Mundus</strong></span> <span class='ocrx_word' id='word_1_395' title='bbox 2222 3924 2374 3968; x_wconf 90' lang='lat' dir='ltr'><strong>vero</strong></span> 
     </span>
     <span class='ocr_line' id='line_1_58' title="bbox 875 4003 2373 4088; baseline -0.001 -22"><span class='ocrx_word' id='word_1_396' title='bbox 875 4006 1281 4088; x_wconf 84' lang='lat' dir='ltr'><strong>archetypuS,</strong></span> <span class='ocrx_word' id='word_1_397' title='bbox 1323 4013 1419 4068; x_wconf 91' lang='lat' dir='ltr'><strong>est</strong></span> <span class='ocrx_word' id='word_1_398' title='bbox 1461 4025 1562 4068; x_wconf 87' lang='lat' dir='ltr'><strong>ars</strong></span> <span class='ocrx_word' id='word_1_399' title='bbox 1604 4005 1832 4087; x_wconf 87' lang='lat' dir='ltr'><strong>prima,</strong></span> <span class='ocrx_word' id='word_1_400' title='bbox 1867 4013 1928 4066; x_wconf 91' lang='lat' dir='ltr'><strong>et</strong></span> <span class='ocrx_word' id='word_1_401' title='bbox 1978 4024 2102 4067; x_wconf 91' lang='lat' dir='ltr'><strong>una</strong></span> <span class='ocrx_word' id='word_1_402' title='bbox 2149 4003 2373 4066; x_wconf 87' lang='lat' dir='ltr'><strong>notitia</strong></span> 
     </span>
     <span class='ocr_line' id='line_1_59' title="bbox 875 4102 2368 4186; baseline -0.003 -20"><span class='ocrx_word' id='word_1_403' title='bbox 875 4103 1027 4166; x_wconf 92' lang='lat' dir='ltr'><strong>boni</strong></span> <span class='ocrx_word' id='word_1_404' title='bbox 1077 4123 1150 4167; x_wconf 93' lang='lat' dir='ltr'><strong>ac</strong></span> <span class='ocrx_word' id='word_1_405' title='bbox 1197 4104 1369 4180; x_wconf 92' lang='lat' dir='ltr'><strong>mali,</strong></span> <span class='ocrx_word' id='word_1_406' title='bbox 1414 4103 1562 4167; x_wconf 91' lang='lat' dir='ltr'><strong>boni</strong></span> <span class='ocrx_word' id='word_1_407' title='bbox 1605 4123 1718 4186; x_wconf 90' lang='lat' dir='ltr'><strong>per</strong></span> <span class='ocrx_word' id='word_1_408' title='bbox 1757 4103 2029 4184; x_wconf 73' lang='lat' dir='ltr'><strong>formam</strong></span> <span class='ocrx_word' id='word_1_409' title='bbox 2075 4102 2368 4174; x_wconf 89' lang='lat' dir='ltr'><strong>idealem,</strong></span> 
     </span>
    </p>
   </div>
   <div class='ocr_carea' id='block_1_10' title="bbox 2482 3122 3983 4184">
    <p class='ocr_par' dir='ltr' id='par_1_10' title="bbox 2482 3122 3983 3774">
     <span class='ocr_line' id='line_1_60' title="bbox 2485 3122 3976 3205; baseline 0 -21"><span class='ocrx_word' id='word_1_410' title='bbox 2485 3122 2811 3184; x_wconf 90' lang='lat' dir='ltr'><strong>causantia</strong></span> <span class='ocrx_word' id='word_1_411' title='bbox 2868 3129 3143 3196; x_wconf 89' lang='lat' dir='ltr'><strong>causata,</strong></span> <span class='ocrx_word' id='word_1_412' title='bbox 3195 3123 3366 3204; x_wconf 91' lang='lat' dir='ltr'><strong>quod</strong></span> <span class='ocrx_word' id='word_1_413' title='bbox 3412 3130 3507 3184; x_wconf 87' lang='lat' dir='ltr'><strong>est</strong></span> <span class='ocrx_word' id='word_1_414' title='bbox 3557 3122 3976 3205; x_wconf 85' lang='lat' dir='ltr'><strong>impossibile.</strong></span> 
     </span>
     <span class='ocr_line' id='line_1_61' title="bbox 2486 3219 3981 3302; baseline 0 -22"><span class='ocrx_word' id='word_1_415' title='bbox 2486 3219 2593 3281; x_wconf 87' lang='lat' dir='ltr'><strong>Est</strong></span> <span class='ocrx_word' id='word_1_416' title='bbox 2632 3237 2782 3300; x_wconf 86' lang='lat' dir='ltr'><strong>ergo</strong></span> <span class='ocrx_word' id='word_1_417' title='bbox 2826 3220 2889 3281; x_wconf 90' lang='lat' dir='ltr'><strong>in</strong></span> <span class='ocrx_word' id='word_1_418' title='bbox 2934 3239 3164 3302; x_wconf 86' lang='lat' dir='ltr'><strong>genere</strong></span> <span class='ocrx_word' id='word_1_419' title='bbox 3209 3239 3413 3283; x_wconf 83' lang='lat' dir='ltr'><strong>causae</strong></span> <span class='ocrx_word' id='word_1_420' title='bbox 3460 3219 3829 3294; x_wconf 77' lang='lat' dir='ltr'><strong>efficientiS,</strong></span> <span class='ocrx_word' id='word_1_421' title='bbox 3866 3220 3981 3281; x_wconf 91' lang='lat' dir='ltr'><strong>ali·</strong></span> 
     </span>
     <span class='ocr_line' id='line_1_62' title="bbox 2482 3318 3982 3401; baseline 0 -21"><span class='ocrx_word' id='word_1_422' title='bbox 2482 3318 2640 3400; x_wconf 92' lang='lat' dir='ltr'><strong>quid</strong></span> <span class='ocrx_word' id='word_1_423' title='bbox 2676 3318 2969 3380; x_wconf 81' lang='lat' dir='ltr'><strong>efficiens</strong></span> <span class='ocrx_word' id='word_1_424' title='bbox 3013 3326 3280 3392; x_wconf 89' lang='lat' dir='ltr'><strong>tantum,</strong></span> <span class='ocrx_word' id='word_1_425' title='bbox 3312 3319 3481 3401; x_wconf 91' lang='lat' dir='ltr'><strong>quod</strong></span> <span class='ocrx_word' id='word_1_426' title='bbox 3513 3337 3814 3381; x_wconf 90' lang='lat' dir='ltr'><strong>vocamus</strong></span> <span class='ocrx_word' id='word_1_427' title='bbox 3856 3319 3982 3401; x_wconf 91' lang='lat' dir='ltr'><strong>pri-</strong></span> 
     </span>
     <span class='ocr_line' id='line_1_63' title="bbox 2485 3416 3979 3499; baseline -0.001 -20"><span class='ocrx_word' id='word_1_428' title='bbox 2485 3436 2661 3479; x_wconf 90' lang='lat' dir='ltr'><strong>mum</strong></span> <span class='ocrx_word' id='word_1_429' title='bbox 2732 3417 3121 3499; x_wconf 90' lang='lat' dir='ltr'><strong>principium</strong></span> <span class='ocrx_word' id='word_1_430' title='bbox 3158 3435 3173 3496; x_wconf 91' lang='lat'>;</span> <span class='ocrx_word' id='word_1_431' title='bbox 3235 3425 3295 3479; x_wconf 89' lang='lat' dir='ltr'><strong>et</strong></span> <span class='ocrx_word' id='word_1_432' title='bbox 3362 3417 3604 3499; x_wconf 91' lang='lat' dir='ltr'><strong>aliquid</strong></span> <span class='ocrx_word' id='word_1_433' title='bbox 3671 3416 3979 3480; x_wconf 87' lang='lat' dir='ltr'><strong>effectum</strong></span> 
     </span>
     <span class='ocr_line' id='line_1_64' title="bbox 2483 3514 3983 3597; baseline 0 -21"><span class='ocrx_word' id='word_1_434' title='bbox 2483 3523 2752 3587; x_wconf 89' lang='lat' dir='ltr'><strong>tantum,</strong></span> <span class='ocrx_word' id='word_1_435' title='bbox 2786 3516 2957 3596; x_wconf 92' lang='lat' dir='ltr'><strong>quod</strong></span> <span class='ocrx_word' id='word_1_436' title='bbox 2999 3522 3095 3577; x_wconf 89' lang='lat' dir='ltr'><strong>est</strong></span> <span class='ocrx_word' id='word_1_437' title='bbox 3140 3515 3475 3595; x_wconf 84' lang='lat' dir='ltr'><strong>ultimum3</strong></span> <span class='ocrx_word' id='word_1_438' title='bbox 3507 3523 3571 3577; x_wconf 87' lang='lat' dir='ltr'><strong>et</strong></span> <span class='ocrx_word' id='word_1_439' title='bbox 3614 3515 3856 3597; x_wconf 89' lang='lat' dir='ltr'><strong>aliquid</strong></span> <span class='ocrx_word' id='word_1_440' title='bbox 3894 3514 3983 3577; x_wconf 89' lang='lat' dir='ltr'><strong>ef-</strong></span> 
     </span>
     <span class='ocr_line' id='line_1_65' title="bbox 2482 3612 3979 3695; baseline 0.001 -21"><span class='ocrx_word' id='word_1_441' title='bbox 2482 3612 2711 3674; x_wconf 88' lang='lat' dir='ltr'><strong>ficiens</strong></span> <span class='ocrx_word' id='word_1_442' title='bbox 2741 3621 2803 3674; x_wconf 91' lang='lat' dir='ltr'><strong>et</strong></span> <span class='ocrx_word' id='word_1_443' title='bbox 2842 3612 3171 3688; x_wconf 87' lang='lat' dir='ltr'><strong>effectum,</strong></span> <span class='ocrx_word' id='word_1_444' title='bbox 3205 3613 3374 3695; x_wconf 90' lang='lat' dir='ltr'><strong>quod</strong></span> <span class='ocrx_word' id='word_1_445' title='bbox 3410 3620 3507 3674; x_wconf 90' lang='lat' dir='ltr'><strong>est</strong></span> <span class='ocrx_word' id='word_1_446' title='bbox 3548 3613 3833 3676; x_wconf 90' lang='lat' dir='ltr'><strong>medium</strong></span> <span class='ocrx_word' id='word_1_447' title='bbox 3866 3631 3881 3675; x_wconf 74' lang='grc' dir='ltr'><strong><em>ε</em></strong></span> <span class='ocrx_word' id='word_1_448' title='bbox 3916 3620 3979 3675; x_wconf 91' lang='lat' dir='ltr'><strong>et</strong></span> 
     </span>
     <span class='ocr_line' id='line_1_66' title="bbox 2484 3711 3134 3774; baseline -0.002 -1"><span class='ocrx_word' id='word_1_449' title='bbox 2484 3711 2571 3773; x_wconf 87' lang='lat' dir='ltr'><strong>ita</strong></span> <span class='ocrx_word' id='word_1_450' title='bbox 2613 3711 2679 3772; x_wconf 91' lang='lat' dir='ltr'><strong>in</strong></span> <span class='ocrx_word' id='word_1_451' title='bbox 2720 3711 2864 3774; x_wconf 91' lang='lat' dir='ltr'><strong>aliis</strong></span> <span class='ocrx_word' id='word_1_452' title='bbox 2905 3711 3134 3774; x_wconf 88' lang='lat' dir='ltr'><strong>causis.</strong></span> 
     </span>
    </p>

    <p class='ocr_par' dir='ltr' id='par_1_11' title="bbox 2482 3809 3980 4184">
     <span class='ocr_line' id='line_1_67' title="bbox 2548 3809 3980 3892; baseline 0.001 -22"><span class='ocrx_word' id='word_1_453' title='bbox 2548 3809 2833 3891; x_wconf 88' lang='lat' dir='ltr'><strong>Denique</strong></span> <span class='ocrx_word' id='word_1_454' title='bbox 2864 3810 2981 3872; x_wconf 89' lang='lat' dir='ltr'><strong>hoc</strong></span> <span class='ocrx_word' id='word_1_455' title='bbox 3014 3809 3403 3891; x_wconf 89' lang='lat' dir='ltr'><strong>principium</strong></span> <span class='ocrx_word' id='word_1_456' title='bbox 3431 3809 3783 3891; x_wconf 86' lang='lat' dir='ltr'><strong>appellatur</strong></span> <span class='ocrx_word' id='word_1_457' title='bbox 3813 3809 3980 3892; x_wconf 86' lang='lat' dir='ltr'><strong>prin·</strong></span> 
     </span>
     <span class='ocr_line' id='line_1_68' title="bbox 2482 3906 3974 3989; baseline -0.001 -20"><span class='ocrx_word' id='word_1_458' title='bbox 2482 3907 2725 3989; x_wconf 89' lang='lat' dir='ltr'><strong>cipium</strong></span> <span class='ocrx_word' id='word_1_459' title='bbox 2772 3907 3075 3989; x_wconf 91' lang='lat' dir='ltr'><strong>primum,</strong></span> <span class='ocrx_word' id='word_1_460' title='bbox 3109 3908 3173 3969; x_wconf 93' lang='lat' dir='ltr'><strong>id</strong></span> <span class='ocrx_word' id='word_1_461' title='bbox 3216 3915 3313 3969; x_wconf 89' lang='lat' dir='ltr'><strong>est</strong></span> <span class='ocrx_word' id='word_1_462' title='bbox 3354 3915 3500 3970; x_wconf 88' lang='lat' dir='ltr'><strong>ante</strong></span> <span class='ocrx_word' id='word_1_463' title='bbox 3546 3907 3715 3989; x_wconf 92' lang='lat' dir='ltr'><strong>quod</strong></span> <span class='ocrx_word' id='word_1_464' title='bbox 3762 3906 3923 3969; x_wconf 90' lang='lat' dir='ltr'><strong>nihil</strong></span> <span class='ocrx_word' id='word_1_465' title='bbox 3960 3925 3974 3968; x_wconf 94' lang='lat'>:</span> 
     </span>
     <span class='ocr_line' id='line_1_69' title="bbox 2484 4004 3977 4086; baseline 0 -19"><span class='ocrx_word' id='word_1_466' title='bbox 2484 4023 2611 4068; x_wconf 92' lang='lat' dir='ltr'><strong>non</strong></span> <span class='ocrx_word' id='word_1_467' title='bbox 2652 4006 2738 4067; x_wconf 89' lang='lat' dir='ltr'><strong>ita</strong></span> <span class='ocrx_word' id='word_1_468' title='bbox 2779 4006 2949 4086; x_wconf 91' lang='lat' dir='ltr'><strong>quod</strong></span> <span class='ocrx_word' id='word_1_469' title='bbox 2987 4006 3142 4068; x_wconf 91' lang='lat' dir='ltr'><strong>ordo</strong></span> <span class='ocrx_word' id='word_1_470' title='bbox 3181 4006 3258 4068; x_wconf 90' lang='lat' dir='ltr'><strong>ad</strong></span> <span class='ocrx_word' id='word_1_471' title='bbox 3302 4004 3463 4067; x_wconf 88' lang='lat' dir='ltr'><strong>nihil</strong></span> <span class='ocrx_word' id='word_1_472' title='bbox 3510 4011 3760 4068; x_wconf 87' lang='lat' dir='ltr'><strong>maneat</strong></span> <span class='ocrx_word' id='word_1_473' title='bbox 3801 4005 3977 4067; x_wconf 83' lang='lat' dir='ltr'><strong>affir-</strong></span> 
     </span>
     <span class='ocr_line' id='line_1_70' title="bbox 2484 4102 3978 4184; baseline 0 -19"><span class='ocrx_word' id='word_1_474' title='bbox 2484 4112 2712 4178; x_wconf 89' lang='lat' dir='ltr'><strong>matus,</strong></span> <span class='ocrx_word' id='word_1_475' title='bbox 2745 4104 2854 4165; x_wconf 91' lang='lat' dir='ltr'><strong>sed</strong></span> <span class='ocrx_word' id='word_1_476' title='bbox 2904 4103 3139 4165; x_wconf 89' lang='lat' dir='ltr'><strong>dicitur</strong></span> <span class='ocrx_word' id='word_1_477' title='bbox 3183 4102 3572 4184; x_wconf 91' lang='lat' dir='ltr'><strong>principium</strong></span> <span class='ocrx_word' id='word_1_478' title='bbox 3622 4104 3978 4165; x_wconf 88' lang='lat' dir='ltr'><strong>secundum</strong></span> 
     </span>
    </p>
   </div>
   <div class='ocr_carea' id='block_1_11' title="bbox 877 4201 3977 4285">
    <p class='ocr_par' dir='ltr' id='par_1_12' title="bbox 877 4201 3977 4285">
     <span class='ocr_line' id='line_1_71' title="bbox 877 4201 3977 4285; baseline -0 -21"><span class='ocrx_word' id='word_1_479' title='bbox 877 4202 1027 4265; x_wconf 89' lang='lat' dir='ltr'><strong>mali</strong></span> <span class='ocrx_word' id='word_1_480' title='bbox 1079 4221 1194 4285; x_wconf 87' lang='lat' dir='ltr'><strong>per</strong></span> <span class='ocrx_word' id='word_1_481' title='bbox 1233 4203 1691 4284; x_wconf 86' lang='lat' dir='ltr'><strong>privationem3</strong></span> <span class='ocrx_word' id='word_1_482' title='bbox 1724 4210 1786 4264; x_wconf 92' lang='lat' dir='ltr'><strong>et</strong></span> <span class='ocrx_word' id='word_1_483' title='bbox 1827 4202 1978 4263; x_wconf 89' lang='lat' dir='ltr'><strong>item</strong></span> <span class='ocrx_word' id='word_1_484' title='bbox 2020 4201 2109 4262; x_wconf 91' lang='lat' dir='ltr'><strong>rei</strong></span> <span class='ocrx_word' id='word_1_485' title='bbox 2153 4217 2370 4282; x_wconf 91' lang='lat' dir='ltr'><strong>corpo-</strong></span> <span class='ocrx_word' id='word_1_486' title='bbox 2402 4209 2453 4271; x_wconf 92' lang='lat' dir='ltr'>D</span> <span class='ocrx_word' id='word_1_487' title='bbox 2482 4202 2723 4265; x_wconf 88' lang='lat' dir='ltr'><strong>ordinis</strong></span> <span class='ocrx_word' id='word_1_488' title='bbox 2772 4201 3105 4277; x_wconf 89' lang='lat' dir='ltr'><strong>rationem,</strong></span> <span class='ocrx_word' id='word_1_489' title='bbox 3142 4201 3493 4263; x_wconf 89' lang='lat' dir='ltr'><strong>secundum</strong></span> <span class='ocrx_word' id='word_1_490' title='bbox 3543 4201 3715 4282; x_wconf 90' lang='lat' dir='ltr'><strong>quod</strong></span> <span class='ocrx_word' id='word_1_491' title='bbox 3764 4201 3977 4283; x_wconf 88' lang='lat' dir='ltr'><strong>ipsum</strong></span> 
     </span>
    </p>
   </div>
   <div class='ocr_carea' id='block_1_12' title="bbox 869 4298 2375 5367">
    <p class='ocr_par' dir='ltr' id='par_1_13' title="bbox 869 4298 2375 5367">
     <span class='ocr_line' id='line_1_72' title="bbox 877 4298 2368 4383; baseline -0.002 -21"><span class='ocrx_word' id='word_1_492' title='bbox 877 4301 1028 4364; x_wconf 87' lang='lat' dir='ltr'><strong>ralis</strong></span> <span class='ocrx_word' id='word_1_493' title='bbox 1067 4320 1140 4363; x_wconf 88' lang='lat' dir='ltr'><strong>ac</strong></span> <span class='ocrx_word' id='word_1_494' title='bbox 1175 4301 1551 4383; x_wconf 80' lang='lat' dir='ltr'><strong>spiritualiS,</strong></span> <span class='ocrx_word' id='word_1_495' title='bbox 1595 4301 1866 4364; x_wconf 88' lang='lat' dir='ltr'><strong>ordinati</strong></span> <span class='ocrx_word' id='word_1_496' title='bbox 1905 4308 1966 4361; x_wconf 91' lang='lat' dir='ltr'><strong>et</strong></span> <span class='ocrx_word' id='word_1_497' title='bbox 2004 4298 2368 4372; x_wconf 83' lang='lat' dir='ltr'><strong>inordinati,</strong></span> 
     </span>
     <span class='ocr_line' id='line_1_73' title="bbox 879 4397 2373 4473; baseline -0.002 -13"><span class='ocrx_word' id='word_1_498' title='bbox 879 4398 1134 4462; x_wconf 90' lang='lat' dir='ltr'><strong>mobilis</strong></span> <span class='ocrx_word' id='word_1_499' title='bbox 1190 4407 1254 4462; x_wconf 93' lang='grc' dir='ltr'><strong>θῖ</strong></span> <span class='ocrx_word' id='word_1_500' title='bbox 1312 4399 1686 4473; x_wconf 90' lang='lat' dir='ltr'><strong>immobilis,</strong></span> <span class='ocrx_word' id='word_1_501' title='bbox 1739 4397 2085 4460; x_wconf 88' lang='lat' dir='ltr'><strong>materialis</strong></span> <span class='ocrx_word' id='word_1_502' title='bbox 2141 4405 2205 4458; x_wconf 90' lang='lat' dir='ltr'><strong>ct</strong></span> <span class='ocrx_word' id='word_1_503' title='bbox 2258 4397 2373 4458; x_wconf 91' lang='lat' dir='ltr'><strong>im-</strong></span> 
     </span>
     <span class='ocr_line' id='line_1_74' title="bbox 877 4496 2373 4580; baseline -0.002 -20"><span class='ocrx_word' id='word_1_504' title='bbox 877 4498 1242 4573; x_wconf 80' lang='lat' dir='ltr'><strong>materialiS,</strong></span> <span class='ocrx_word' id='word_1_505' title='bbox 1305 4499 1498 4560; x_wconf 90' lang='lat' dir='ltr'><strong>unius</strong></span> <span class='ocrx_word' id='word_1_506' title='bbox 1557 4515 1812 4580; x_wconf 90' lang='lat' dir='ltr'><strong>quoque</strong></span> <span class='ocrx_word' id='word_1_507' title='bbox 1871 4504 1936 4559; x_wconf 90' lang='grc' dir='ltr'><strong>θῖ</strong></span> <span class='ocrx_word' id='word_1_508' title='bbox 1994 4496 2199 4559; x_wconf 90' lang='lat' dir='ltr'><strong>multi.</strong></span> <span class='ocrx_word' id='word_1_509' title='bbox 2254 4497 2373 4558; x_wconf 89' lang='lat' dir='ltr'><strong>Un-</strong></span> 
     </span>
     <span class='ocr_line' id='line_1_75' title="bbox 874 4595 2370 4680; baseline -0.003 -20"><span class='ocrx_word' id='word_1_510' title='bbox 874 4598 954 4660; x_wconf 87' lang='lat' dir='ltr'><strong>de</strong></span> <span class='ocrx_word' id='word_1_511' title='bbox 996 4598 1271 4679; x_wconf 88' lang='lat' dir='ltr'><strong>septimo</strong></span> <span class='ocrx_word' id='word_1_512' title='bbox 1307 4597 1588 4680; x_wconf 91' lang='lat' dir='ltr'><strong>capitulo</strong></span> <span class='ocrx_word' id='word_1_513' title='bbox 1617 4596 1694 4657; x_wconf 92' lang='lat' dir='ltr'><strong>de</strong></span> <span class='ocrx_word' id='word_1_514' title='bbox 1726 4595 1970 4657; x_wconf 87' lang='lat' dir='ltr'><strong>Divinis</strong></span> <span class='ocrx_word' id='word_1_515' title='bbox 2001 4595 2370 4657; x_wconf 88' lang='lat' dir='ltr'><strong>nominibus</strong></span> 
     </span>
     <span class='ocr_line' id='line_1_76' title="bbox 875 4695 2370 4779; baseline -0.003 -20"><span class='ocrx_word' id='word_1_516' title='bbox 875 4697 935 4760; x_wconf 92' lang='lat' dir='ltr'><strong>S.</strong></span> <span class='ocrx_word' id='word_1_517' title='bbox 989 4697 1327 4779; x_wconf 88' lang='lat' dir='ltr'><strong>Dionysius</strong></span> <span class='ocrx_word' id='word_1_518' title='bbox 1377 4703 1781 4779; x_wconf 90' lang='lat' dir='ltr'><strong>protestatur,</strong></span> <span class='ocrx_word' id='word_1_519' title='bbox 1835 4695 2005 4775; x_wconf 91' lang='lat' dir='ltr'><strong>quod</strong></span> <span class='ocrx_word' id='word_1_520' title='bbox 2054 4695 2220 4756; x_wconf 90' lang='lat' dir='ltr'><strong>Deus</strong></span> <span class='ocrx_word' id='word_1_521' title='bbox 2270 4711 2370 4756; x_wconf 90' lang='lat' dir='ltr'><strong>co-</strong></span> 
     </span>
     <span class='ocr_line' id='line_1_77' title="bbox 871 4791 2372 4876; baseline -0.004 -18"><span class='ocrx_word' id='word_1_522' title='bbox 871 4794 1122 4876; x_wconf 85' lang='lat' dir='ltr'><strong>gnoscit</strong></span> <span class='ocrx_word' id='word_1_523' title='bbox 1161 4793 1512 4856; x_wconf 91' lang='lat' dir='ltr'><strong>materialia</strong></span> <span class='ocrx_word' id='word_1_524' title='bbox 1552 4791 2076 4866; x_wconf 90' lang='lat' dir='ltr'><strong>immaterialiter,</strong></span> <span class='ocrx_word' id='word_1_525' title='bbox 2111 4791 2372 4854; x_wconf 90' lang='lat' dir='ltr'><strong>mobilia</strong></span> 
     </span>
     <span class='ocr_line' id='line_1_78' title="bbox 875 4889 2371 4966; baseline -0.003 -11"><span class='ocrx_word' id='word_1_526' title='bbox 875 4893 1314 4966; x_wconf 86' lang='lat' dir='ltr'><strong>immobiliter,</strong></span> <span class='ocrx_word' id='word_1_527' title='bbox 1378 4891 1644 4954; x_wconf 86' lang='lat' dir='ltr'><strong>confusa</strong></span> <span class='ocrx_word' id='word_1_528' title='bbox 1705 4889 2247 4953; x_wconf 88' lang='lat' dir='ltr'><strong>inconfusibiliter</strong></span> <span class='ocrx_word' id='word_1_529' title='bbox 2306 4891 2371 4951; x_wconf 92' lang='lat' dir='ltr'><strong>in</strong></span> 
     </span>
     <span class='ocr_line' id='line_1_79' title="bbox 872 4988 2375 5064; baseline -0.003 -10"><span class='ocrx_word' id='word_1_530' title='bbox 872 4992 1095 5054; x_wconf 89' lang='lat' dir='ltr'><strong>ordine</strong></span> <span class='ocrx_word' id='word_1_531' title='bbox 1125 4991 1206 5052; x_wconf 87' lang='lat' dir='ltr'><strong>ad</strong></span> <span class='ocrx_word' id='word_1_532' title='bbox 1236 5010 1460 5064; x_wconf 89' lang='lat' dir='ltr'><strong>unum,</strong></span> <span class='ocrx_word' id='word_1_533' title='bbox 1491 4991 1692 5052; x_wconf 89' lang='lat' dir='ltr'><strong>multa</strong></span> <span class='ocrx_word' id='word_1_534' title='bbox 1723 4989 1917 5051; x_wconf 89' lang='lat' dir='ltr'><strong>unite.</strong></span> <span class='ocrx_word' id='word_1_535' title='bbox 1954 4988 2253 5051; x_wconf 90' lang='lat' dir='ltr'><strong>Omnium</strong></span> <span class='ocrx_word' id='word_1_536' title='bbox 2284 5007 2375 5050; x_wconf 91' lang='lat' dir='ltr'><strong>er-</strong></span> 
     </span>
     <span class='ocr_line' id='line_1_80' title="bbox 869 5088 2371 5171; baseline -0.001 -20"><span class='ocrx_word' id='word_1_537' title='bbox 869 5107 951 5171; x_wconf 90' lang='lat' dir='ltr'><strong>go</strong></span> <span class='ocrx_word' id='word_1_538' title='bbox 1009 5089 1240 5152; x_wconf 90' lang='lat' dir='ltr'><strong>horum</strong></span> <span class='ocrx_word' id='word_1_539' title='bbox 1293 5089 1458 5152; x_wconf 91' lang='lat' dir='ltr'><strong>Deus</strong></span> <span class='ocrx_word' id='word_1_540' title='bbox 1515 5088 1743 5150; x_wconf 82' lang='lat' dir='ltr'><strong>artifex</strong></span> <span class='ocrx_word' id='word_1_541' title='bbox 1801 5088 2048 5169; x_wconf 90' lang='lat' dir='ltr'><strong>primus</strong></span> <span class='ocrx_word' id='word_1_542' title='bbox 2106 5089 2371 5150; x_wconf 90' lang='lat' dir='ltr'><strong>unicum</strong></span> 
     </span>
     <span class='ocr_line' id='line_1_81' title="bbox 873 5185 2082 5271; baseline -0.002 -21"><span class='ocrx_word' id='word_1_543' title='bbox 873 5195 1079 5250; x_wconf 84' lang='lat' dir='ltr'><strong>exstat</strong></span> <span class='ocrx_word' id='word_1_544' title='bbox 1120 5187 1534 5271; x_wconf 92' lang='lat' dir='ltr'><strong>principium.</strong></span> <span class='ocrx_word' id='word_1_545' title='bbox 1580 5187 1723 5249; x_wconf 86' lang='lat' dir='ltr'><strong>Haec</strong></span> <span class='ocrx_word' id='word_1_546' title='bbox 1765 5185 2082 5249; x_wconf 80' lang='lat' dir='ltr'><strong>AlbertuS.</strong></span> 
     </span>
     <span class='ocr_line' id='line_1_82' title="bbox 955 5284 2369 5367; baseline -0.001 -17"><span class='ocrx_word' id='word_1_547' title='bbox 955 5286 1305 5352; x_wconf 89' lang='lat' dir='ltr'><strong>Concordat</strong></span> <span class='ocrx_word' id='word_1_548' title='bbox 1336 5285 1685 5360; x_wconf 79' lang='lat' dir='ltr'><strong>UdalricuS,</strong></span> <span class='ocrx_word' id='word_1_549' title='bbox 1717 5284 1958 5348; x_wconf 84' lang='lat' dir='ltr'><strong>Alberti</strong></span> <span class='ocrx_word' id='word_1_550' title='bbox 1989 5284 2369 5367; x_wconf 82' lang='lat' dir='ltr'><strong>discipuluS,</strong></span> 
     </span>
    </p>
   </div>
   <div class='ocr_carea' id='block_1_13' title="bbox 2480 4299 3980 5366">
    <p class='ocr_par' dir='ltr' id='par_1_14' title="bbox 2480 4299 3980 5366">
     <span class='ocr_line' id='line_1_83' title="bbox 2480 4299 3977 4383; baseline -0.001 -19"><span class='ocrx_word' id='word_1_551' title='bbox 2480 4301 2703 4364; x_wconf 91' lang='lat' dir='ltr'><strong>ordine</strong></span> <span class='ocrx_word' id='word_1_552' title='bbox 2734 4300 2965 4383; x_wconf 91' lang='lat' dir='ltr'><strong>prioris</strong></span> <span class='ocrx_word' id='word_1_553' title='bbox 3007 4299 3168 4361; x_wconf 91' lang='lat' dir='ltr'><strong>nihil</strong></span> <span class='ocrx_word' id='word_1_554' title='bbox 3207 4299 3399 4361; x_wconf 87' lang='lat' dir='ltr'><strong>habet</strong></span> <span class='ocrx_word' id='word_1_555' title='bbox 3434 4306 3580 4361; x_wconf 89' lang='lat' dir='ltr'><strong>ante</strong></span> <span class='ocrx_word' id='word_1_556' title='bbox 3612 4318 3679 4362; x_wconf 87' lang='lat' dir='ltr'><strong>se</strong></span> <span class='ocrx_word' id='word_1_557' title='bbox 3707 4299 3879 4382; x_wconf 88' lang='lat' dir='ltr'><strong>quod</strong></span> <span class='ocrx_word' id='word_1_558' title='bbox 3910 4319 3977 4362; x_wconf 88' lang='lat' dir='ltr'><strong>se</strong></span> 
     </span>
     <span class='ocr_line' id='line_1_84' title="bbox 2483 4397 3980 4480; baseline -0.001 -19"><span class='ocrx_word' id='word_1_559' title='bbox 2483 4399 2709 4462; x_wconf 86' lang='lat' dir='ltr'><strong>habeat</strong></span> <span class='ocrx_word' id='word_1_560' title='bbox 2755 4399 2833 4460; x_wconf 93' lang='lat' dir='ltr'><strong>ad</strong></span> <span class='ocrx_word' id='word_1_561' title='bbox 2876 4417 3063 4460; x_wconf 91' lang='lat' dir='ltr'><strong>suum</strong></span> <span class='ocrx_word' id='word_1_562' title='bbox 3107 4415 3281 4477; x_wconf 84' lang='lat' dir='ltr'><strong>esse3</strong></span> <span class='ocrx_word' id='word_1_563' title='bbox 3315 4397 3415 4459; x_wconf 87' lang='lat' dir='ltr'><strong>vel</strong></span> <span class='ocrx_word' id='word_1_564' title='bbox 3460 4397 3793 4480; x_wconf 88' lang='lat' dir='ltr'><strong>privative,</strong></span> <span class='ocrx_word' id='word_1_565' title='bbox 3827 4415 3980 4479; x_wconf 90' lang='lat' dir='ltr'><strong>quo-</strong></span> 
     </span>
     <span class='ocr_line' id='line_1_85' title="bbox 2482 4495 3975 4579; baseline -0.001 -20"><span class='ocrx_word' id='word_1_566' title='bbox 2482 4498 2654 4559; x_wconf 87' lang='lat' dir='ltr'><strong>niam</strong></span> <span class='ocrx_word' id='word_1_567' title='bbox 2685 4515 2811 4560; x_wconf 91' lang='lat' dir='ltr'><strong>non</strong></span> <span class='ocrx_word' id='word_1_568' title='bbox 2843 4497 3153 4579; x_wconf 90' lang='lat' dir='ltr'><strong>processit</strong></span> <span class='ocrx_word' id='word_1_569' title='bbox 3180 4514 3256 4557; x_wconf 87' lang='lat' dir='ltr'><strong>ex</strong></span> <span class='ocrx_word' id='word_1_570' title='bbox 3289 4495 3645 4577; x_wconf 90' lang='lat' dir='ltr'><strong>privatione</strong></span> <span class='ocrx_word' id='word_1_571' title='bbox 3674 4496 3772 4557; x_wconf 91' lang='lat' dir='ltr'><strong>sui</strong></span> <span class='ocrx_word' id='word_1_572' title='bbox 3804 4513 3975 4574; x_wconf 85' lang='lat' dir='ltr'><strong>esse3</strong></span> 
     </span>
     <span class='ocr_line' id='line_1_86' title="bbox 2480 4595 3977 4677; baseline -0.001 -19"><span class='ocrx_word' id='word_1_573' title='bbox 2480 4596 2583 4658; x_wconf 91' lang='lat' dir='ltr'><strong>vel</strong></span> <span class='ocrx_word' id='word_1_574' title='bbox 2642 4596 2953 4677; x_wconf 88' lang='lat' dir='ltr'><strong>negative,</strong></span> <span class='ocrx_word' id='word_1_575' title='bbox 3006 4595 3308 4676; x_wconf 92' lang='lat' dir='ltr'><strong>quoniam</strong></span> <span class='ocrx_word' id='word_1_576' title='bbox 3366 4613 3505 4657; x_wconf 86' lang='lat' dir='ltr'><strong>esse</strong></span> <span class='ocrx_word' id='word_1_577' title='bbox 3566 4613 3755 4657; x_wconf 88' lang='lat' dir='ltr'><strong>suum</strong></span> <span class='ocrx_word' id='word_1_578' title='bbox 3815 4613 3977 4656; x_wconf 89' lang='lat' dir='ltr'><strong>nun-</strong></span> 
     </span>
     <span class='ocr_line' id='line_1_87' title="bbox 2481 4693 3980 4777; baseline -0.001 -20"><span class='ocrx_word' id='word_1_579' title='bbox 2481 4714 2673 4776; x_wconf 90' lang='lat' dir='ltr'><strong>quam</strong></span> <span class='ocrx_word' id='word_1_580' title='bbox 2706 4695 2913 4777; x_wconf 87' lang='lat' dir='ltr'><strong>potuit</strong></span> <span class='ocrx_word' id='word_1_581' title='bbox 2942 4695 3191 4774; x_wconf 86' lang='lat' dir='ltr'><strong>negari3</strong></span> <span class='ocrx_word' id='word_1_582' title='bbox 3225 4693 3325 4755; x_wconf 91' lang='lat' dir='ltr'><strong>vel</strong></span> <span class='ocrx_word' id='word_1_583' title='bbox 3356 4693 3811 4775; x_wconf 90' lang='lat' dir='ltr'><strong>potentialiter,</strong></span> <span class='ocrx_word' id='word_1_584' title='bbox 3828 4711 3980 4774; x_wconf 88' lang='lat' dir='ltr'><strong>quo-</strong></span> 
     </span>
     <span class='ocr_line' id='line_1_88' title="bbox 2482 4791 3978 4873; baseline -0.001 -18"><span class='ocrx_word' id='word_1_585' title='bbox 2482 4793 2655 4855; x_wconf 88' lang='lat' dir='ltr'><strong>niam</strong></span> <span class='ocrx_word' id='word_1_586' title='bbox 2693 4811 2832 4855; x_wconf 92' lang='lat' dir='ltr'><strong>esse</strong></span> <span class='ocrx_word' id='word_1_587' title='bbox 2872 4811 3059 4854; x_wconf 91' lang='lat' dir='ltr'><strong>suum</strong></span> <span class='ocrx_word' id='word_1_588' title='bbox 3098 4810 3429 4873; x_wconf 88' lang='lat' dir='ltr'><strong>nunquam</strong></span> <span class='ocrx_word' id='word_1_589' title='bbox 3470 4791 3677 4873; x_wconf 85' lang='lat' dir='ltr'><strong>potuit</strong></span> <span class='ocrx_word' id='word_1_590' title='bbox 3706 4791 3978 4853; x_wconf 87' lang='lat' dir='ltr'><strong>radicari</strong></span> 
     </span>
     <span class='ocr_line' id='line_1_89' title="bbox 2483 4889 3979 4973; baseline -0.001 -20"><span class='ocrx_word' id='word_1_591' title='bbox 2483 4892 2548 4953; x_wconf 91' lang='lat' dir='ltr'><strong>in</strong></span> <span class='ocrx_word' id='word_1_592' title='bbox 2597 4891 2813 4973; x_wconf 86' lang='lat' dir='ltr'><strong>aliquo</strong></span> <span class='ocrx_word' id='word_1_593' title='bbox 2860 4897 3005 4954; x_wconf 89' lang='lat' dir='ltr'><strong>ante</strong></span> <span class='ocrx_word' id='word_1_594' title='bbox 3050 4909 3136 4952; x_wconf 91' lang='lat' dir='ltr'><strong>se.</strong></span> <span class='ocrx_word' id='word_1_595' title='bbox 3172 4890 3235 4952; x_wconf 92' lang='lat' dir='ltr'><strong>Si</strong></span> <span class='ocrx_word' id='word_1_596' title='bbox 3280 4890 3453 4952; x_wconf 90' lang='lat' dir='ltr'><strong>enim</strong></span> <span class='ocrx_word' id='word_1_597' title='bbox 3495 4889 3649 4952; x_wconf 90' lang='lat' dir='ltr'><strong>ordo</strong></span> <span class='ocrx_word' id='word_1_598' title='bbox 3694 4897 3979 4952; x_wconf 88' lang='lat' dir='ltr'><strong>maneret</strong></span> 
     </span>
     <span class='ocr_line' id='line_1_90' title="bbox 2480 4988 3978 5070; baseline -0.002 -18"><span class='ocrx_word' id='word_1_599' title='bbox 2480 4990 2863 5064; x_wconf 84' lang='lat' dir='ltr'><strong>affirmatuS,</strong></span> <span class='ocrx_word' id='word_1_600' title='bbox 2898 4998 3051 5052; x_wconf 91' lang='lat' dir='ltr'><strong>tunc</strong></span> <span class='ocrx_word' id='word_1_601' title='bbox 3079 4988 3244 5051; x_wconf 91' lang='lat' dir='ltr'><strong>nihil</strong></span> <span class='ocrx_word' id='word_1_602' title='bbox 3272 4995 3440 5050; x_wconf 86' lang='lat' dir='ltr'><strong>esset</strong></span> <span class='ocrx_word' id='word_1_603' title='bbox 3467 4996 3613 5050; x_wconf 88' lang='lat' dir='ltr'><strong>ante</strong></span> <span class='ocrx_word' id='word_1_604' title='bbox 3646 4988 3881 5070; x_wconf 91' lang='lat' dir='ltr'><strong>ipsum,</strong></span> <span class='ocrx_word' id='word_1_605' title='bbox 3915 4995 3978 5050; x_wconf 86' lang='lat' dir='ltr'><strong>et</strong></span> 
     </span>
     <span class='ocr_line' id='line_1_91' title="bbox 2484 5085 3977 5170; baseline -0.001 -20"><span class='ocrx_word' id='word_1_606' title='bbox 2484 5089 2693 5170; x_wconf 90' lang='lat' dir='ltr'><strong>ipsum</strong></span> <span class='ocrx_word' id='word_1_607' title='bbox 2726 5107 2803 5149; x_wconf 89' lang='lat' dir='ltr'><strong>ex</strong></span> <span class='ocrx_word' id='word_1_608' title='bbox 2834 5087 3038 5149; x_wconf 92' lang='lat' dir='ltr'><strong>nihilo</strong></span> <span class='ocrx_word' id='word_1_609' title='bbox 3067 5086 3497 5168; x_wconf 89' lang='lat' dir='ltr'><strong>processisset.</strong></span> <span class='ocrx_word' id='word_1_610' title='bbox 3524 5085 3797 5148; x_wconf 84' lang='lat' dir='ltr'><strong>Vocatur</strong></span> <span class='ocrx_word' id='word_1_611' title='bbox 3824 5103 3977 5166; x_wconf 87' lang='lat' dir='ltr'><strong>ergo</strong></span> 
     </span>
     <span class='ocr_line' id='line_1_92' title="bbox 2481 5184 3974 5270; baseline -0.001 -22"><span class='ocrx_word' id='word_1_612' title='bbox 2481 5188 2764 5270; x_wconf 91' lang='lat' dir='ltr'><strong>primum</strong></span> <span class='ocrx_word' id='word_1_613' title='bbox 2795 5186 3188 5269; x_wconf 92' lang='lat' dir='ltr'><strong>principium</strong></span> <span class='ocrx_word' id='word_1_614' title='bbox 3218 5184 3569 5246; x_wconf 88' lang='lat' dir='ltr'><strong>secundum</strong></span> <span class='ocrx_word' id='word_1_615' title='bbox 3605 5184 3849 5247; x_wconf 88' lang='lat' dir='ltr'><strong>ordinis</strong></span> <span class='ocrx_word' id='word_1_616' title='bbox 3880 5203 3974 5246; x_wconf 89' lang='lat' dir='ltr'><strong>ra—</strong></span> 
     </span>
     <span class='ocr_line' id='line_1_93' title="bbox 2482 5282 3977 5366; baseline -0.001 -19"><span class='ocrx_word' id='word_1_617' title='bbox 2482 5285 2745 5360; x_wconf 85' lang='lat' dir='ltr'><strong>tionem,</strong></span> <span class='ocrx_word' id='word_1_618' title='bbox 2772 5303 2849 5346; x_wconf 84' lang='lat' dir='ltr'><strong>ex</strong></span> <span class='ocrx_word' id='word_1_619' title='bbox 2880 5301 2956 5347; x_wconf 90' lang='lat' dir='ltr'><strong>eo</strong></span> <span class='ocrx_word' id='word_1_620' title='bbox 2984 5283 3153 5366; x_wconf 91' lang='lat' dir='ltr'><strong>quod</strong></span> <span class='ocrx_word' id='word_1_621' title='bbox 3183 5282 3399 5345; x_wconf 90' lang='lat' dir='ltr'><strong>omnia</strong></span> <span class='ocrx_word' id='word_1_622' title='bbox 3428 5282 3778 5344; x_wconf 89' lang='lat' dir='ltr'><strong>secundum</strong></span> <span class='ocrx_word' id='word_1_623' title='bbox 3811 5282 3977 5345; x_wconf 91' lang='lat' dir='ltr'><strong>ordi·</strong></span> 
     </span>
    </p>
   </div>
   <div class='ocr_carea' id='block_1_14' title="bbox 4305 787 4316 1099">
    <p class='ocr_par' dir='ltr' id='par_1_15' title="bbox 4305 787 4316 1099">
     <span class='ocr_line' id='line_1_94' title="bbox 4305 787 4316 1099; textangle 90"><span class='ocrx_word' id='word_1_624' title='bbox 4305 844 4316 1099; x_wconf 77' lang='lat'><strong>——-——-—-</strong></span> <span class='ocrx_word' id='word_1_625' title='bbox 4309 787 4316 811; x_wconf 62' lang='lat' dir='ltr'><strong>n„</strong></span> 
     </span>
    </p>
   </div>
  </div>
 </body>
</html>
