4334 6242
678 502 763 549 AN
804 504 1015 551 ANmAE
1054 502 1383 550 RATtoNAu
1425 500 1754 549 namnum
1797 497 2176 548 convnNuth
2219 498 2436 545 runnu·
2477 496 2644 544 nrum
2687 495 2960 553 com’om,
3001 495 3127 541 ETC.

3335 474 3446 541 111

343 671 553 746 mine,
585 680 649 733 et
688 673 865 749 alibi,
898 674 1135 756 aliique
1176 676 1465 737 doctores
1512 691 1705 753 super
1748 670 1848 732 his
1877 668 1928 732 A
1958 669 2182 731 notitia
2227 676 2289 730 et
2336 668 2606 730 aliorum
2665 667 3150 740 informatione,·
3185 665 3454 728 lectione

338 770 664 845 scribunt,
700 772 865 833 infra
906 774 1035 835 Deo
1077 780 1412 853 praestante
1458 772 1775 833 inducam.

423 868 697 942 Quidam
741 887 891 933 vero
930 870 1035 932 hic
1074 869 1375 951 grandem
1417 876 1611 949 agunt
1646 866 1851 949 inqui-

340 966 672 1042 sitionem,
710 970 863 1051 quid
909 969 991 1031 sit
1036 988 1226 1030 causa
1274 967 1727 1039 multitudiniS‚
1761 966 1851 1028 di-

342 1065 713 1129 stinctionis
752 1074 813 1129 et
851 1067 1093 1130 ordinis
1144 1085 1376 1128 rerum.
1418 1066 1509 1127 Ad
1560 1065 1728 1147 quod
1772 1082 1851 1125 ex

345 1165 719 1243 praehabitis
757 1173 927 1247 patet
961 1165 1194 1229 solutio
1228 1182 1242 1227 :
1280 1163 1696 1247 [principium
1734 1162 1852 1224 sci-

345 1260 504 1323 lieet
545 1264 975 1326 extrinsecum
1018 1272 1082 1325 et
1122 1263 1496 1326 effectivum
1544 1264 1661 1339 est]
1709 1260 1853 1322 infi-

346 1359 487 1422 nita
519 1362 829 1443 sapientia
858 1362 1154 1443 Dei‚quae
1186 1362 1482 1423 universa
1509 1367 1570 1422 et
1602 1359 1851 1439 singula

348 1460 631 1540 propriis
680 1479 753 1521 ac
798 1460 1108 1523 idealibus
1152 1459 1504 1521 rationibus
1554 1457 1849 1520 increatis

349 1558 669 1637 producit,
712 1566 776 1619 et
820 1576 1078 1620 omnem
1128 1576 1340 1619 rerum
1382 1557 1669 1619 ordinem
1718 1555 1849 1617 fon-

348 1653 565 1716 taliter
605 1674 683 1717 ex
726 1674 793 1717 se
838 1656 976 1737 ipsa
1016 1656 1311 1718 institnit.
1355 1656 1594 1717 Formas
1637 1663 1848 1717 autem

349 1753 675 1833 specificae
727 1762 876 1816 sunt
928 1755 1272 1817 intrinseca
1320 1763 1511 1837 atque
1560 1754 1853 1817 formalia

1958 786 2031 829 ac
2082 768 2314 841 studi0,
2366 775 2425 828 et
2478 767 2824 829 inhaesione
2881 785 2954 827 ac
3014 763 3455 826 immoratione

1962 866 2392 947 spiritualium
2441 865 2888 927 exercitiorum
2924 884 2937 928 :
2971 883 3008 925 a
3051 862 3286 945 quibus
3328 880 3459 925 om·

1961 963 2153 1025 nibus
2187 963 2447 1045 plurimi
2479 964 2887 1025 retrahuntur
2915 981 2990 1024 ac
3022 961 3461 1043 impediuntur

1960 1081 2036 1123 ex
2068 1061 2555 1123 necessitatibus
2591 1062 2895 1143 corporiS,
2930 1059 3282 1142 praesertim
3317 1076 3459 1139 egc-

1961 1160 2027 1221 ni
2076 1168 2266 1241 atque
2326 1160 2703 1234 mechanici,
2754 1160 2867 1242 qui
2925 1159 3093 1221 circa
3151 1157 3462 1220 exteriora

1959 1266 2295 1320 versantur
2336 1259 2606 1320 assidue.

2043 1357 2134 1418 Ad
2194 1356 2569 1429 secundum,
2621 1357 2790 1439 quod
2851 1356 3294 1418 convenientia
3347 1354 3460 1417 ali-

1964 1473 2236 1537 quorum
2284 1454 2626 1536 dupliciter
2675 1463 2881 1537 potest
2924 1454 3182 1516 attendi.
3227 1454 3457 1525 Primo,

1965 1554 2318 1614 secundum
2351 1553 2768 1634 proprietates
2800 1560 3034 1615 naturae
3055 1570 3069 1614 :
3089 1552 3302 1634 sicque
3334 1570 3463 1613 cor-

1964 1670 2085 1732 pus
2134 1660 2198 1713 et
2243 1652 2456 1713 anima
2515 1652 2790 1713 maxime
2837 1651 3091 1713 distant.
3148 1650 3457 1723 Secund0,

1965 1767 2160 1829 penes
2202 1748 2676 1831 proportionem
2715 1749 2792 1810 ad
2833 1757 3068 1822 actum,
3101 1747 3281 1809 etita
3312 1766 3458 1811 con-

352 1852 673 1933 principia
718 1852 1073 1915 essentialis
1117 1853 1544 1915 distinctionis
1586 1860 1650 1915 et
1695 1851 1853 1914 mul·
1881 1848 1927 1910 B
1965 1848 2230 1909 veniunt
2281 1865 2295 1910 ε
2349 1866 2489 1927 quae
2540 1847 2983 1910 convenientia
3033 1848 3109 1910 ad
3157 1847 3458 1909 unionem

354 1950 649 2011 titudinis
702 1968 937 2025 rerum,
990 1951 1155 2013 sicut
1202 1951 1470 2013 Thomas
1524 1951 1853 2033 potissime

354 2048 419 2108 in
471 2049 737 2111 Summa
783 2057 1001 2111 contra
1044 2049 1336 2130 gentiles,
1377 2049 1696 2123 AlbertuS,
1738 2050 1851 2111 Bo-

353 2154 706 2207 naventura
742 2164 815 2207 ac
853 2146 962 2207 alii
1004 2146 1069 2207 in
1103 2146 1367 2228 Scriptis
1406 2164 1599 2227 super
1629 2165 1851 2208 secun-

351 2244 508 2305 dum
550 2244 908 2306 ostendunt.

430 2443 523 2505 Ad
558 2442 839 2525 primum
882 2442 1076 2524 igitur
1114 2443 1649 2525 respondendum,
1683 2442 1851 2523 quod

356 2541 868 2604 intellectualitas
908 2541 1137 2604 animae
1180 2541 1503 2603 rationalis
1542 2550 1639 2603 est
1678 2548 1855 2602 natu-

356 2640 575 2702 raliter
644 2642 731 2703 ita
788 2640 1077 2715 decliviS,
1137 2641 1305 2723 quod
1368 2638 1851 2702 convenientius

358 2738 587 2819 perfici
646 2739 869 2821 nequit
921 2739 985 2800 in
1046 2738 1383 2821 adeptione
1442 2738 1723 2801 scientiae
1779 2755 1851 2799 ac

356 2838 671 2899 virtutum
715 2837 838 2899 nisi
883 2856 999 2919 per
1041 2838 1343 2899 unionem
1386 2837 1462 2899 ad
1508 2854 1759 2917 corpuS‚
1792 2842 1854 2897 et

356 2954 435 2997 ex
482 2936 844 3017 cognitione
904 2935 1206 2998 sensitiva
1263 2937 1341 2997 ad
1399 2934 1852 2997 intellectivam

1964 1945 2149 2007 istam
2194 1944 2559 2027 requiritur.

2045 2043 2226 2105 Circa
2264 2043 2397 2106 haec
2438 2042 2663 2105 scribit
2692 2044 3130 2106 Bonaventura
3163 2064 3177 2107 :
3213 2044 3280 2105 ln
3316 2060 3460 2105 con-

1958 2142 2291 2221 junctione
2330 2141 2560 2204 animae
2597 2142 2675 2203 ad
2716 2160 2946 2224 corpus
2987 2142 3159 2204 salva
3197 2149 3292 2203 est
3322 2160 3462 2223 pro-

1964 2240 2173 2321 portio
2219 2248 2282 2302 et
2331 2239 2618 2302 absolute
2665 2248 2730 2302 et
2779 2241 2842 2302 in
2903 2241 3206 2302 relatione
3257 2240 3335 2302 ad
3386 2240 3462 2301 fi-

1964 2357 2130 2400 nem.
2165 2338 2468 2400 Absolute
2505 2356 2518 2400 :
2553 2357 2701 2400 nam
2745 2340 3036 2420 quamvis
3085 2358 3462 2420 supremum

1963 2436 2228 2519 spiritus
2277 2445 2340 2498 et
2390 2436 2692 2499 infimum
2741 2438 3024 2518 corporis
3083 2437 3350 2499 multam
3398 2446 3461 2499 et

1967 2554 2258 2616 magnam
2291 2534 2563 2597 habeant
2595 2536 3080 2617 elongationem,
3114 2536 3316 2598 nihilo
3349 2536 3463 2598 mi-

1966 2654 2086 2696 nus
2121 2653 2497 2716 supremum
2536 2634 2817 2716 corporis
2847 2642 2911 2697 et
2941 2633 3240 2697 infimum
3276 2636 3461 2718 spiri·

1964 2741 2067 2795 tus
2097 2733 2441 2795 maximam
2474 2731 2709 2795 habent
2738 2732 3152 2795 vicinitatem.
3189 2733 3462 2816 Spiritus

1965 2832 2138 2893 enim
2174 2832 2499 2894 rationalis
2532 2831 2723 2893 habet
2754 2832 3102 2913 potentiam
3133 2832 3464 2894 vivifican-

1964 2930 2052 3004 di,
2086 2930 2437 3012 potentiam
2475 2930 2806 3010 vegetandi
2849 2938 2911 2992 et
2952 2930 3285 2993 sentiendi.
3323 2930 3466 2993 Cor-

360 3035 839 3115 progrediendo.
882 3035 1143 3116 Propter
1183 3035 1353 3116 quod
1394 3034 1482 3097 ait
1524 3035 1851 3107 AverrOES,
1890 3032 1936 3097 C
1967 3049 2086 3111 pus
2140 3048 2290 3092 vero
2347 3030 2700 3091 humanum
2759 3028 2948 3090 habet
3005 3029 3464 3111 complexionis

361 3134 527 3215 quod
590 3133 757 3194 sicut
815 3152 881 3195 se
941 3132 1131 3195 habet
1192 3132 1453 3194 materia
1509 3132 1575 3194 in
1632 3132 1853 3194 ordine

362 3250 597 3304 rerum,
632 3232 720 3293 ita
760 3232 975 3293 anima
1023 3231 1345 3293 rationalis
1391 3231 1456 3292 in
1500 3230 1720 3293 ordine
1765 3229 1856 3290 in·

363 3329 822 3391 tellectualium
863 3328 1381 3390 substantiarum.
1416 3329 1633 3410 Itaque
1676 3336 1854 3390 natu-

362 3428 507 3489 ralis
538 3435 635 3489 est
666 3427 821 3488 unio
846 3427 1077 3489 animae
1107 3433 1170 3488 et
1202 3426 1505 3507 corporiS,
1534 3434 1597 3487 et
1626 3445 1855 3507 corpus

362 3526 679 3589 subservit
716 3545 791 3587 ac
832 3525 1090 3607 proficit
1130 3525 1359 3588 animae
1405 3525 1471 3586 in
1512 3525 1731 3587 multis
1768 3524 1858 3586 di-

364 3632 547 3687 recte.
586 3625 679 3687 Ex
720 3624 1133 3705 consequenti
1176 3630 1384 3685 tamen
1422 3630 1486 3684 et
1523 3623 1702 3705 quasi
1745 3641 1859 3704 per

364 3724 676 3797 aecidenS,
700 3731 961 3806 propter
992 3721 1393 3801 indigentiaS,
1412 3722 1858 3803 occupationes

366 3830 429 3883 et
458 3821 963 3884 necessitudines
1004 3838 1149 3881 suas
1189 3818 1557 3901 frequenter
1598 3820 1857 3881 retrahit

364 3922 637 3983 animam
685 3920 818 3999 jam
868 3919 1312 4001 proficientem
1362 3938 1473 3981 seu
1518 3918 1859 4001 perfectam

366 4018 443 4081 ab
494 4018 803 4082 exercitio
862 4018 1197 4100 spirituali.
1261 4019 1447 4080 Porro
1507 4018 1859 4080 secundum

366 4119 609 4181 Petrum
650 4126 716 4179 et
754 4117 1098 4198 AEgidium,
1135 4117 1198 4178 in
1242 4134 1505 4199 corpore
1550 4117 1674 4180 duo
1718 4136 1861 4180 con-

1964 3127 2413 3209 aequalitatem,
2465 3145 2843 3208 organorum
2899 3127 3460 3209 multiplicitatem,

1964 3226 2309 3307 spirituum
2351 3244 2605 3307 quoque
2645 3224 3087 3300 subtilitatem,
3118 3234 3182 3287 et
3211 3227 3331 3288 hoc
3369 3245 3464 3287 se-

1966 3325 2235 3385 cundum
2284 3324 2714 3386 differentiam
2760 3324 3124 3405 triplicem:
3168 3343 3308 3386 nam
3357 3325 3464 3386 ha-

1967 3421 2073 3484 bet
2114 3423 2413 3504 spiritum
2441 3422 2724 3497 vitalem,
2759 3422 3056 3504 spiritum
3096 3423 3460 3498 animalem,

1966 3530 2029 3583 et
2072 3522 2372 3603 spiritum
2423 3521 2794 3583 naturalem.
2840 3521 3276 3604 Comparando
3315 3540 3465 3603 ergo

1968 3620 2474 3701 complexionem
2521 3620 2830 3701 aequalem
2879 3621 2956 3683 ad
3003 3621 3133 3684 vim
3183 3620 3467 3684 vivifica-

1967 3720 2164 3781 tivam
2214 3737 2328 3801 per
2375 3719 2658 3781 medium
2705 3738 2778 3781 ac
2820 3719 3152 3782 vinculum
3200 3721 3462 3802 spiritus

1969 3817 2204 3890 vitalis,
2239 3836 2440 3879 nexus
2478 3825 2574 3879 est
2614 3819 2912 3899 optimus,
2948 3818 3254 3881 Similiter
3293 3838 3462 3882 com-

1970 3917 2251 3998 parando
2291 3933 2417 3978 non
2461 3916 2668 3979 solum
2713 3916 3171 3998 complexionis
3209 3919 3463 3999 aequali-

1972 4024 2163 4077 tatem
2196 4016 2304 4077 sed
2337 4015 2528 4077 etiam
2561 4015 3094 4095 organizationem
3125 4024 3187 4077 et
3217 4017 3462 4098 organi-

1970 4113 2233 4176 zationis
2292 4112 2770 4195 perfectionem,
2821 4113 2898 4175 ad
2948 4113 3079 4174 vim
3130 4114 3464 4195 vegetandi

368 4217 739 4291 siderantur‚
773 4215 1074 4278 videlicet
1111 4215 1338 4276 vitium
1386 4223 1449 4277 et
1488 4223 1727 4278 natura.
1762 4216 1862 4277 Vi·
1891 4217 1941 4277 D
1970 4230 2042 4273 ac
2082 4212 2398 4274 sentiendi
2444 4212 2760 4273 mediante
2805 4210 3034 4293 spiritu
3079 4210 3350 4273 naturali
3392 4229 3466 4272 ac

370 4316 522 4379 tium
572 4333 703 4378 non
750 4322 848 4377 est
894 4333 931 4375 a
980 4314 1127 4387 Dec,
1175 4322 1238 4375 et
1287 4314 1574 4395 impedit.
1628 4314 1861 4376 Natura

372 4432 511 4477 vero
538 4434 576 4477 a
604 4416 736 4475 Deo
762 4422 881 4487 est,
907 4431 1024 4475 nec
1055 4412 1324 4493 impedit
1353 4412 1475 4475 nisi
1510 4414 1859 4474 secundum

372 4514 623 4575 modum
675 4519 1067 4593 praetactum.
1111 4546 1189 4557 —
1241 4512 1546 4585 Quocirca
1594 4512 1863 4574 Thomas

372 4619 431 4672 et
471 4610 712 4693 praefati
759 4630 833 4673 ac
881 4611 990 4673 alii
1041 4610 1303 4693 quidam
1352 4612 1639 4674 doctores
1688 4610 1863 4674 affir-

376 4719 561 4785 mant,
593 4710 765 4792 quod
807 4728 1037 4792 corpus
1078 4711 1284 4792 quoad
1326 4729 1506 4772 suam
1546 4720 1860 4785 naturam,

374 4826 495 4871 non
524 4809 792 4891 impedit
826 4809 1107 4871 animam
1148 4818 1459 4891 quantum
1494 4812 1571 4872 ad
1604 4812 1863 4873 modum

376 4908 720 4970 naturalem
752 4908 1225 4990 contemplandi
1259 4908 1705 4989 serviendique
1739 4910 1864 4972 Deo

377 5004 641 5069 inditum
672 5007 922 5069 animae.
943 5005 1185 5080 Quibus
1216 5006 1412 5087 objici
1446 5013 1673 5088 potest,
1696 5008 1865 5088 quod

378 5106 674 5168 naturalis
716 5106 943 5169 modus
981 5103 1453 5185 contemplandi
1483 5122 1555 5165 ac
1587 5106 1865 5167 servien-

378 5202 443 5263 di
488 5204 610 5267 Deo
656 5204 897 5267 inditus
945 5203 1197 5275 animae,
1241 5209 1336 5263 est
1386 5202 1679 5265 insistere
1729 5223 1868 5285 pro—

382 5300 566 5365 fectui
624 5302 907 5367 scientiae
954 5320 1027 5363 ac
1080 5301 1389 5362 virtutum
1438 5320 1516 5362 ex
1566 5302 1868 5365 sensit-iva

1972 4311 2255 4385 animali,
2280 4310 2521 4392 optima
2551 4317 2752 4372 exstat
2782 4310 3108 4391 proportio
3136 4316 3326 4391 atque
3355 4310 3470 4371 mi-

1970 4410 2190 4472 rabilis
2249 4427 2468 4471 nexus.
2523 4408 2698 4471 Unde
2757 4408 2924 4470 sicut
2981 4408 3162 4490 ignis'
3194 4416 3258 4471 et
3303 4415 3470 4471 terra

1974 4509 2248 4571 multum
2297 4508 2602 4569 distantes
2651 4507 2730 4569 ab
2781 4506 3080 4581 invicem,
3127 4515 3470 4569 nectuntur

1971 4607 2213 4691 duplici
2259 4606 2516 4668 medio:
2553 4623 2682 4668 uno
2725 4606 2892 4687 quod
2943 4606 3144 4687 magis
3188 4624 3470 4668 commu-

1974 4708 2142 4770 nicat
2170 4726 2318 4769 cum
2352 4712 2538 4779 terra,
2572 4712 2789 4786 utpote
2818 4721 3019 4786 aqua3
3051 4712 3112 4766 et
3141 4704 3267 4766 alio
3296 4705 3466 4786 quod

1974 4805 2175 4886 magis
2225 4823 2371 4865 cum
2425 4804 2590 4884 igne,
2637 4801 2931 4865 videlicet
2985 4820 3128 4864 aere
3177 4818 3190 4862 :
3241 4802 3326 4863 ita
3371 4809 3469 4864 est

1973 4905 2040 4966 in
2072 4903 2415 4986 proposito.
2451 4938 2531 4947 —
2557 4901 2922 4963 Attenditur
2952 4901 3104 4962 item
3146 4900 3310 4962 inter
3341 4918 3470 4963 cor-

1974 5023 2093 5085 pus
2128 5010 2192 5064 et
2224 5002 2504 5064 animam
2548 5000 2830 5082 perfecta
2863 4998 3189 5081 proportio
3220 4999 3284 5061 in
3315 4998 3470 5061 rela-

1974 5102 2144 5164 tione
2185 5101 2262 5163 ad
2307 5100 2528 5162 finem.
2561 5099 2801 5180 Nempe
2841 5117 3042 5179 quum
3083 5097 3312 5159 animae
3355 5097 3468 5159 hu-

1977 5220 2179 5263 manae
2208 5201 2352 5262 data
2383 5198 2464 5260 sit
2497 5196 2752 5259 libertas
2782 5196 3030 5258 arbitrii
3063 5195 3376 5257 vertibilis
3405 5202 3468 5258 et

1976 5297 2385 5372 revertibilis,
2419 5297 2480 5358 id
2515 5304 2631 5368 est,
2667 5302 2887 5376 potens
2929 5302 3094 5355 stare
3125 5301 3187 5355 et
3217 5294 3462 5370 cadere,
