4334 6242
622 507 821 557 &mun
868 505 1089 557 ANGEu
1132 508 1465 557 PoTuEmNT
1508 505 1797 566 PEGCARE,
1840 504 1914 552 ΕΤ
1954 505 2075 563 QUA
2119 507 2327 555 SPEClE
2369 509 2618 558 PEGGATI
2661 510 2858 570 ATQUE
2899 513 3196 569 QUALITER

3333 493 3452 561 317

358 689 873 762 praeconceptum
922 681 1001 743 ab
1052 679 1411 756 intellectu3
1452 679 1561 740 sed
1613 677 1853 740 intelle-
1881 676 1933 739 A
1962 677 2323 753 voluerunt,
2373 680 2734 743 dilexerunt
2789 690 2854 744 et
2900 683 3324 764 appetierunt,
3375 685 3454 746 ad

357 787 493 840 ctus
524 780 852 860 angelicus
883 798 1286 862 nequaquam
1318 777 1525 859 potuit
1554 777 1673 838 hoc
1705 795 1855 858 prae-

356 877 693 959 concipere
730 895 743 939 :
780 878 909 941 imo
938 878 991 938 si
1024 878 1143 939 hoc
1176 874 1724 958 praeconcepisset,
1756 892 1851 935 er-

356 983 577 1048 rasset,
610 976 831 1058 sicque
870 976 1097 1038 fuisset
1140 975 1203 1036 in
1247 993 1323 1036 eo
1360 991 1537 1036 error
1564 980 1629 1035 et
1666 990 1853 1054 poena

354 1080 500 1134 ante
532 1073 814 1155 primum
847 1092 1038 1135 suum
1069 1079 1420 1154 peccatum.
1442 1073 1856 1151 Quarta,quo-

356 1171 529 1232 niam
568 1171 837 1252 angelus
874 1189 1002 1234 non
1041 1171 1249 1252 potuit
1280 1168 1444 1232 velle
1484 1187 1551 1230 se
1592 1186 1717 1230 non
1757 1185 1852 1229 es—

356 1289 443 1332 se.
477 1270 600 1332 Sed
646 1279 999 1332 creaturam
1042 1289 1181 1332 esse
1226 1270 1352 1330 Deo
1392 1268 1724 1350 aequalem,
1758 1266 1852 1328 in-

358 1369 559 1430 cludit
589 1387 728 1430 eam
761 1387 888 1432 non
920 1388 1057 1431 esse
1092 1388 1105 1432 :
1139 1367 1291 1449 quia
1320 1385 1445 1430 non
1478 1373 1685 1448 potest
1713 1383 1853 1428 esse

358 1476 668 1540 creatura,
700 1468 825 1529 nisi
868 1466 947 1530 sit
994 1467 1283 1530 Creatore
1327 1464 1609 1528 inferior.

436 1566 1225 1648 Verumtamen‚quoniam
1258 1564 1529 1626 rationes
1562 1563 1695 1626 istae
1727 1581 1852 1626 non

357 1665 770 1738 concludunt,
822 1671 1029 1747 potest
1085 1665 1267 1727 aliter
1315 1662 1705 1746 responderi,
1758 1671 1853 1724 ut-

357 1771 525 1845 pote,
560 1764 731 1845 quod
770 1763 1031 1844 angelus
1074 1763 1278 1844 potuit
1310 1770 1608 1844 appetere
1646 1781 1853 1843 aequa·

1962 775 2419 856 perfruendum
2463 797 2558 854 ea,
2599 786 2663 841 et
2705 781 2781 842 ad
2831 780 3271 843 honorandum
3312 801 3454 844 eam

1962 871 2266 953 plenarie,
2318 883 2382 936 et
2429 884 2500 938 ut
2548 887 3075 940 conservarentur
3129 879 3210 941 ab
3258 899 3332 942 ea
3390 880 3456 943 in

1961 987 2099 1030 esse
2147 971 2223 1031 ad
2273 971 2578 1035 honorem
2627 974 3022 1056 gloriamque
3070 977 3308 1058 ipsius3
3347 997 3456 1040 an-

1960 1067 2085 1148 geli
2130 1087 2282 1131 vero
2327 1069 2532 1152 iniqui
2574 1073 2913 1135 voluerunt
2951 1082 3014 1136 et
3054 1075 3458 1156 appetierunt

1961 1165 2073 1228 Dei
2132 1167 2556 1248 aequalitatem
2617 1171 2695 1232 ad
2753 1172 3063 1234 utendum
3123 1191 3218 1248 ea,
3269 1182 3331 1235 et
3387 1181 3458 1236 ut

1963 1273 2490 1327 conservarentur
2523 1266 2601 1328 ab
2633 1269 2771 1350 ipsa
2809 1269 2887 1331 ad
2929 1271 3258 1352 proprium
3291 1289 3458 1334 com-

1966 1363 2225 1424 modum
2269 1371 2332 1425 et
2376 1363 2700 1428 honorem.
2740 1366 2866 1429 Nec
2911 1369 3078 1431 istud
3121 1368 3460 1432 intendunt

1962 1460 2164 1522 sancti
2194 1461 2404 1523 Patres
2433 1481 2509 1524 ac
2541 1464 2721 1545 probi
2755 1466 3042 1528 doctores
3071 1473 3318 1548 negare.
3341 1469 3460 1530 Ve-

1964 1578 2106 1621 rum
2158 1579 2276 1622 nec
2324 1561 2530 1642 angeli
2581 1562 2731 1626 boni
2779 1583 2898 1626 nec
2945 1566 3152 1647 angeli
3202 1567 3458 1649 reprobi

1962 1658 2370 1738 appetierunt
2398 1679 2605 1742 neque
2645 1672 2945 1744 appetere
2984 1673 3328 1746 potuerunt
3356 1667 3460 1729 de-

1965 1755 2296 1819 liberativa
2334 1758 2644 1822 electione
2682 1761 3107 1842 aequalitatem
3150 1765 3260 1826 Dei
3297 1783 3460 1830 esse-

357 1861 600 1923 litatem
661 1861 792 1923 Dei.
844 1861 1147 1923 Voluntas
1205 1878 1479 1942 namque
1528 1859 1851 1940 duplicem
1889 1854 1937 1917 B
1967 1855 2115 1930 tive,
2157 1855 2278 1918 hoc
2323 1865 2440 1930 est,
2485 1857 2572 1920 ita
2619 1860 2789 1940 quod
2837 1861 3162 1942 aequali‘tas
3206 1863 3318 1924 Dei
3366 1882 3461 1926 es—

354 1959 547 2021 habet
602 1967 817 2020 actum
872 1958 1149 2032 amandi,
1202 1958 1519 2030 videlicet,
1570 1975 1853 2019 amorem

353 2057 678 2130 amicitiae,
712 2065 772 2120 et
816 2065 1029 2119 actum
1075 2055 1566 2137 concupiscendi
1611 2056 1853 2138 aliquid

354 2164 583 2218 amato.
620 2155 697 2218 Et
724 2156 1076 2218 secundum
1110 2162 1451 2237 utrumque
1481 2162 1717 2228 actum,
1750 2155 1855 2216 ha-

356 2253 461 2315 bet
504 2261 711 2317 totum
752 2273 865 2316 ens
916 2271 1031 2335 pro
1079 2253 1349 2333 objecto,
1392 2253 1479 2315 ita
1524 2253 1692 2334 quod
1737 2253 1856 2314 sic-

357 2359 425 2413 ut
462 2353 915 2434 quodcumque
956 2372 1069 2414 ens
1114 2360 1321 2434 potest
1360 2352 1591 2434 aliquis
1634 2370 1852 2414 amans

354 2470 569 2514 amare
626 2469 841 2514 amore
898 2451 1217 2526 amicitiae,
1272 2452 1358 2513 ita
1405 2451 1853 2533 quodcumque

356 2569 469 2612 ens
519 2557 729 2632 potest
771 2549 905 2632 ipse
952 2550 1402 2632 concupiscere
1452 2549 1574 2631 ipsi
1622 2558 1849 2612 amato.

356 2648 519 2729 Ergo
582 2667 783 2730 quum
848 2647 1111 2729 angelus
1174 2648 1449 2730 potuerit
1512 2667 1579 2710 se
1641 2648 1853 2730 ipsum

354 2765 567 2808 amare
605 2764 820 2808 amore
860 2745 1177 2819 amicitiae,
1212 2745 1420 2828 potuit
1460 2745 1583 2807 sibi
1628 2764 1856 2808 concu—

355 2845 605 2927 piscere
654 2845 1104 2926 quodcumque
1164 2843 1403 2906 bonum
1459 2844 1853 2925 concupisci·

356 2944 485 3006 bile
518 2962 533 3006 :
569 2962 897 3025 quumque
927 2942 1253 3024 aequalitas
1282 2943 1393 3005 Dei
1425 2943 1503 3004 sit
1536 2943 1851 3025 quoddam

1964 1953 2316 2016 sentialiter
2361 1954 2454 2017 eis
2513 1964 2902 2039 competeret
2950 1966 3014 2021 et
3063 1960 3316 2034 inesset,
3366 1962 3459 2023 sic

1963 2050 2133 2131 quod
2176 2049 2297 2132 ipsi
2327 2070 2475 2113 vere
2514 2061 2726 2114 essent
2756 2055 2883 2117 Deo
2923 2056 3220 2137 aequales,
3253 2065 3313 2118 et
3345 2077 3460 2139 per

1963 2167 2357 2231 consequens
2387 2151 2521 2212 veri
2551 2151 2821 2215 Dii.lmo
2848 2161 2912 2215 et
2940 2173 3016 2216 ex
3049 2156 3458 2239 consequenti

1964 2266 2089 2311 non
2136 2255 2348 2310 essent
2397 2250 2610 2324 creati,
2663 2269 2779 2313 nec
2837 2253 3287 2335 dependenteS,
3339 2274 3457 2317 nec

1963 2346 2376 2426 indigentes:
2419 2349 2588 2429 quod
2631 2349 2984 2413 certissime
3027 2359 3460 2433 cognoverunt

1964 2462 2222 2525 prorsus
2259 2445 2916 2526 impossibilissimum
2946 2468 3103 2512 esse.
3129 2487 3208 2495 —
3237 2451 3326 2512 Ex
3357 2452 3456 2513 his

1966 2551 2137 2624 patet
2177 2544 2256 2605 ad
2303 2544 2425 2606 alia
2468 2545 2594 2608 duo
2638 2547 2964 2628 responsio
2999 2565 3012 2609 ε
3047 2549 3198 2629 quia
3238 2557 3310 2611 ut
3349 2549 3455 2612 ha-

1966 2639 2172 2701 bitum
2221 2648 2336 2715 est,
2382 2648 2444 2702 et
2493 2643 2556 2704 B.
2603 2642 2993 2724 Augustinus
3041 2646 3162 2709 hoc
3208 2648 3454 2724 asserit,

1965 2739 2239 2820 primum
2272 2747 2603 2820 peccatum
2633 2742 2838 2823 angeli
2869 2761 2995 2805 non
3028 2743 3145 2807 ruit
3170 2764 3287 2807 nec
3317 2765 3454 2809 esse

1964 2837 2172 2919 potuit
2200 2837 2418 2900 odium
2458 2838 2592 2914 Dei,
2627 2859 2833 2922 neque
2874 2841 3134 2915 invidia,
3168 2863 3309 2926 quae
3347 2865 3455 2908 ne-

1964 2935 2238 2998 cessario
2278 2954 2356 2997 ex
2398 2936 2753 3000 inordinato
2791 2939 2891 3000 sui
2929 2958 3144 3003 amore
3183 2949 3244 3004 et
3283 2943 3460 3005 elati·

356 3040 595 3102 bonum
629 3038 1129 3120 concupiscibile
1160 3039 1512 3101 secundum
1544 3058 1633 3113 se,
1651 3039 1855 3120 potuit
1891 3038 1935 3102 C
1965 3050 2085 3095 one
2134 3039 2500 3095 nascuntur.
2543 3035 2752 3097 Prima
2802 3056 3056 3120 quoque
3105 3038 3462 3104 inordinata

354 3137 617 3218 angelus
651 3135 809 3198 illud
840 3135 1081 3198 bonum
1114 3135 1237 3198 sibi
1269 3137 1741 3218 concupiscere.
1775 3171 1857 3181 —

358 3236 683 3307 Praeterea,
744 3235 1095 3297 secundum
1159 3234 1611 3316 Philosophum
1673 3235 1856 3296 tertio

360 3332 753 3406 Ethicorum,
786 3331 1079 3395 voluntas
1127 3339 1332 3413 potest
1382 3351 1520 3394 esse
1570 3332 1859 3414 impossi-

362 3430 589 3491 bilium
625 3447 824 3510 :ergo
868 3429 1349 3510 impossibilitas
1394 3430 1502 3492 illa
1548 3449 1673 3493 non
1721 3447 1861 3511 pro-

364 3527 537 3590 bibet
566 3527 864 3607 angelum
904 3527 1223 3610 appetisse
1265 3528 1371 3590 Dei
1408 3529 1853 3610 aequalitatem.

360 3662 437 3672 -
483 3627 771 3707 Insuper,
824 3625 1033 3705 angeli
1083 3626 1262 3706 pravi
1298 3627 1538 3688 'odiunt
1587 3629 1787 3690 Deum
1842 3647 1856 3691 :

362 3743 509 3806 ergo
556 3725 781 3787 volunt
829 3743 978 3787 eum
1029 3743 1155 3787 non
1205 3743 1382 3806 esse3
1427 3728 1598 3809 quod
1652 3735 1861 3791 tamen

364 3821 759 3905 impossibile
816 3830 911 3885 est
960 3823 1241 3887 omnino.
1298 3823 1375 3886 Et
1428 3825 1593 3889 sicut
1640 3827 1862 3889 volunt

364 3921 563 3984 Deum
603 3939 731 3984 non
762 3939 923 3996 esse,
958 3921 1045 3984 ita
1082 3931 1347 4003 possunt
1375 3923 1539 3986 velle
1579 3925 1863 3988 eminen-

366 4020 516 4081 tiam
560 4019 675 4081 Dei
718 4037 857 4081 esse
901 4019 968 4081 in
1011 4020 1155 4081 alio,
1191 4021 1354 4101 Ergo
1392 4022 1556 4084 velle
1596 4031 1861 4104 possunt

366 4137 501 4180 eam
532 4135 673 4180 esse
705 4117 769 4178 in
810 4135 877 4179 se
912 4137 927 4182 :
962 4119 1131 4199 quod
1164 4127 1261 4180 est
1290 4120 1400 4181 Dei
1434 4121 1861 4203 aequalitatem

366 4223 681 4300 appetere.
716 4251 795 4263 -
824 4216 969 4280 Haec
1014 4216 1257 4279 ScotuS.

442 4315 640 4396 Cujus
690 4315 922 4398 positio
965 4315 1219 4378 videtur
1260 4333 1519 4397 prorsus
1560 4318 1854 4381 absurda.

365 4411 573 4477 Primo
616 4413 683 4475 in
732 4414 851 4476 hoc
894 4413 1066 4494 quod
1110 4420 1199 4476 tot
1242 4413 1601 4477 solennium
1653 4417 1861 4479 docto-

366 4532 505 4576 rum
554 4513 850 4574 concordi
899 4511 1412 4575 determinationi
1463 4515 1858 4589 contradicit,

366 4611 491 4674 imo
538 4617 605 4672 et
654 4618 745 4672 tot
789 4611 1043 4672 Patrum
1092 4618 1475 4685 sanctorum,
1518 4612 1682 4674 sicut
1727 4613 1860 4694 jam

364 4710 585 4792 patuit.
641 4709 951 4784 Secundo,
1012 4709 1163 4791 quia
1218 4710 1660 4792 persuasiones
1718 4711 1861 4793 ejus

366 4809 605 4871 nullius
654 4806 889 4887 vigoris
946 4815 1131 4886 sunt3
1182 4816 1243 4869 et
1294 4808 1346 4870 si
1397 4809 1549 4889 quid
1610 4809 1862 4871 conclu—

364 4909 541 4982 dunt,
586 4924 717 5000 non
759 4914 854 4969 est
896 4907 974 4968 ad
1019 4907 1439 4988 propositum,
1482 4927 1599 4970 nec
1644 4916 1863 4970 contra

366 5013 645 5068 mentem
694 5005 1045 5068 doctorum.
1091 5005 1420 5088 Siquidem
1470 5007 1677 5088 prima
1724 5026 1862 5088 per-

365 5107 575 5168 suasio
622 5124 740 5166 sua
783 5105 905 5166 hoc
952 5104 1353 5167 solummodo
1402 5105 1645 5187 probat,
1692 5106 1859 5188 quod

366 5205 629 5285 angelus
659 5203 862 5285 potuit
892 5203 1001 5265 Dei
1028 5203 1454 5284 aequalitatem
1484 5203 1647 5266 velle
1677 5212 1862 5285 atque

368 5310 665 5386 appetere
696 5300 1013 5382 objective
1042 5319 1056 5363 :
1090 5310 1151 5363 et
1180 5302 1275 5364 sic
1302 5302 1507 5384 angeli
1538 5302 1689 5364 boni
1720 5321 1861 5365 eam

1966 3123 2258 3192 voluntas
2296 3131 2596 3211 angelicae
2627 3142 2929 3198 creaturae
2969 3153 3094 3198 non
3135 3139 3342 3218 potuit
3369 3158 3464 3201 es-

1966 3244 2034 3288 se
2064 3234 2195 3289 tam
2225 3236 2480 3301 caeca,et
2511 3230 3001 3312 impossibilium
3033 3252 3107 3295 ac
3138 3233 3468 3317 implican-

1968 3325 2129 3386 tium
2172 3343 2406 3399 rerum,
2441 3327 2607 3388 sicut
2636 3335 2700 3390 et
2731 3328 2897 3391 infra
2935 3329 3000 3391 in
3038 3331 3463 3396 solutionibus

1969 3422 2389 3504 quorumdam
2420 3433 2937 3505 argumentorum
2969 3429 3167 3509 magis
3199 3430 3459 3511 patebit.

2047 3520 2362 3602 AmpliuS,
2395 3522 2473 3583 de
2513 3521 2654 3597 hoc,
2688 3542 2768 3585 an
2812 3533 3142 3606 peccatum
3187 3527 3464 3592 Luciferi

1970 3618 2322 3681 formaliter
2370 3616 2494 3681 fuit
2541 3621 2861 3702 superbia,
2907 3623 3131 3685 scribit
3178 3625 3400 3689 Scotus
3444 3645 3459 3690 :

1971 3717 2408 3781 Communiter
2437 3718 2692 3793 dicitur,
2725 3719 2893 3802 quod
2925 3729 3254 3802 peccatum
3288 3724 3466 3788 Luci·

1969 3815 2089 3878 feri
2139 3814 2263 3877 l'uit
2312 3815 2630 3898 superbia.
2673 3817 2792 3880 Sed
2840 3819 2920 3880 ad
2968 3819 3313 3885 videndum
3358 3843 3462 3886 ve-

1972 3914 2244 3988 ritatem,
2277 3914 2486 3998 primo
2528 3921 2624 3977 est
2662 3917 3114 3980 attendendum
3160 3939 3300 4002 quae
3341 3921 3466 3985 fuit

1972 4012 2215 4075 malitia
2247 4013 2311 4076 in
2341 4013 2566 4094 angelo
2595 4013 2806 4095 primo
2837 4024 3174 4096 peccante3
3211 4019 3460 4096 deinde,

1969 4112 2046 4173 ad
2096 4112 2267 4193 quod
2323 4129 2523 4192 genus
2581 4113 2824 4195 peccati
2880 4115 3204 4196 pertinuit.
3257 4119 3466 4182 Primo

1890 4215 1939 4277 D
1970 4228 2225 4292 quoque
2275 4209 2620 4272 videndum
2669 4212 2746 4273 de
2795 4213 3016 4276 ordine
3059 4221 3318 4279 actuum
3361 4236 3466 4282 vo·

1972 4308 2254 4382 luntatiS,
2288 4308 2399 4389 qui
2437 4317 2606 4384 sunt,
2639 4309 2802 4372 velle
2836 4319 2900 4372 et
2931 4313 3116 4375 nolle.
3154 4314 3262 4376 Est
3293 4318 3466 4398 equi·

1970 4408 2114 4469 dem
2162 4407 2353 4481 nolle,
2384 4416 2564 4469 actus
2606 4409 2918 4490 positivus
2955 4411 3299 4476 voluntatis
3337 4433 3467 4498 quo

1971 4504 2134 4586 fugit
2163 4505 2673 4578 disconvenienS‚
2707 4525 2820 4568 seu
2859 4509 3061 4570 resilit
3099 4510 3180 4572 ab
3213 4511 3467 4592 objecto

1970 4602 2508 4666 disconveniente.
2544 4603 2718 4666 Velle
2757 4613 2994 4682 autem,
3027 4616 3122 4670 est
3155 4617 3332 4672 actus
3361 4629 3466 4672 vo-

1972 4701 2232 4764 luntatis
2279 4720 2408 4784 quo
2463 4710 2748 4784 acceptat
2795 4703 3118 4786 objectum
3171 4709 3466 4770 conveni·

1970 4818 2102 4861 ens.
2138 4799 2214 4861 Et
2249 4809 2345 4862 est
2381 4801 2637 4882 duplex,
2672 4809 2742 4863 ut
2773 4803 3020 4867 dicatur
3049 4805 3212 4867 velle
3251 4806 3468 4868 amici-

1970 4898 2073 4959 tiae
2104 4916 2242 4960 esse
2271 4898 2505 4979 objecti
2537 4900 2640 4960 cui
2672 4901 2815 4983 quis
2846 4901 2986 4964 vult
3014 4901 3466 4983 bonum;velle

1970 5005 2184 5060 autem
2235 4998 2766 5079 concupiscentiae
2825 5019 2963 5063 esse
3015 5000 3248 5082 objecti
3296 5003 3466 5084 quod

1972 5098 2115 5180 quis
2145 5096 2284 5159 vult
2313 5103 2540 5158 amato.
2571 5097 2971 5180 Istorumque
2999 5107 3256 5161 actuum
3296 5107 3468 5182 patet

1972 5197 2126 5258 ordo
2169 5213 2184 5258 ε
2228 5195 2530 5277 quoniam
2578 5214 2766 5259 omne
2813 5199 2983 5261 nolle
3032 5199 3466 5281 praesupponit

1976 5295 2231 5376 aliquod
2264 5293 2444 5355 velle.
2479 5294 2529 5356 A
2560 5294 2737 5357 nullo
2765 5297 3004 5379 quippe
3037 5296 3302 5378 refugio,
3335 5297 3462 5360 nisi

3510 2672 3717 2726 patln'.
